{"host":"bg8va46pgqgvtzim","time":1613144390,"event":{"mods":["BaseMod","Minty Spire (QoL Compilation)","Quick Restart","StSLib","SuperFastMode"],"gold_per_floor":[110,124,124,135,152,152,77,77,91,91,118,118,118,118,153,165,176,156,168,184,15,27,38,38,38,137,137,147,147,159,59,83,8,35,35,50,83,112,112,136,151,251,251,262,137,137,151,151,151,256,256,266,316,333,183,183,8,23,39,39,67,81,112,112,137,151,170,184,203,258,271,289,511,545,545,545,545,545,545,107,141,141],"floor_reached":83,"language":"ZHS","playtime":2938,"items_purged":["Strike_G","Strike_G","Strike_G","Infinite Blades","Survivor","Eviscerate"],"score":1921,"play_id":"3ac27c48-7fbd-460e-baa0-9954bdebe055","local_time":"20210212233950","is_ascension_mode":true,"campfire_choices":[{"data":"Crippling Poison","floor":8.0,"key":"SMITH"},{"data":"A Thousand Cuts","floor":10.0,"key":"SMITH"},{"data":"Apotheosis","floor":24.0,"key":"SMITH"},{"data":"Impatience","floor":25.0,"key":"SMITH"},{"data":"Prepared","floor":35.0,"key":"SMITH"},{"data":"Well Laid Plans","floor":43.0,"key":"SMITH"},{"data":"Expertise","floor":46.0,"key":"SMITH"},{"floor":48.0,"key":"RECALL"},{"data":"Tactician","floor":49.0,"key":"SMITH"},{"data":"Tactician","floor":60.0,"key":"SMITH"},{"data":"Calculated Gamble","floor":75,"key":"SMITH"},{"data":"After Image","floor":76,"key":"SMITH"},{"data":"PiercingWail","floor":79,"key":"SMITH"}],"circlet_count":0,"master_deck":["Neutralize","A Thousand Cuts+1","Expertise+1","Crippling Poison+1","Well Laid Plans+1","Concentrate","Impatience+1","Reflex","PiercingWail+1","Apotheosis+1","Tactician+1","Malaise+1","Reflex+1","Prepared+1","Setup+1","Blur","Prepared+1","Acrobatics","Crippling Poison","Tactician+1","Burst+1","Calculated Gamble+1","Prepared+1","After Image+1","Grand Finale","Prepared+1","Finesse"],"relics":["Ring of the Snake","Pen Nib","WingedGreaves","Gambling Chip","TungstenRod","Runic Dome","Bag of Preparation","Oddly Smooth Stone","Happy Flower","Red Mask","Calipers","Turnip","Sundial","Pandora\u0027s Box","Tingsha","War Paint","Pantograph","Blood Vial","Ice Cream","Nunchaku","Art of War","Vajra"],"acts_visited":["Exordium","TheCity","TheBeyond","TheEnding"],"potions_floor_usage":[82],"damage_taken":[{"damage":0.0,"enemies":"Cultist","floor":1.0,"turns":5.0},{"damage":0.0,"enemies":"2 Louse","floor":2.0,"turns":5.0},{"damage":0.0,"enemies":"Jaw Worm","floor":4.0,"turns":5.0},{"damage":3.0,"enemies":"2 Fungi Beasts","floor":5.0,"turns":4.0},{"damage":5.0,"enemies":"Lots of Slimes","floor":9.0,"turns":3.0},{"damage":14.0,"enemies":"Lagavulin","floor":11.0,"turns":8.0},{"damage":1.0,"enemies":"3 Sentries","floor":15.0,"turns":6.0},{"damage":3.0,"enemies":"Large Slime","floor":16.0,"turns":4.0},{"damage":0.0,"enemies":"Exordium Thugs","floor":17.0,"turns":3.0},{"damage":0.0,"enemies":"Exordium Wildlife","floor":19.0,"turns":2.0},{"damage":0.0,"enemies":"Blue Slaver","floor":20.0,"turns":1.0},{"damage":0.0,"enemies":"3 Louse","floor":22.0,"turns":3.0},{"damage":0.0,"enemies":"Exordium Wildlife","floor":23.0,"turns":3.0},{"damage":0.0,"enemies":"Hexaghost","floor":26.0,"turns":7.0},{"damage":0.0,"enemies":"3 Byrds","floor":28.0,"turns":3.0},{"damage":0.0,"enemies":"Spheric Guardian","floor":30.0,"turns":3.0},{"damage":4.0,"enemies":"Slavers","floor":34.0,"turns":3.0},{"damage":0.0,"enemies":"Centurion and Healer","floor":36.0,"turns":2.0},{"damage":0.0,"enemies":"Gremlin Leader","floor":37.0,"turns":2.0},{"damage":0.0,"enemies":"Masked Bandits","floor":38.0,"turns":2.0},{"damage":0.0,"enemies":"Shelled Parasite and Fungi","floor":41.0,"turns":1.0},{"damage":1.0,"enemies":"Colosseum Slavers","floor":42.0,"turns":2.0},{"damage":0.0,"enemies":"Colosseum Nobs","floor":42.0,"turns":2.0},{"damage":0.0,"enemies":"Snecko","floor":44.0,"turns":1.0},{"damage":0.0,"enemies":"3 Cultists","floor":47.0,"turns":3.0},{"damage":0.0,"enemies":"Collector","floor":50.0,"turns":3.0},{"damage":5.0,"enemies":"3 Darklings","floor":52.0,"turns":2.0},{"damage":0.0,"enemies":"Mind Bloom Boss Battle","floor":53.0,"turns":1.0},{"damage":0.0,"enemies":"Orb Walker","floor":54.0,"turns":1.0},{"damage":0.0,"enemies":"4 Shapes","floor":58.0,"turns":1.0},{"damage":0.0,"enemies":"Sphere and 2 Shapes","floor":59.0,"turns":1.0},{"damage":0.0,"enemies":"Reptomancer","floor":61.0,"turns":1.0},{"damage":0.0,"enemies":"3 Darklings","floor":62.0,"turns":1.0},{"damage":0.0,"enemies":"Giant Head","floor":63.0,"turns":1.0},{"damage":0,"enemies":"Jaw Worm Horde","floor":66,"turns":1},{"damage":0,"enemies":"Spire Growth","floor":67,"turns":1},{"damage":0,"enemies":"3 Darklings","floor":68,"turns":1},{"damage":0,"enemies":"Jaw Worm Horde","floor":69,"turns":1},{"damage":0,"enemies":"2 Orb Walkers","floor":70,"turns":1},{"damage":0,"enemies":"Transient","floor":71,"turns":1},{"damage":0,"enemies":"Writhing Mass","floor":72,"turns":1},{"damage":0,"enemies":"Reptomancer","floor":74,"turns":1},{"damage":0,"enemies":"Time Eater","floor":77,"turns":3},{"damage":0,"enemies":"Shield and Spear","floor":81,"turns":1},{"damage":0,"enemies":"The Heart","floor":82,"turns":3}],"seed_played":"-7630639629039790596","potions_obtained":[{"floor":1.0,"key":"AttackPotion"},{"floor":5.0,"key":"EssenceOfSteel"},{"floor":9.0,"key":"Strength Potion"},{"floor":16.0,"key":"Weak Potion"},{"floor":22.0,"key":"Dexterity Potion"},{"floor":26.0,"key":"PowerPotion"},{"floor":36.0,"key":"GhostInAJar"},{"floor":61.0,"key":"GamblersBrew"}],"is_trial":false,"path_per_floor":["M","M","?","M","M","?","$","R","M","R","E","?","T","?","E","M","M","?","M","M","$","M","M","R","R","B",null,"M","?","M","$","T","?","E","R","M","E","?","T","T","M","?","R","M","$","R","M","R","R","B",null,"M","?","M","$","?","$","M","M","R","E","M","E","T","T","M","M","M","M","?","M","M","?","E","R","R","B",null,"R","$","E","B",null],"character_chosen":"THE_SILENT","items_purchased":["Apotheosis","Finesse","Art of War"],"campfire_rested":0,"item_purchase_floors":[21,80,80],"current_hp_per_floor":[49,49,42,42,39,44,44,44,39,39,25,13,13,13,12,9,9,9,9,9,9,9,9,9,9,9,75,75,75,75,75,75,75,71,71,71,71,71,71,71,71,70,70,70,70,70,70,70,70,70,75,70,70,70,70,70,70,70,70,70,70,70,70,70,70,72,74,75,75,75,75,75,75,75,75,75,75,75,75,75,75,75],"gold":141,"neow_bonus":"THREE_RARE_CARDS","is_daily":false,"chose_seed":false,"campfire_upgraded":12,"win_rate":0.0,"timestamp":1613144390,"path_taken":["M","M","?","M","M","?","$","R","M","R","E","?","T","?","E","M","?","?","M","M","$","M","M","R","R","BOSS","M","?","M","$","?","?","E","R","?","E","?","T","T","M","?","R","M","?","R","?","R","R","BOSS","M","?","M","$","?","$","M","M","R","E","M","E","T","T","M","?","M","M","?","M","M","?","E","R","R","BOSS","R","$","E","BOSS"],"items_purchased_type":["Card","Card","Relic"],"build_version":"2020-12-22","purchased_purges":6,"victory":true,"max_hp_per_floor":[70,70,70,70,70,75,75,75,75,75,75,75,75,75,75,75,75,75,75,75,75,75,75,75,75,75,75,75,75,75,75,75,75,75,75,75,75,75,75,75,75,75,75,75,75,75,75,75,75,75,75,75,75,75,75,75,75,75,75,75,75,75,75,75,75,75,75,75,75,75,75,75,75,75,75,75,75,75,75,75,75,75],"card_choices":[{"not_picked":["Doppelganger","Burst"],"picked":"A Thousand Cuts","floor":0.0},{"not_picked":["Quick Slash","Dagger Spray"],"picked":"Expertise","floor":1.0},{"not_picked":["Backstab","Quick Slash"],"picked":"Crippling Poison","floor":2.0},{"not_picked":["Escape Plan","Setup","Backflip"],"picked":"SKIP","floor":4.0},{"not_picked":["Sucker Punch","Cloak And Dagger","Dagger Throw"],"picked":"SKIP","floor":5.0},{"not_picked":["Poisoned Stab","Dagger Throw","PiercingWail"],"picked":"SKIP","floor":9.0},{"not_picked":["Acrobatics","Sucker Punch"],"picked":"Well Laid Plans","floor":11.0},{"not_picked":["Malaise","Deflect"],"picked":"Reflex","floor":15.0},{"not_picked":["Dagger Throw","Quick Slash"],"picked":"PiercingWail","floor":16.0},{"not_picked":["Crippling Poison","Sucker Punch"],"picked":"Eviscerate","floor":17.0},{"not_picked":["Dagger Spray","Poisoned Stab","Infinite Blades"],"picked":"SKIP","floor":19.0},{"not_picked":["Flying Knee","Cloak And Dagger","Backflip"],"picked":"SKIP","floor":20.0},{"not_picked":["Blur","Flechettes","Dash"],"picked":"SKIP","floor":22.0},{"not_picked":["PiercingWail","Underhanded Strike"],"picked":"Tactician","floor":23.0},{"not_picked":["Venomology","Envenom"],"picked":"Malaise","floor":26.0},{"not_picked":["Quick Slash+1","Sucker Punch","Deflect"],"picked":"SKIP","floor":28.0},{"not_picked":["Skewer+1","Flying Knee"],"picked":"Reflex","floor":30.0},{"not_picked":["Outmaneuver+1","Poisoned Stab"],"picked":"Prepared","floor":34.0},{"not_picked":["Sucker Punch","Riddle With Holes","PiercingWail"],"picked":"SKIP","floor":36.0},{"not_picked":["Dodge and Roll+1","Backflip","Heel Hook"],"picked":"SKIP","floor":37.0},{"not_picked":["Slice+1","Phantasmal Killer","Dagger Throw"],"picked":"SKIP","floor":41.0},{"not_picked":["Dodge and Roll","Dagger Throw+1"],"picked":"Setup+1","floor":42.0},{"not_picked":["Accuracy","Bouncing Flask"],"picked":"Blur","floor":44.0},{"not_picked":["Sucker Punch","PiercingWail+1"],"picked":"Prepared+1","floor":47.0},{"not_picked":["Expertise+1","Slice+1","Quick Slash"],"picked":"SKIP","floor":52.0},{"not_picked":["Predator+1","PiercingWail"],"picked":"Calculated Gamble","floor":54.0},{"not_picked":["Heel Hook+1","Footwork","Deadly Poison"],"picked":"SKIP","floor":58.0},{"not_picked":["Underhanded Strike","Deadly Poison","Backflip+1"],"picked":"SKIP","floor":59.0},{"not_picked":["Leg Sweep","Skewer","Bouncing Flask+1"],"picked":"SKIP","floor":61.0},{"not_picked":["Bouncing Flask+1","Cloak And Dagger+1"],"picked":"Prepared+1","floor":62.0},{"not_picked":["Outmaneuver+1","Masterful Stab"],"picked":"After Image","floor":63},{"not_picked":["Cloak And Dagger","Eviscerate","Concentrate"],"picked":"SKIP","floor":66},{"not_picked":["Dagger Throw","Dodge and Roll+1","Deflect+1"],"picked":"SKIP","floor":67},{"not_picked":["Slice","Blur","Riddle With Holes+1"],"picked":"SKIP","floor":68},{"not_picked":["Well Laid Plans+1","Dagger Throw","Cloak And Dagger+1"],"picked":"SKIP","floor":69},{"not_picked":["Acrobatics","Cloak And Dagger"],"picked":"Grand Finale","floor":71},{"not_picked":["Escape Plan","Poisoned Stab+1"],"picked":"Prepared+1","floor":72},{"not_picked":["Wraith Form v2","Crippling Poison","Outmaneuver+1"],"picked":"SKIP","floor":74},{"not_picked":["Riddle With Holes+1","Noxious Fumes+1","Dagger Spray"],"picked":"SKIP","floor":81}],"player_experience":2442053,"relics_obtained":[{"floor":11.0,"key":"Pen Nib"},{"floor":13.0,"key":"Gambling Chip"},{"floor":15.0,"key":"TungstenRod"},{"floor":32.0,"key":"Bag of Preparation"},{"floor":34.0,"key":"Oddly Smooth Stone"},{"floor":37.0,"key":"Happy Flower"},{"floor":38.0,"key":"Red Mask"},{"floor":39.0,"key":"Calipers"},{"floor":42.0,"key":"Turnip"},{"floor":42.0,"key":"Sundial"},{"floor":53.0,"key":"Tingsha"},{"floor":61.0,"key":"War Paint"},{"floor":64,"key":"Pantograph"},{"floor":65,"key":"Blood Vial"},{"floor":70,"key":"Ice Cream"},{"floor":74,"key":"Nunchaku"},{"floor":81,"key":"Vajra"}],"event_choices":[{"cards_removed":["Strike_G"],"damage_healed":0.0,"max_hp_gain":0.0,"max_hp_loss":0.0,"gold_gain":0.0,"event_name":"Golden Wing","player_choice":"Card Removal","floor":3.0,"gold_loss":0.0,"damage_taken":7.0},{"damage_healed":0.0,"max_hp_gain":5.0,"max_hp_loss":0.0,"gold_gain":0.0,"event_name":"Big Fish","player_choice":"Donut","floor":6.0,"gold_loss":0.0,"damage_taken":0.0},{"damage_healed":0.0,"max_hp_gain":0.0,"max_hp_loss":0.0,"gold_gain":0.0,"event_name":"Scrap Ooze","player_choice":"Success","floor":12.0,"gold_loss":0.0,"damage_taken":12.0,"relics_obtained":["WingedGreaves"]},{"damage_healed":0.0,"max_hp_gain":0.0,"max_hp_loss":0.0,"gold_gain":0.0,"event_name":"Match and Keep!","player_choice":"2 cards matched","floor":14.0,"gold_loss":0.0,"damage_taken":0.0,"cards_obtained":["Concentrate","Impatience"]},{"damage_healed":0.0,"max_hp_gain":0.0,"max_hp_loss":0.0,"gold_gain":0.0,"event_name":"World of Goop","player_choice":"Left Gold","floor":18.0,"gold_loss":20.0,"damage_taken":0.0},{"damage_healed":0.0,"max_hp_gain":0.0,"max_hp_loss":0.0,"gold_gain":0.0,"event_name":"Upgrade Shrine","player_choice":"Upgraded","floor":29.0,"gold_loss":0.0,"damage_taken":0.0,"cards_upgraded":["Malaise"]},{"cards_removed":["Strike_G"],"damage_healed":0.0,"max_hp_gain":0.0,"max_hp_loss":0.0,"gold_gain":0.0,"event_name":"Beggar","player_choice":"Gave Gold","floor":33.0,"gold_loss":75.0,"damage_taken":0.0},{"damage_healed":0.0,"max_hp_gain":0.0,"max_hp_loss":0.0,"gold_gain":0.0,"event_name":"Masked Bandits","player_choice":"Fought Bandits","floor":38.0,"gold_loss":0.0,"damage_taken":0.0},{"damage_healed":0.0,"max_hp_gain":0.0,"max_hp_loss":0.0,"gold_gain":0.0,"event_name":"Colosseum","player_choice":"Fight","floor":42.0,"gold_loss":0.0,"damage_taken":0.0},{"damage_healed":0.0,"max_hp_gain":0.0,"max_hp_loss":0.0,"gold_gain":0.0,"event_name":"Colosseum","player_choice":"Fought Nobs","floor":42.0,"gold_loss":0.0,"damage_taken":0.0},{"damage_healed":0.0,"max_hp_gain":0.0,"max_hp_loss":0.0,"gold_gain":0.0,"event_name":"MindBloom","player_choice":"Fight","floor":53.0,"gold_loss":0.0,"damage_taken":0.0},{"damage_healed":0.0,"max_hp_gain":0.0,"max_hp_loss":0.0,"gold_gain":0.0,"event_name":"Lab","player_choice":"Got Potions","floor":56.0,"gold_loss":0.0,"damage_taken":0.0},{"damage_healed":0,"gold_gain":0,"player_choice":"Fight","damage_taken":0,"max_hp_gain":0,"max_hp_loss":0,"event_name":"Mysterious Sphere","floor":70,"gold_loss":0},{"damage_healed":0,"gold_gain":222,"player_choice":"Wore Mask","damage_taken":0,"max_hp_gain":0,"max_hp_loss":0,"event_name":"Tomb of Lord Red Mask","floor":73,"gold_loss":0}],"is_beta":false,"boss_relics":[{"not_picked":["Runic Pyramid","WristBlade"],"picked":"Runic Dome"},{"not_picked":["Sozu","Black Star"],"picked":"Pandora\u0027s Box"}],"items_purged_floors":[7,31,45,55,57,80],"is_endless":false,"potions_floor_spawned":[1,5,9,16,22,26,34,36,37,38,44,50,54,58,61,62,68,69,71,81],"ascension_level":1}}