{"host":"o0q01dgb4z8zpo6o","time":1613109543,"event":{"mods":["BaseMod","GifTheSpireLib","Minty Spire (QoL Compilation)","Relic Stats","StSLib"],"gold_per_floor":[116,133,152,152,152,190,190,190,258,294,294,314,328,52,52,142,142,166,91,116,166,182,182,226,226,295,295,140,153,153,196,196,196,196],"floor_reached":33,"language":"ENG","playtime":2133,"items_purged":["Strike_G","Strike_G"],"score":586,"play_id":"d5294e73-c97b-4cc2-9b80-f16b6eb86716","local_time":"20210211215903","is_ascension_mode":true,"campfire_choices":[{"floor":7.0,"key":"REST"},{"floor":11.0,"key":"REST"},{"floor":15.0,"key":"REST"},{"floor":23.0,"key":"REST"},{"floor":25.0,"key":"REST"},{"data":"Leg Sweep","floor":27.0,"key":"SMITH"},{"floor":30.0,"key":"REST"},{"floor":32.0,"key":"REST"}],"circlet_count":0,"master_deck":["AscendersBane","Strike_G","Defend_G","Defend_G+1","Defend_G","Defend_G","Defend_G","Survivor","Neutralize","Noxious Fumes+1","Poisoned Stab+1","Dagger Throw","Bane","Deadly Poison","Blur","Leg Sweep+1","Dagger Throw","Corpse Explosion","CurseOfTheBell","After Image+1","Deflect","Backflip","Well Laid Plans+1","Cloak And Dagger","Prepared","Terror"],"relics":["Ring of the Snake","Tingsha","Golden Idol","Art of War","InkBottle","Bottled Tornado","Dream Catcher","Calling Bell","Blood Vial","Frozen Egg 2","Thread and Needle","Strawberry","Kunai","Matryoshka"],"acts_visited":["Exordium","TheCity"],"potions_floor_usage":[],"damage_taken":[{"damage":4.0,"enemies":"Cultist","floor":1.0,"turns":4.0},{"damage":4.0,"enemies":"Jaw Worm","floor":2.0,"turns":6.0},{"damage":1.0,"enemies":"Small Slimes","floor":3.0,"turns":4.0},{"damage":29.0,"enemies":"Gremlin Nob","floor":6.0,"turns":4.0},{"damage":2.0,"enemies":"Lagavulin","floor":10.0,"turns":8.0},{"damage":6.0,"enemies":"3 Louse","floor":12.0,"turns":3.0},{"damage":0.0,"enemies":"Exordium Wildlife","floor":13.0,"turns":2.0},{"damage":9.0,"enemies":"Slime Boss","floor":16.0,"turns":7.0},{"damage":0.0,"enemies":"Spheric Guardian","floor":18.0,"turns":5.0},{"damage":5.0,"enemies":"3 Byrds","floor":20.0,"turns":4.0},{"damage":18.0,"enemies":"Shelled Parasite and Fungi","floor":22.0,"turns":6.0},{"damage":29.0,"enemies":"Slavers","floor":24.0,"turns":3.0},{"damage":24.0,"enemies":"3 Cultists","floor":29.0,"turns":5.0},{"damage":26.0,"enemies":"Gremlin Leader","floor":31.0,"turns":8.0},{"damage":74,"enemies":"Collector","floor":33,"turns":8}],"seed_played":"6888744093236110863","potions_obtained":[{"floor":1.0,"key":"Energy Potion"},{"floor":3.0,"key":"Dexterity Potion"},{"floor":12.0,"key":"DistilledChaos"},{"floor":16.0,"key":"DuplicationPotion"},{"floor":29.0,"key":"ColorlessPotion"}],"is_trial":false,"path_per_floor":["M","M","M","?","?","E","R","?","T","E","R","M","M","$","R","B",null,"M","?","M","?","M","R","E","R","T","R","$","M","R","E","R","B"],"character_chosen":"THE_SILENT","items_purchased":["Leg Sweep","Dream Catcher","Cloak And Dagger"],"campfire_rested":7,"item_purchase_floors":[14,14,28],"current_hp_per_floor":[40,36,35,35,35,6,24,6,6,4,22,16,16,16,34,25,51,53,53,50,50,34,52,32,52,52,52,52,30,50,26,46,0,0],"gold":196,"neow_bonus":"ONE_RARE_RELIC","is_daily":false,"chose_seed":false,"campfire_upgraded":1,"win_rate":0.0,"timestamp":1613109543,"path_taken":["M","M","?","?","?","E","R","?","T","E","R","?","M","$","R","BOSS","M","?","?","?","M","R","E","R","T","R","$","M","R","E","R","BOSS"],"items_purchased_type":["Card","Relic","Card"],"build_version":"2020-12-22","purchased_purges":2,"victory":false,"max_hp_per_floor":[66,66,66,60,60,60,60,60,60,60,60,60,60,60,60,60,60,60,60,60,60,60,60,67,67,67,67,67,67,67,67,67,67,67],"relic_stats":{"Blood Vial":14,"Dream Catcher":5,"counters":[15,77],"Golden Idol":74,"Tingsha":[87],"Art of War":[13],"Kunai":[3],"obtain_stats":[{"Golden Idol":4,"Tingsha":0,"Thread and Needle":17,"Bottled Tornado":10,"Frozen Egg 2":17,"Calling Bell":17,"Blood Vial":17,"Dream Catcher":14,"Matryoshka":31,"Strawberry":24,"Art of War":6,"Kunai":26,"InkBottle":9,"Ring of the Snake":0},{"Golden Idol":3,"Tingsha":0,"Thread and Needle":8,"Bottled Tornado":5,"Frozen Egg 2":8,"Calling Bell":8,"Blood Vial":8,"Dream Catcher":7,"Matryoshka":14,"Strawberry":12,"Art of War":4,"Kunai":12,"InkBottle":4,"Ring of the Snake":0},{"Golden Idol":14,"Tingsha":0,"Thread and Needle":38,"Bottled Tornado":26,"Frozen Egg 2":38,"Calling Bell":38,"Blood Vial":38,"Dream Catcher":31,"Matryoshka":69,"Strawberry":56,"Art of War":18,"Kunai":56,"InkBottle":18,"Ring of the Snake":0}],"InkBottle":[17],"Ring of the Snake":[30]},"card_choices":[{"not_picked":["Choke","Prepared"],"picked":"Noxious Fumes","floor":1.0},{"not_picked":["Cloak And Dagger","Prepared"],"picked":"Poisoned Stab","floor":2.0},{"not_picked":["Heel Hook","Dodge and Roll"],"picked":"Dagger Throw","floor":3.0},{"not_picked":["Caltrops","Expertise","Finisher"],"picked":"SKIP","floor":6.0},{"not_picked":["Unload","Endless Agony"],"picked":"Bane","floor":10.0},{"not_picked":["Accuracy","Reflex"],"picked":"Deadly Poison","floor":12.0},{"not_picked":["Dodge and Roll","Reflex"],"picked":"Blur","floor":13.0},{"not_picked":["Eviscerate","Doppelganger"],"picked":"Dagger Throw","floor":15.0},{"not_picked":["Venomology","A Thousand Cuts"],"picked":"Corpse Explosion","floor":16.0},{"not_picked":["Blade Dance","Dodge and Roll","Underhanded Strike"],"picked":"SKIP","floor":18.0},{"not_picked":["Deflect","Expertise","Quick Slash"],"picked":"SKIP","floor":20.0},{"not_picked":["Distraction","Underhanded Strike","Slice+1"],"picked":"SKIP","floor":22.0},{"not_picked":["Dash","Distraction"],"picked":"Backflip","floor":24.0},{"not_picked":["Dash","Blade Dance"],"picked":"Well Laid Plans+1","floor":25.0},{"not_picked":["Dodge and Roll","Leg Sweep"],"picked":"Prepared","floor":29.0},{"not_picked":["Skewer","Dagger Spray","Grand Finale"],"picked":"SKIP","floor":31.0},{"not_picked":["Outmaneuver","Sucker Punch"],"picked":"Terror","floor":32.0}],"player_experience":1223366,"relics_obtained":[{"floor":6.0,"key":"Art of War"},{"floor":9.0,"key":"InkBottle"},{"floor":10.0,"key":"Bottled Tornado"},{"floor":17.0,"key":"Blood Vial"},{"floor":17.0,"key":"Frozen Egg 2"},{"floor":17.0,"key":"Thread and Needle"},{"floor":24.0,"key":"Strawberry"},{"floor":26.0,"key":"Kunai"},{"floor":31.0,"key":"Matryoshka"}],"event_choices":[{"damage_healed":0.0,"max_hp_gain":0.0,"max_hp_loss":6.0,"gold_gain":0.0,"event_name":"Golden Idol","player_choice":"Lose Max HP","floor":4.0,"gold_loss":0.0,"damage_taken":0.0,"relics_obtained":["Golden Idol"]},{"damage_healed":0.0,"max_hp_gain":0.0,"max_hp_loss":0.0,"gold_gain":0.0,"event_name":"Living Wall","player_choice":"Grow","floor":5.0,"gold_loss":0.0,"damage_taken":0.0,"cards_upgraded":["Noxious Fumes"]},{"damage_healed":0.0,"max_hp_gain":0.0,"max_hp_loss":0.0,"gold_gain":0.0,"event_name":"Shining Light","player_choice":"Entered Light","floor":8.0,"gold_loss":0.0,"damage_taken":18.0,"cards_upgraded":["Defend_G","Poisoned Stab"]},{"damage_healed":0.0,"max_hp_gain":0.0,"max_hp_loss":0.0,"gold_gain":0.0,"cards_transformed":["Strike_G","Strike_G"],"event_name":"Designer","player_choice":"Transformed Cards","floor":19.0,"gold_loss":75.0,"damage_taken":0.0,"cards_obtained":["After Image","Deflect"]},{"damage_healed":0.0,"max_hp_gain":0.0,"max_hp_loss":0.0,"gold_gain":50.0,"event_name":"Nest","player_choice":"Stole From Cult","floor":21.0,"gold_loss":0.0,"damage_taken":0.0}],"is_beta":false,"boss_relics":[{"not_picked":["Empty Cage","Ring of the Serpent"],"picked":"Calling Bell"}],"items_purged_floors":[14,28],"is_endless":false,"potions_floor_spawned":[1,3,12,16,20,29],"killed_by":"Collector","ascension_level":20}}