{"host":"rhakyh2m1vy6smuu","time":1613105640,"event":{"mods":["BaseMod","Minty Spire (QoL Compilation)","StSLib","The Cursed"],"gold_per_floor":[119,133,83,102,102,142,142,92,92,135,155,170,170,190,190,319,319,335,335,335,349,274,274,274,305,305,349,349,2,45,64,64,195,195,216,216,234,298,314,327,327,365,392,417,436,5,5,5,5,5,5],"floor_reached":50,"language":"ENG","playtime":5924,"items_purged":["TheCursedMod:Strike_TheCursed"],"score":698,"play_id":"55d728c9-278f-4d02-9781-9fe88a39d463","local_time":"20210211215400","is_ascension_mode":true,"campfire_choices":[{"data":"TheCursedMod:RavingStaff","floor":7,"key":"SMITH"},{"data":"TheCursedMod:CursedBlade","floor":13,"key":"SMITH"},{"floor":15,"key":"REST"},{"data":"TheCursedMod:CircleOfAbyss","floor":24,"key":"SMITH"},{"floor":28,"key":"REST"},{"data":"TheCursedMod:CursedRelics","floor":32,"key":"SMITH"},{"floor":41,"key":"REST"},{"floor":49,"key":"RECALL"}],"circlet_count":0,"master_deck":["TheCursedMod:Strike_TheCursed","TheCursedMod:Defend_TheCursed","TheCursedMod:Defend_TheCursed","TheCursedMod:Defend_TheCursed","TheCursedMod:Defend_TheCursed","TheCursedMod:CursedWand","TheCursedMod:CleanUpWorkshop","TheCursedMod:Dregs","TheCursedMod:RavingStaff+1","TheCursedMod:Stigma","TheCursedMod:SmokeScreen","Injury","TheCursedMod:Grudge","TheCursedMod:CursedBlade+1","TheCursedMod:CircleOfAbyss+1","TheCursedMod:RapidMovement","TheCursedMod:SpreadPlague+1","TheCursedMod:FleshFromBone","TheCursedMod:StunningStrike","TheCursedMod:SpitefulStrike","TheCursedMod:CursedArmor","Shame","TheCursedMod:SpitefulPray","TheCursedMod:VitalStrike","TheCursedMod:CursedRelics+1","TheCursedMod:TroublousMinions","TheCursedMod:NeowsMight","TheCursedMod:Mangle+1","Enlightenment","TheCursedMod:Stigma+1","TheCursedMod:FleshFromBone+1","TheCursedMod:Stretching+1","TheCursedMod:OutForBlood","TheCursedMod:SpitefulPray+1","TheCursedMod:CursedAmulet+1","TheCursedMod:LuckyCharm"],"relics":["TheCursedMod:BlackMagic101","NeowsBlessing","Golden Idol","Unceasing Top","Mercury Hourglass","Lantern","Sozu","Enchiridion","Smiling Mask","Omamori","Calipers","Orichalcum","Lee\u0027s Waffle","The Courier","Calling Bell","Regal Pillow","Mummified Hand","Mango","StoneCalendar","Molten Egg 2","Thread and Needle","ClockworkSouvenir"],"acts_visited":["Exordium","TheCity","TheBeyond"],"potions_floor_usage":[6,33],"damage_taken":[{"damage":0,"enemies":"2 Louse","floor":1,"turns":1},{"damage":0,"enemies":"Jaw Worm","floor":2,"turns":1},{"damage":0,"enemies":"Small Slimes","floor":4,"turns":1},{"damage":36,"enemies":"Gremlin Nob","floor":6,"turns":6},{"damage":12,"enemies":"3 Sentries","floor":10,"turns":4},{"damage":0,"enemies":"2 Fungi Beasts","floor":11,"turns":2},{"damage":9,"enemies":"Gremlin Gang","floor":12,"turns":3},{"damage":0,"enemies":"Looter","floor":14,"turns":2},{"damage":25,"enemies":"Slime Boss","floor":16,"turns":10},{"damage":3,"enemies":"3 Byrds","floor":18,"turns":2},{"damage":0,"enemies":"Shell Parasite","floor":21,"turns":2},{"damage":20,"enemies":"Slavers","floor":25,"turns":4},{"damage":14,"enemies":"Book of Stabbing","floor":27,"turns":2},{"damage":22,"enemies":"Slavers","floor":30,"turns":3},{"damage":0,"enemies":"3 Cultists","floor":31,"turns":3},{"damage":63,"enemies":"Champ","floor":33,"turns":14},{"damage":0,"enemies":"Orb Walker","floor":35,"turns":1},{"damage":0,"enemies":"3 Darklings","floor":37,"turns":3},{"damage":7,"enemies":"2 Orb Walkers","floor":38,"turns":3},{"damage":29,"enemies":"Transient","floor":39,"turns":5},{"damage":31,"enemies":"Jaw Worm Horde","floor":40,"turns":4},{"damage":69,"enemies":"Giant Head","floor":42,"turns":7},{"damage":0,"enemies":"3 Darklings","floor":44,"turns":2},{"damage":0,"enemies":"Transient","floor":45,"turns":5},{"damage":31,"enemies":"Awakened One","floor":50,"turns":4}],"seed_played":"4788370596246416117","potions_obtained":[{"floor":2,"key":"Weak Potion"},{"floor":11,"key":"Swift Potion"},{"floor":16,"key":"FairyPotion"}],"is_trial":false,"path_per_floor":["M","M","?","M","?","E","R","$","T","E","M","M","R","M","R","B",null,"M","?","?","M","?","?","R","E","T","E","R","$","E","M","R","B",null,"M","?","M","?","M","M","R","E","T","M","M","$","?","$","R","B"],"character_chosen":"THE_CURSED","items_purchased":["TheCursedMod:CursedBlade","Lee\u0027s Waffle","TheCursedMod:CursedRelics","Thread and Needle","ClockworkSouvenir","TheCursedMod:LuckyCharm"],"campfire_rested":3,"item_purchase_floors":[8,29,29,46,46,46],"current_hp_per_floor":[75,75,75,75,75,39,39,39,39,27,27,18,18,18,40,15,75,72,56,56,56,56,56,56,36,36,22,44,82,60,60,60,24,96,96,96,96,89,60,29,72,3,3,3,3,3,27,27,27,0,0],"gold":5,"neow_bonus":"THREE_ENEMY_KILL","is_daily":false,"chose_seed":false,"campfire_upgraded":4,"win_rate":0.0,"timestamp":1613105640,"path_taken":["M","M","?","M","?","E","R","?","T","E","M","M","R","M","R","BOSS","M","?","?","?","?","?","R","E","T","E","R","$","E","M","R","BOSS","M","?","M","?","M","M","R","E","T","M","M","$","?","$","R","BOSS"],"items_purchased_type":["Card","Relic","Card","Relic","Relic","Card"],"build_version":"2020-12-22","purchased_purges":1,"victory":false,"max_hp_per_floor":[75,75,75,75,75,75,75,75,75,75,75,75,75,75,75,75,75,75,75,75,75,75,75,75,75,75,75,75,82,82,82,82,82,96,96,96,96,96,96,96,96,96,96,96,96,96,96,96,96,96,96],"card_choices":[{"not_picked":["TheCursedMod:FleshFromBone","TheCursedMod:RapidMovement"],"picked":"TheCursedMod:RavingStaff","floor":1},{"not_picked":["TheCursedMod:SpitefulPray","TheCursedMod:SmokeScreen"],"picked":"TheCursedMod:Stigma","floor":2},{"not_picked":["TheCursedMod:Grudge","TheCursedMod:TacticalStrike"],"picked":"TheCursedMod:SmokeScreen","floor":4},{"not_picked":["TheCursedMod:Torture","TheCursedMod:SurpriseAttack"],"picked":"TheCursedMod:Grudge","floor":6},{"not_picked":["TheCursedMod:TacticalStrike","TheCursedMod:Stretching"],"picked":"TheCursedMod:CircleOfAbyss","floor":10},{"not_picked":["TheCursedMod:Stigma","TheCursedMod:Grudge"],"picked":"TheCursedMod:RapidMovement","floor":11},{"not_picked":["TheCursedMod:SpitefulStrike","TheCursedMod:Mangle"],"picked":"TheCursedMod:SpreadPlague","floor":12},{"not_picked":["TheCursedMod:CursedMace","TheCursedMod:SpreadPlague"],"picked":"TheCursedMod:FleshFromBone","floor":14},{"not_picked":["TheCursedMod:AntiAging","TheCursedMod:UltimatePain"],"picked":"TheCursedMod:StunningStrike","floor":16},{"not_picked":["TheCursedMod:RavingStaff","TheCursedMod:BloodBarrier"],"picked":"TheCursedMod:SpitefulStrike","floor":18},{"not_picked":["TheCursedMod:CircleOfBlood","TheCursedMod:SurpriseAttack"],"picked":"TheCursedMod:CursedArmor","floor":21},{"not_picked":["TheCursedMod:EmpowerCircles","TheCursedMod:SpitefulStrike"],"picked":"TheCursedMod:SpitefulPray","floor":25},{"not_picked":["TheCursedMod:RapidMovement","TheCursedMod:CircleOfWindfury"],"picked":"TheCursedMod:VitalStrike","floor":27},{"not_picked":["TheCursedMod:DoubleShield+1","TheCursedMod:BlessingInDisguise","TheCursedMod:CursedMace"],"picked":"SKIP","floor":30},{"not_picked":["TheCursedMod:CursedBlade","TheCursedMod:FuryStrike"],"picked":"TheCursedMod:TroublousMinions","floor":31},{"not_picked":["TheCursedMod:DemonicPact","TheCursedMod:UltimatePain"],"picked":"TheCursedMod:NeowsMight","floor":33},{"not_picked":["TheCursedMod:ManaBullet","TheCursedMod:PrepareRite"],"picked":"TheCursedMod:Mangle+1","floor":35},{"not_picked":["Trip","Forethought"],"picked":"Enlightenment","floor":36},{"not_picked":["TheCursedMod:SpitefulStrike","TheCursedMod:FuryStrike+1"],"picked":"TheCursedMod:Stigma+1","floor":37},{"not_picked":["TheCursedMod:StingEye","TheCursedMod:ManaBullet+1"],"picked":"TheCursedMod:FleshFromBone+1","floor":38},{"not_picked":["TheCursedMod:CircleOfFlame+1","TheCursedMod:VitalStrike"],"picked":"TheCursedMod:Stretching+1","floor":39},{"not_picked":["TheCursedMod:CursedAmulet+1","TheCursedMod:Wield"],"picked":"TheCursedMod:OutForBlood","floor":40},{"not_picked":["TheCursedMod:CircleOfFlame","TheCursedMod:VitalStrike+1"],"picked":"TheCursedMod:SpitefulPray+1","floor":42},{"not_picked":["TheCursedMod:CircleOfWindfury","TheCursedMod:BloodBarrier+1","TheCursedMod:Mangle+1"],"picked":"SKIP","floor":44},{"not_picked":["TheCursedMod:CursedMace+1","TheCursedMod:CursedBlade+1"],"picked":"TheCursedMod:CursedAmulet+1","floor":45}],"player_experience":1555130,"relics_obtained":[{"floor":6,"key":"Unceasing Top"},{"floor":9,"key":"Mercury Hourglass"},{"floor":10,"key":"Lantern"},{"floor":19,"key":"Enchiridion"},{"floor":25,"key":"Omamori"},{"floor":26,"key":"Calipers"},{"floor":27,"key":"Orichalcum"},{"floor":30,"key":"The Courier"},{"floor":34,"key":"Regal Pillow"},{"floor":34,"key":"Mummified Hand"},{"floor":34,"key":"Mango"},{"floor":38,"key":"StoneCalendar"},{"floor":42,"key":"Molten Egg 2"}],"event_choices":[{"cards_removed":["TheCursedMod:Strike_TheCursed"],"damage_healed":0,"gold_gain":0,"player_choice":"Card Removal","damage_taken":0,"max_hp_gain":0,"max_hp_loss":0,"event_name":"The Cleric","floor":3,"gold_loss":50},{"damage_healed":0,"gold_gain":0,"player_choice":"Take Wound","damage_taken":0,"relics_obtained":["Golden Idol"],"max_hp_gain":0,"max_hp_loss":0,"event_name":"Golden Idol","floor":5,"gold_loss":0,"cards_obtained":["Injury"]},{"damage_healed":0,"gold_gain":0,"player_choice":"Obtained Book","damage_taken":16,"max_hp_gain":0,"max_hp_loss":0,"event_name":"Cursed Tome","floor":19,"gold_loss":0},{"damage_healed":0,"gold_gain":0,"player_choice":"Upgraded","damage_taken":0,"max_hp_gain":0,"max_hp_loss":0,"event_name":"Upgrade Shrine","floor":20,"gold_loss":0,"cards_upgraded":["TheCursedMod:SpreadPlague"]},{"cards_removed":["TheCursedMod:Strike_TheCursed"],"damage_healed":0,"gold_gain":0,"player_choice":"Gave Gold","damage_taken":0,"max_hp_gain":0,"max_hp_loss":0,"event_name":"Beggar","floor":22,"gold_loss":75},{"damage_healed":0,"gold_gain":0,"player_choice":"Stole Relic","damage_taken":0,"relics_obtained":["Smiling Mask"],"max_hp_gain":0,"max_hp_loss":0,"event_name":"Addict","floor":23,"gold_loss":0,"cards_obtained":["Shame"]},{"damage_healed":0,"gold_gain":0,"player_choice":"Memory 1","damage_taken":0,"max_hp_gain":0,"max_hp_loss":0,"event_name":"SensoryStone","floor":36,"gold_loss":0},{"damage_healed":0,"gold_gain":0,"player_choice":"Fight","damage_taken":0,"max_hp_gain":0,"max_hp_loss":0,"event_name":"Mysterious Sphere","floor":38,"gold_loss":0},{"damage_healed":24,"gold_gain":0,"player_choice":"Writhe","damage_taken":0,"max_hp_gain":0,"max_hp_loss":0,"event_name":"Winding Halls","floor":47,"gold_loss":0,"cards_obtained":["Writhe"]}],"is_beta":false,"boss_relics":[{"not_picked":["Empty Cage","SacredBark"],"picked":"Sozu"},{"not_picked":["Busted Crown","Coffee Dripper"],"picked":"Calling Bell"}],"items_purged_floors":[29],"is_endless":false,"potions_floor_spawned":[2,11,16,25,27,31,37,40,44,45],"killed_by":"Awakened One","ascension_level":4}}