{"host":"kus77a2a5wkqnr3x","time":1613126738,"event":{"mods":["AchievementEnabler","BaseMod","Jorbs\u0027s Wanderer Trilogy","Minty Spire (QoL Compilation)","StSLib"],"gold_per_floor":[227,227,238,249,249,277,277,288,288,46,74,74,23,23,23,122,122,122,62,62,62,62,62,62,62,62,62,62,62,62,62,62,62,62,62,62,62,62,62,62,62,62,62,62,62,62,62,62,62,62,62,62,17,17,17,17],"floor_reached":55,"language":"ENG","playtime":6097,"items_purged":["stsjorbsmod:Strike_Wanderer"],"score":753,"play_id":"24b9ea6a-35b1-472f-b970-207c2ddec097","local_time":"20210212044538","is_ascension_mode":false,"campfire_choices":[{"data":"stsjorbsmod:Thorns","floor":7,"key":"SMITH"},{"data":"stsjorbsmod:Will","floor":12,"key":"SMITH"},{"floor":15,"key":"REST"},{"data":"stsjorbsmod:IvoryTower","floor":23,"key":"SMITH"},{"floor":25,"key":"REST"},{"data":"stsjorbsmod:FlameWard","floor":30,"key":"SMITH"},{"floor":32,"key":"RECALL"},{"data":"stsjorbsmod:MageArmor","floor":40,"key":"SMITH"},{"data":"stsjorbsmod:Mania","floor":44,"key":"SMITH"},{"data":"Madness","floor":49,"key":"SMITH"},{"data":"Madness","floor":52,"key":"SMITH"}],"circlet_count":0,"master_deck":["stsjorbsmod:ForbiddenGrimoire+1","stsjorbsmod:Strike_Wanderer","stsjorbsmod:Defend_Wanderer","stsjorbsmod:FreshAdventure","stsjorbsmod:EyeOfTheStorm","stsjorbsmod:Thorns+1","stsjorbsmod:FlameWard+1","stsjorbsmod:Will+1","stsjorbsmod:BlackTentacles","stsjorbsmod:BurningFlask","stsjorbsmod:LocateObject+1","stsjorbsmod:Prestidigitation+1","stsjorbsmod:Prestidigitation+1","stsjorbsmod:Materialize+1","stsjorbsmod:ArcaneForm+1","stsjorbsmod:Channel+1","stsjorbsmod:MistyStep+1","stsjorbsmod:IvoryTower+1","stsjorbsmod:Mania+1","stsjorbsmod:SchoolsOfMagic+1","stsjorbsmod:Hurt","stsjorbsmod:BlackTentacles+1","stsjorbsmod:Introspection+1","stsjorbsmod:Withering","Parasite","stsjorbsmod:MageArmor+1","stsjorbsmod:Index+1","Doubt","Madness+1","Madness+1","stsjorbsmod:UnseenServant+1","stsjorbsmod:Hibernate"],"relics":["stsjorbsmod:GrimoireRelic","Anchor","Frozen Egg 2","PreservedInsect","Ectoplasm","Bottled Tornado","Singing Bowl","Empty Cage","CaptainsWheel","Pear","Letter Opener","Kunai"],"acts_visited":["Exordium","TheCity","TheBeyond","TheEnding"],"potions_floor_usage":[55,55,55],"damage_taken":[{"damage":0,"enemies":"Small Slimes","floor":1,"turns":5},{"damage":2,"enemies":"Jaw Worm","floor":3,"turns":5},{"damage":0,"enemies":"Cultist","floor":4,"turns":4},{"damage":31,"enemies":"Gremlin Nob","floor":6,"turns":5},{"damage":2,"enemies":"Large Slime","floor":8,"turns":5},{"damage":7,"enemies":"Blue Slaver","floor":11,"turns":5},{"damage":17,"enemies":"The Guardian","floor":16,"turns":9},{"damage":0,"enemies":"3 Byrds","floor":18,"turns":5},{"damage":8,"enemies":"2 Thieves","floor":19,"turns":4},{"damage":0,"enemies":"Snake Plant","floor":20,"turns":6},{"damage":23,"enemies":"Centurion and Healer","floor":21,"turns":7},{"damage":27,"enemies":"Snecko","floor":24,"turns":7},{"damage":0,"enemies":"Shelled Parasite and Fungi","floor":27,"turns":5},{"damage":0,"enemies":"Centurion and Healer","floor":28,"turns":5},{"damage":0,"enemies":"Book of Stabbing","floor":29,"turns":4},{"damage":0,"enemies":"Snake Plant","floor":31,"turns":4},{"damage":44,"enemies":"Collector","floor":33,"turns":8},{"damage":8,"enemies":"3 Darklings","floor":35,"turns":6},{"damage":3,"enemies":"Orb Walker","floor":36,"turns":4},{"damage":3,"enemies":"Writhing Mass","floor":38,"turns":5},{"damage":14,"enemies":"Jaw Worm Horde","floor":39,"turns":3},{"damage":47,"enemies":"Giant Head","floor":41,"turns":7},{"damage":8,"enemies":"Maw","floor":46,"turns":6},{"damage":11,"enemies":"Nemesis","floor":47,"turns":6},{"damage":8,"enemies":"3 Darklings","floor":48,"turns":5},{"damage":46,"enemies":"Awakened One","floor":50,"turns":10},{"damage":83,"enemies":"Shield and Spear","floor":54,"turns":7},{"damage":34,"enemies":"The Heart","floor":55,"turns":3}],"seed_played":"-4309176517995834912","potions_obtained":[{"floor":3,"key":"Swift Potion"},{"floor":6,"key":"FearPotion"},{"floor":11,"key":"stsjorbsmod:LiquidVirtue"},{"floor":35,"key":"LiquidBronze"},{"floor":46,"key":"stsjorbsmod:LiquidClarity"}],"is_trial":false,"path_per_floor":["M","?","M","M","T","E","R","M","T","$","M","R","$","$","R","B",null,"M","M","M","M","?","R","M","R","T","M","M","E","R","M","R","B",null,"M","M","?","M","M","R","E","?","T","R","?","M","E","M","R","B",null,"R","$","E","B"],"character_chosen":"WANDERER","items_purchased":["PreservedInsect","stsjorbsmod:Prestidigitation+1","stsjorbsmod:Materialize","stsjorbsmod:Hibernate"],"campfire_rested":2,"item_purchase_floors":[10,10,13,53],"current_hp_per_floor":[72,72,72,72,72,41,41,41,41,41,37,37,37,37,58,41,72,72,69,72,49,49,49,22,43,43,51,59,68,68,74,74,32,76,76,78,78,80,72,72,25,80,90,90,79,78,77,77,77,31,94,94,94,13,0,0],"gold":17,"neow_bonus":"HUNDRED_GOLD","is_daily":false,"chose_seed":false,"campfire_upgraded":8,"win_rate":0.0,"timestamp":1613126738,"path_taken":["M","?","M","M","?","E","R","M","T","$","M","R","?","$","R","BOSS","M","M","M","M","?","R","M","R","T","M","M","E","R","M","R","BOSS","M","M","?","M","?","R","E","?","T","R","?","M","E","M","R","BOSS","R","$","E","BOSS"],"items_purchased_type":["Relic","Card","Card","Card"],"build_version":"2020-12-22","purchased_purges":1,"victory":false,"max_hp_per_floor":[72,72,72,72,72,72,72,72,72,72,72,72,72,72,72,72,72,72,72,72,72,72,72,72,72,72,72,72,74,74,74,74,76,76,76,78,78,80,80,80,80,80,90,90,90,90,92,94,94,94,94,94,94,96,96,96],"card_choices":[{"not_picked":["stsjorbsmod:ChainLightning","stsjorbsmod:Hurt"],"picked":"stsjorbsmod:Thorns","floor":1},{"not_picked":["stsjorbsmod:Index","stsjorbsmod:Counterspell"],"picked":"stsjorbsmod:Will","floor":3},{"not_picked":["stsjorbsmod:Inferno","stsjorbsmod:SchoolsOfMagic"],"picked":"stsjorbsmod:BlackTentacles","floor":4},{"not_picked":["stsjorbsmod:IvoryTower","stsjorbsmod:MagicMissiles"],"picked":"stsjorbsmod:BurningFlask","floor":6},{"not_picked":["stsjorbsmod:TrueStrike","stsjorbsmod:WanderingMind"],"picked":"stsjorbsmod:LocateObject","floor":8},{"not_picked":["stsjorbsmod:ChainLightning","stsjorbsmod:RefuseToForget"],"picked":"stsjorbsmod:Prestidigitation+1","floor":11},{"not_picked":["stsjorbsmod:GatherPower","stsjorbsmod:Withdraw"],"picked":"stsjorbsmod:ArcaneForm+1","floor":16},{"not_picked":["stsjorbsmod:AnimateObjects","stsjorbsmod:DisguiseSelf"],"picked":"stsjorbsmod:Channel+1","floor":18},{"not_picked":["stsjorbsmod:RayOfFrost+1","stsjorbsmod:BurningFlask","stsjorbsmod:DoubleCheck"],"picked":"SKIP","floor":19},{"not_picked":["stsjorbsmod:Materialize","stsjorbsmod:DisguiseSelf"],"picked":"stsjorbsmod:MistyStep","floor":20},{"not_picked":["stsjorbsmod:MistyStep","stsjorbsmod:DisguiseSelf","stsjorbsmod:RayOfFrost"],"picked":"SKIP","floor":21},{"not_picked":["stsjorbsmod:WanderingMind","stsjorbsmod:HedgeWizard"],"picked":"stsjorbsmod:SchoolsOfMagic+1","floor":24},{"not_picked":["stsjorbsmod:ChainLightning","stsjorbsmod:Materialize+1","stsjorbsmod:DisguiseSelf"],"picked":"SKIP","floor":27},{"not_picked":["stsjorbsmod:Mania","stsjorbsmod:SmithingStrike"],"picked":"stsjorbsmod:Hurt","floor":28},{"not_picked":["stsjorbsmod:Index","stsjorbsmod:Pyromancy+1","stsjorbsmod:LocateObject+1"],"picked":"Singing Bowl","floor":29},{"not_picked":["stsjorbsmod:WanderingMind+1","stsjorbsmod:Index"],"picked":"stsjorbsmod:BlackTentacles+1","floor":31},{"not_picked":["stsjorbsmod:CorrodingBarrier","stsjorbsmod:PurgeMind","stsjorbsmod:Entangle+1"],"picked":"Singing Bowl","floor":33},{"not_picked":["stsjorbsmod:DoubleCheck","stsjorbsmod:Patron+1"],"picked":"stsjorbsmod:Introspection+1","floor":35},{"not_picked":["stsjorbsmod:Hurt+1","stsjorbsmod:ArcaneWeapon+1","stsjorbsmod:Prepare"],"picked":"Singing Bowl","floor":36},{"not_picked":["stsjorbsmod:Rest+1","stsjorbsmod:FranticSearch","stsjorbsmod:ScorchingRay"],"picked":"Singing Bowl","floor":38},{"not_picked":["stsjorbsmod:HedgeWizard+1","stsjorbsmod:ChainLightning"],"picked":"stsjorbsmod:MageArmor","floor":39},{"not_picked":["stsjorbsmod:DoubleCheck+1","stsjorbsmod:Materialize+1"],"picked":"stsjorbsmod:Index+1","floor":41},{"not_picked":["stsjorbsmod:MagicMirror+1","stsjorbsmod:Message"],"picked":"stsjorbsmod:UnseenServant+1","floor":46},{"not_picked":["stsjorbsmod:Hibernate","stsjorbsmod:AnimateObjects+1","stsjorbsmod:DisguiseSelf"],"picked":"Singing Bowl","floor":47},{"not_picked":["stsjorbsmod:Pyromancy+1","stsjorbsmod:Index+1","stsjorbsmod:ArcaneWeapon+1"],"picked":"Singing Bowl","floor":48},{"not_picked":["stsjorbsmod:WeightOfMemory+1","stsjorbsmod:BookOfTongues+1","stsjorbsmod:BurningFlask+1"],"picked":"Singing Bowl","floor":54}],"player_experience":74265,"relics_obtained":[{"floor":6,"key":"Anchor"},{"floor":9,"key":"Frozen Egg 2"},{"floor":26,"key":"Bottled Tornado"},{"floor":29,"key":"Singing Bowl"},{"floor":41,"key":"CaptainsWheel"},{"floor":43,"key":"Pear"},{"floor":47,"key":"Letter Opener"},{"floor":54,"key":"Kunai"}],"event_choices":[{"damage_healed":0,"gold_gain":0,"cards_transformed":["stsjorbsmod:Defend_Wanderer"],"player_choice":"Change","damage_taken":0,"max_hp_gain":0,"max_hp_loss":0,"event_name":"Living Wall","floor":2,"gold_loss":0,"cards_obtained":["stsjorbsmod:FlameWard"]},{"damage_healed":0,"gold_gain":0,"cards_transformed":["stsjorbsmod:Strike_Wanderer","stsjorbsmod:Defend_Wanderer"],"player_choice":"Became Test Subject","damage_taken":0,"max_hp_gain":0,"max_hp_loss":0,"event_name":"Drug Dealer","floor":22,"gold_loss":0,"cards_obtained":["stsjorbsmod:IvoryTower","stsjorbsmod:Mania"]},{"damage_healed":0,"gold_gain":0,"player_choice":"1 cards matched","damage_taken":0,"max_hp_gain":0,"max_hp_loss":0,"event_name":"Match and Keep!","floor":37,"gold_loss":0,"cards_obtained":["stsjorbsmod:Withering"]},{"damage_healed":55,"gold_gain":0,"player_choice":"Heal","damage_taken":0,"max_hp_gain":0,"max_hp_loss":0,"event_name":"MindBloom","floor":42,"gold_loss":0,"cards_obtained":["Doubt"]},{"damage_healed":0,"gold_gain":0,"player_choice":"Embrace Madness","damage_taken":11,"max_hp_gain":0,"max_hp_loss":0,"event_name":"Winding Halls","floor":45,"gold_loss":0,"cards_obtained":["Madness","Madness"]}],"is_beta":false,"boss_relics":[{"not_picked":["Cursed Key","Snecko Eye"],"picked":"Ectoplasm"},{"not_picked":["Philosopher\u0027s Stone","Tiny House"],"picked":"Empty Cage"}],"items_purged_floors":[10],"is_endless":false,"potions_floor_spawned":[3,6,11,16,20,24,27,31,35,39,46,48,54],"killed_by":"The Heart","ascension_level":0}}