{"host":"88sw61cmk1203zgj","time":1613107581,"event":{"mods":["BaseMod","Minty Spire (QoL Compilation)"],"gold_per_floor":[109,120,131,131,131,163,163,175,175,175,205,205,205,12,12,88,88,101,113,113,113,113,113,144,67,118,118,151,161,161,171,171,243,243,263,275,292,192,192,192,221,221,221,221,25,35,64,82,82,82,82,82,1,31,31,31],"floor_reached":55,"language":"ENG","playtime":3958,"items_purged":["Strike_G","Defend_G","Strike_G"],"score":1367,"play_id":"ca678f24-3e26-41dc-aa6f-bb56877bf147","local_time":"20210212002621","is_ascension_mode":true,"campfire_choices":[{"data":"A Thousand Cuts","floor":7.0,"key":"SMITH"},{"floor":10.0,"key":"REST"},{"floor":13.0,"key":"REST"},{"data":"Blade Dance","floor":15.0,"key":"SMITH"},{"data":"Reflex","floor":23.0,"key":"SMITH"},{"data":"Accuracy","floor":27.0,"key":"SMITH"},{"floor":32.0,"key":"REST"},{"data":"Envenom","floor":40.0,"key":"SMITH"},{"floor":42.0,"key":"RECALL"},{"data":"Catalyst","floor":49,"key":"SMITH"},{"data":"Noxious Fumes","floor":52,"key":"SMITH"}],"circlet_count":0,"master_deck":["AscendersBane","Defend_G+1","Defend_G","Defend_G+1","Survivor","Neutralize","Dagger Throw","Crippling Poison","A Thousand Cuts+1","Underhanded Strike","Reflex+1","Die Die Die","Blade Dance+1","Accuracy+1","Tools of the Trade","Blade Dance+1","Prepared+1","Adrenaline+1","Slice+1","Backflip","Decay","Ghostly","Ghostly","Ghostly","Ghostly","Ghostly","Noxious Fumes+1","Accuracy","Envenom+1","Backflip","Expertise","Blur","Corpse Explosion","Setup","Catalyst+1","Blade Dance","Dark Shackles","After Image"],"relics":["Philosopher\u0027s Stone","MealTicket","Blue Candle","Unceasing Top","Astrolabe","Snake Skull","Potion Belt","Cursed Key","Bag of Marbles"],"acts_visited":["Exordium","TheCity","TheBeyond","TheEnding"],"potions_floor_usage":[55,55,55],"damage_taken":[{"damage":0.0,"enemies":"2 Louse","floor":1.0,"turns":4.0},{"damage":0.0,"enemies":"Small Slimes","floor":2.0,"turns":5.0},{"damage":0.0,"enemies":"Cultist","floor":3.0,"turns":4.0},{"damage":29.0,"enemies":"Lagavulin","floor":6.0,"turns":11.0},{"damage":2.0,"enemies":"Blue Slaver","floor":8.0,"turns":4.0},{"damage":25.0,"enemies":"Gremlin Nob","floor":11.0,"turns":5.0},{"damage":30.0,"enemies":"Slime Boss","floor":16.0,"turns":8.0},{"damage":5.0,"enemies":"Chosen","floor":18.0,"turns":3.0},{"damage":0.0,"enemies":"Spheric Guardian","floor":19.0,"turns":2.0},{"damage":0.0,"enemies":"Snake Plant","floor":20.0,"turns":2.0},{"damage":4.0,"enemies":"Gremlin Leader","floor":24.0,"turns":5.0},{"damage":2.0,"enemies":"Slavers","floor":28.0,"turns":5.0},{"damage":13.0,"enemies":"Shelled Parasite and Fungi","floor":29.0,"turns":4.0},{"damage":3.0,"enemies":"Centurion and Healer","floor":31.0,"turns":4.0},{"damage":3.0,"enemies":"Automaton","floor":33.0,"turns":6.0},{"damage":1.0,"enemies":"3 Shapes","floor":35.0,"turns":4.0},{"damage":2.0,"enemies":"Orb Walker","floor":36.0,"turns":4.0},{"damage":1.0,"enemies":"Jaw Worm Horde","floor":37.0,"turns":3.0},{"damage":0.0,"enemies":"Reptomancer","floor":41.0,"turns":5.0},{"damage":1,"enemies":"Spire Growth","floor":46,"turns":5},{"damage":1,"enemies":"Nemesis","floor":47,"turns":5},{"damage":4,"enemies":"Writhing Mass","floor":48,"turns":6},{"damage":7,"enemies":"Time Eater","floor":50,"turns":7},{"damage":3,"enemies":"Shield and Spear","floor":54,"turns":5},{"damage":37,"enemies":"The Heart","floor":55,"turns":9}],"seed_played":"3945978893683812360","potions_obtained":[{"floor":6.0,"key":"EntropicBrew"},{"floor":11.0,"key":"Fire Potion"},{"floor":18.0,"key":"PowerPotion"},{"floor":29.0,"key":"Dexterity Potion"},{"floor":41.0,"key":"EssenceOfSteel"},{"floor":46,"key":"FearPotion"}],"is_trial":false,"path_per_floor":["M","M","M","?","?","E","R","M","T","R","E","?","R","$","R","B",null,"M","M","M","?","?","R","E","$","T","R","E","M","?","M","R","B",null,"M","M","M","$","?","R","E","R","T","?","$","M","E","M","R","B",null,"R","$","E","B"],"character_chosen":"THE_SILENT","items_purchased":["Blade Dance","Accuracy","Noxious Fumes","Setup","Dark Shackles"],"campfire_rested":3,"item_purchase_floors":[14,14,25,45,53],"current_hp_per_floor":[63,63,63,68,53,24,24,22,22,44,19,19,41,56,56,26,63,58,58,58,58,37,37,33,37,37,37,35,22,16,13,24,21,33,32,30,29,37,37,37,37,37,37,37,37,36,35,31,31,24,34,34,37,34,0,0],"gold":31,"neow_bonus":"BOSS_RELIC","is_daily":false,"chose_seed":false,"campfire_upgraded":7,"win_rate":0.0,"timestamp":1613107581,"path_taken":["M","M","M","?","?","E","R","M","T","R","E","?","R","$","R","BOSS","M","M","?","?","?","R","E","?","T","R","E","M","?","?","R","BOSS","M","M","M","$","?","R","E","R","T","?","$","M","E","?","R","BOSS","R","$","E","BOSS"],"items_purchased_type":["Card","Card","Card","Card","Card"],"build_version":"2020-12-22","purchased_purges":3,"victory":false,"max_hp_per_floor":[70,70,70,75,75,75,75,75,75,75,75,75,75,75,75,75,75,75,75,75,75,37,37,37,37,37,37,37,37,37,37,37,37,37,37,37,37,37,37,37,37,37,37,37,37,37,37,37,37,37,37,37,37,37,37,37],"card_choices":[{"not_picked":["Slice","Poisoned Stab"],"picked":"Dagger Throw","floor":1.0},{"not_picked":["Dagger Throw","All Out Attack"],"picked":"Crippling Poison","floor":2.0},{"not_picked":["Prepared","Flechettes","Slice"],"picked":"SKIP","floor":3.0},{"not_picked":["Dodge and Roll","Calculated Gamble"],"picked":"A Thousand Cuts","floor":6.0},{"not_picked":["Caltrops","Expertise"],"picked":"Underhanded Strike","floor":8.0},{"not_picked":["Footwork","Setup"],"picked":"Reflex","floor":11.0},{"not_picked":["A Thousand Cuts","Glass Knife"],"picked":"Tools of the Trade","floor":16.0},{"not_picked":["Underhanded Strike","Eviscerate"],"picked":"Slice+1","floor":18.0},{"not_picked":["Dodge and Roll","Blur"],"picked":"Backflip","floor":19.0},{"not_picked":["Crippling Poison","Heel Hook","Deadly Poison"],"picked":"SKIP","floor":24.0},{"not_picked":["Heel Hook+1","Wraith Form v2","Concentrate+1"],"picked":"SKIP","floor":28.0},{"not_picked":["Prepared","Concentrate","All Out Attack"],"picked":"SKIP","floor":29.0},{"not_picked":["Bane","Blade Dance"],"picked":"Accuracy","floor":31.0},{"not_picked":["Night Terror","Burst"],"picked":"Envenom","floor":33.0},{"not_picked":["Blade Dance","Deflect"],"picked":"Backflip","floor":35.0},{"not_picked":["Underhanded Strike+1","Skewer","Deflect"],"picked":"SKIP","floor":36.0},{"not_picked":["Slice","Dash"],"picked":"Expertise","floor":37.0},{"not_picked":["Deflect","Distraction"],"picked":"Blur","floor":41.0},{"not_picked":["Flying Knee","Flechettes+1","Finisher"],"picked":"SKIP","floor":46},{"not_picked":["Dash","Dagger Throw"],"picked":"Catalyst","floor":47},{"not_picked":["Footwork","Outmaneuver"],"picked":"Blade Dance","floor":48},{"not_picked":["Predator","Underhanded Strike+1"],"picked":"After Image","floor":54}],"player_experience":1578474,"relics_obtained":[{"floor":6.0,"key":"MealTicket"},{"floor":9.0,"key":"Blue Candle"},{"floor":11.0,"key":"Unceasing Top"},{"floor":24.0,"key":"Snake Skull"},{"floor":28.0,"key":"Potion Belt"},{"floor":41.0,"key":"Bag of Marbles"}],"event_choices":[{"damage_healed":0.0,"max_hp_gain":5.0,"max_hp_loss":0.0,"gold_gain":0.0,"event_name":"Big Fish","player_choice":"Donut","floor":4.0,"gold_loss":0.0,"damage_taken":0.0},{"damage_healed":0.0,"max_hp_gain":0.0,"max_hp_loss":0.0,"gold_gain":0.0,"event_name":"Shining Light","player_choice":"Entered Light","floor":5.0,"gold_loss":0.0,"damage_taken":15.0,"cards_upgraded":["Defend_G","Defend_G"]},{"damage_healed":0.0,"max_hp_gain":0.0,"max_hp_loss":0.0,"gold_gain":0.0,"event_name":"Match and Keep!","player_choice":"1 cards matched","floor":12.0,"gold_loss":0.0,"damage_taken":0.0,"cards_obtained":["Die Die Die"]},{"damage_healed":0.0,"max_hp_gain":0.0,"max_hp_loss":0.0,"gold_gain":0.0,"event_name":"Forgotten Altar","player_choice":"Smashed Altar","floor":21.0,"gold_loss":0.0,"damage_taken":0.0,"cards_obtained":["Decay"]},{"damage_healed":0.0,"max_hp_gain":0.0,"max_hp_loss":38.0,"gold_gain":0.0,"event_name":"Ghosts","player_choice":"Became a Ghost","floor":22.0,"gold_loss":0.0,"damage_taken":0.0,"cards_obtained":["Ghostly","Ghostly","Ghostly","Ghostly","Ghostly"]},{"damage_healed":0.0,"max_hp_gain":0.0,"max_hp_loss":0.0,"gold_gain":0.0,"event_name":"Knowing Skull","player_choice":"","floor":30.0,"potions_obtained":[],"gold_loss":0.0,"damage_taken":6.0,"cards_obtained":[]},{"damage_healed":0.0,"max_hp_gain":0.0,"max_hp_loss":0.0,"gold_gain":0.0,"event_name":"Tomb of Lord Red Mask","player_choice":"Ignored","floor":39.0,"gold_loss":0.0,"damage_taken":0.0},{"damage_healed":0.0,"max_hp_gain":0.0,"max_hp_loss":0.0,"gold_gain":0.0,"cards_transformed":["Strike_G"],"event_name":"Transmorgrifier","player_choice":"Transformed","floor":44.0,"gold_loss":0.0,"damage_taken":0.0,"cards_obtained":["Corpse Explosion"]}],"is_beta":false,"boss_relics":[{"not_picked":["Busted Crown","Black Star"],"picked":"Astrolabe"},{"not_picked":["SacredBark","Calling Bell"],"picked":"Cursed Key"}],"items_purged_floors":[14,38,45],"is_endless":false,"potions_floor_spawned":[6,11,16,18,20,29,41,46],"killed_by":"The Heart","ascension_level":13}}