{"host":"s24sb66hw4a4sfft","time":1613099064,"event":{"mods":["AchievementEnabler","BaseMod","Colored Map","Colored Powertips","Googly Eyes","Hermit","Hubris","Minty Spire (QoL Compilation)","Quick Restart","Shop Mod","StSLib"],"gold_per_floor":[112,112,131,143,113,113,143,155,180,180,180,355,126,155,155,234,234,251,79,79,79,89,89,89],"floor_reached":23,"language":"ENG","playtime":821,"items_purged":["Doubt","Strike_G"],"score":335,"play_id":"9bba5a42-5fc6-41cb-8ed2-b5c407500913","local_time":"20210211220424","is_ascension_mode":true,"campfire_choices":[{"data":"Deadly Poison","floor":6,"key":"SMITH"},{"floor":10,"key":"REST"},{"floor":15,"key":"REST"}],"circlet_count":0,"master_deck":["AscendersBane","Strike_G","Strike_G","Strike_G","Defend_G","Defend_G","Defend_G","Defend_G","Defend_G","Survivor","Neutralize","Cloak And Dagger","Dagger Spray","Deadly Poison+1","Masterful Stab","Prepared","Riddle With Holes","Adrenaline+1","CurseOfTheBell","Dagger Spray+1","Noxious Fumes","Shame","Backstab"],"relics":["Ring of the Snake","NeowsBlessing","Akabeko","hubris:OldNail","hubris:Towel","hubris:TenFootPole","Ginger","Calling Bell","Nunchaku","Blue Candle","Pocketwatch","Toxic Egg 2"],"acts_visited":["Exordium","TheCity"],"potions_floor_usage":[7,7,22],"damage_taken":[{"damage":0,"enemies":"Small Slimes","floor":1,"turns":1},{"damage":0,"enemies":"Cultist","floor":3,"turns":1},{"damage":0,"enemies":"2 Louse","floor":4,"turns":1},{"damage":0,"enemies":"Looter","floor":5,"turns":4},{"damage":28,"enemies":"3 Sentries","floor":7,"turns":12},{"damage":0,"enemies":"Gremlin Gang","floor":8,"turns":1},{"damage":22,"enemies":"Lagavulin","floor":14,"turns":5},{"damage":33,"enemies":"The Guardian","floor":16,"turns":12},{"damage":29,"enemies":"2 Thieves","floor":18,"turns":4},{"damage":12,"enemies":"Spheric Guardian","floor":22,"turns":4},{"damage":25,"enemies":"Slavers","floor":23,"turns":2}],"seed_played":"-6082519321678795127","potions_obtained":[{"floor":3,"key":"SkillPotion"},{"floor":4,"key":"Dexterity Potion"},{"floor":14,"key":"FairyPotion"},{"floor":18,"key":"Block Potion"},{"floor":22,"key":"CultistPotion"}],"is_trial":false,"path_per_floor":["M","?","M","M","M","R","E","M","T","R","?","?","$","E","R","B",null,"M","$","?","?","M","E"],"character_chosen":"THE_SILENT","items_purchased":["hubris:TenFootPole","Noxious Fumes"],"campfire_rested":2,"item_purchase_floors":[13,19],"current_hp_per_floor":[59,59,59,59,59,59,31,31,31,50,50,50,50,28,47,14,53,24,24,24,24,12,19,19],"gold":89,"neow_bonus":"THREE_ENEMY_KILL","is_daily":false,"chose_seed":false,"campfire_upgraded":1,"win_rate":0.0,"timestamp":1613099064,"path_taken":["M","?","M","?","M","R","E","M","T","R","?","?","$","E","R","BOSS","M","$","?","?","?","E"],"items_purchased_type":["Relic","Card"],"build_version":"2020-12-22","purchased_purges":2,"victory":false,"max_hp_per_floor":[66,66,66,66,66,66,66,66,66,66,66,66,66,66,66,66,66,66,66,66,66,66,66,66],"card_choices":[{"not_picked":["hubris:TrickCloak","Choke"],"picked":"Cloak And Dagger","floor":1},{"not_picked":["Distraction","Blade Dance"],"picked":"Dagger Spray","floor":3},{"not_picked":["Prepared","Deflect"],"picked":"Deadly Poison","floor":4},{"not_picked":["Unload","Dodge and Roll"],"picked":"Masterful Stab","floor":5},{"not_picked":["hubris:Sniper","Tactician","PiercingWail"],"picked":"SKIP","floor":7},{"not_picked":["Quick Slash","Reflex"],"picked":"Prepared","floor":8},{"not_picked":["Endless Agony","Calculated Gamble"],"picked":"Riddle With Holes","floor":14},{"not_picked":["Grand Finale","After Image"],"picked":"Adrenaline","floor":16},{"not_picked":["hubris:SlightOfHand","Bouncing Flask+1"],"picked":"Dagger Spray+1","floor":18},{"not_picked":["Sucker Punch+1","Catalyst+1"],"picked":"Backstab","floor":22}],"player_experience":611675,"relics_obtained":[{"floor":7,"key":"Akabeko"},{"floor":9,"key":"hubris:OldNail"},{"floor":14,"key":"Ginger"},{"floor":17,"key":"Nunchaku"},{"floor":17,"key":"Blue Candle"},{"floor":17,"key":"Pocketwatch"}],"event_choices":[{"cards_removed":["Strike_G"],"damage_healed":0,"gold_gain":0,"player_choice":"Offered Basic","damage_taken":0,"max_hp_gain":0,"max_hp_loss":0,"event_name":"Bonfire Elementals","floor":2,"gold_loss":0},{"damage_healed":0,"gold_gain":175,"player_choice":"AGREE","damage_taken":0,"max_hp_gain":0,"max_hp_loss":0,"event_name":"Liars Game","floor":12,"gold_loss":0,"cards_obtained":["Doubt"]},{"damage_healed":0,"gold_gain":0,"player_choice":"Stole Relic","damage_taken":0,"relics_obtained":["Toxic Egg 2"],"max_hp_gain":0,"max_hp_loss":0,"event_name":"Addict","floor":20,"gold_loss":0,"cards_obtained":["Shame"]},{"damage_healed":0,"gold_gain":0,"player_choice":"Upgraded","damage_taken":0,"max_hp_gain":0,"max_hp_loss":0,"event_name":"Upgrade Shrine","floor":21,"gold_loss":0,"cards_upgraded":["Adrenaline"]}],"is_beta":false,"boss_relics":[{"not_picked":["Snecko Eye","hubris:CrackedHourglass"],"picked":"Calling Bell"}],"items_purged_floors":[13,19],"is_endless":false,"potions_floor_spawned":[3,4,14,18,22],"killed_by":"Slavers","ascension_level":14}}