{"host":"o3b7ow6d1xe49css","time":1613108642,"event":{"mods":["Act Like it!","Aspiration","BaseMod","Bestiary","Better Altar","Better Match","Better Note","Better Sensory Stone","Better Skull","Better Third Choice","Colored Powertips","Conspire","Energized Spire","GifTheSpireLib","Halation","Hermit","Hubris","Infinite Spire","Lobotomy","Marisa????????","Minty Spire (QoL Compilation)","Quick Restart","Rare Cards Sparkle","Relic Filter Mod","Reliquary","Replay The Spire","Spicy Shops","Spikes Relics","Spire Arcade","StSLib","Stuff the Spire","The Blue Laboratory","Wandering Minibosses"],"gold_per_floor":[117,131,142,142,153,153,153,153],"floor_reached":7,"language":"ENG","playtime":201,"items_purged":[],"score":54,"play_id":"b48bbe0f-d2da-4384-9773-f485b2750d38","local_time":"20210211204402","daily_mods":["Heirloom","Flight"],"is_ascension_mode":true,"campfire_choices":[{"data":"hermit:FlashPowder","floor":6,"key":"SMITH"}],"circlet_count":0,"master_deck":["hermit:Strike_Hermit","hermit:Strike_Hermit","hermit:Strike_Hermit","hermit:Strike_Hermit","hermit:Defend_Hermit","hermit:Defend_Hermit","hermit:Defend_Hermit","hermit:Defend_Hermit","hermit:Snapshot","hermit:Covet","hermit:FlashPowder+1","Scorched","hermit:Determination","UniverseFragment"],"relics":["hermit:Momento","Ring of Chaos","Lizard Tail","CogitoBucket","hubris:Icosahedron"],"acts_visited":["Exordium"],"potions_floor_usage":[],"damage_taken":[{"damage":2,"enemies":"Jaw Worm","floor":1,"turns":3},{"damage":0,"enemies":"2 Louse","floor":2,"turns":1},{"damage":0,"enemies":"Cultist","floor":3,"turns":3},{"damage":18,"enemies":"Exordium Thugs","floor":5,"turns":6},{"damage":15,"enemies":"3 Sentries","floor":7,"turns":3}],"seed_played":"7518299202130176829","potions_obtained":[{"floor":1,"key":"Ancient Potion"}],"is_trial":true,"path_per_floor":["M","M","M","?","M","R","E"],"character_chosen":"HERMIT","items_purchased":[],"campfire_rested":0,"item_purchase_floors":[],"current_hp_per_floor":[73,73,73,73,55,55,40,40],"gold":153,"neow_bonus":"","is_daily":false,"chose_seed":false,"campfire_upgraded":1,"win_rate":0.0,"timestamp":1613108642,"path_taken":["M","M","M","?","M","R","E"],"items_purchased_type":[],"build_version":"2020-12-22","purchased_purges":0,"victory":false,"max_hp_per_floor":[75,75,75,75,75,75,75,75],"card_choices":[{"not_picked":["hermit:Malice","hermit:Dive"],"picked":"hermit:FlashPowder","floor":1},{"not_picked":["BeautyBeast","OldLady"],"picked":"Scorched","floor":1},{"not_picked":["hermit:TakeAim","hermit:FullyLoaded"],"picked":"hermit:Determination","floor":2},{"not_picked":["MHz","MeatLantern","CrumblingArmor"],"picked":"Singing Bowl","floor":2},{"not_picked":["Bloodbath","BigBadWolf","WallGazer"],"picked":"Singing Bowl","floor":3},{"not_picked":["OSAHOGD","NothingThere"],"picked":"UniverseFragment","floor":3},{"not_picked":["hermit:SprayPray","hermit:Coalescence","hermit:Showdown"],"picked":"SKIP","floor":3},{"not_picked":["hermit:Quickdraw","hermit:Feint","hermit:SprayPray"],"picked":"SKIP","floor":5}],"player_experience":1369718,"relics_obtained":[],"event_choices":[],"is_beta":false,"boss_relics":[],"items_purged_floors":[],"is_endless":false,"potions_floor_spawned":[1],"killed_by":"3 Sentries","ascension_level":5}}