{"host":"pgm1p3lvdjflie30","time":1613101409,"event":{"mods":["AchievementEnabler","Alarm Clock","Aspiration","BaseMod","Challenge The Spire","Colored Map","Colored Powertips","Conspire","Dark Map","Energized Spire","GungeonMod","Hermit","HornydragonMod","Minty Spire (QoL Compilation)","Quarter Circle Forward PUNCH!","Quick Restart","Reimu（博???）","Relic Stats","Reliquary","Replay The Spire","Robot Space Explorer","Spicy Shops","StSLib","The Blackbeard","The Bug Knight","The Cursed","The Hayseed","The IronCluck","The Runesmith","Waifu the Spire","Yakumo Yukari mod","【功能Mod】混沌之?修复?丁","篝火指南"],"gold_per_floor":[112,287,301,301,301,301,47,67,91,41,41,41,61,74,74,74,74],"floor_reached":16,"language":"ZHS","playtime":658,"items_purged":["Doubt"],"score":90,"play_id":"d0a535ea-8949-4eec-94b1-201bae7cfe1e","local_time":"20210212114329","is_ascension_mode":false,"campfire_choices":[{"data":"Infinite Blades","floor":6,"key":"SMITH"},{"data":"Blade Dance","floor":15,"key":"SMITH"}],"circlet_count":0,"master_deck":["Strike_G","Strike_G","Strike_G","Defend_G","Defend_G","Defend_G","Defend_G","Defend_G","Survivor","Neutralize","Slice","Infinite Blades+1","Poisoned Stab","Endless Agony+1","Endless Agony","Prepared","Dodge and Roll","Underhanded Strike","Blade Dance+1"],"relics":["Replay:Bronze Core"],"acts_visited":["Exordium"],"potions_floor_usage":[16,16,16],"damage_taken":[{"damage":0,"enemies":"Cultist","floor":1,"turns":5},{"damage":4,"enemies":"Small Slimes","floor":3,"turns":4},{"damage":0,"enemies":"2 Louse","floor":8,"turns":3},{"damage":0,"enemies":"Exordium Thugs","floor":13,"turns":4},{"damage":0,"enemies":"Looter","floor":14,"turns":3},{"damage":68,"enemies":"The Guardian","floor":16,"turns":9}],"seed_played":"-544489645710905132","potions_obtained":[{"floor":3,"key":"LiquidBronze"},{"floor":8,"key":"PanachePotion"},{"floor":14,"key":"Ancient Potion"}],"is_trial":false,"path_per_floor":["M","?","M","?","?","R","$","M","T","?","?","T","M","M","R_BF","B"],"character_chosen":"THE_SILENT","items_purchased":["Endless Agony","Prepared"],"campfire_rested":0,"item_purchase_floors":[7,7],"current_hp_per_floor":[70,70,66,66,66,66,66,66,66,66,66,66,66,66,66,0,0],"gold":74,"neow_bonus":"BOSS_RELIC","is_daily":false,"chose_seed":false,"campfire_upgraded":2,"win_rate":0.0,"timestamp":1613101409,"path_taken":["M","?","M","?","?","R","$","?","T","?","?","?","M","?","R_BF","BOSS"],"items_purchased_type":["Card","Card"],"build_version":"2020-12-22","purchased_purges":1,"victory":false,"max_hp_per_floor":[70,70,70,70,70,70,70,70,70,70,70,70,70,70,70,70,70],"relic_stats":{"counters":[6,28],"obtain_stats":[{"Replay:Bronze Core":0,"DemoMod:GlassGuonStoneRelic":13,"Ring of the Snake":0},{"Replay:Bronze Core":0,"DemoMod:GlassGuonStoneRelic":4,"Ring of the Snake":0},{"Replay:Bronze Core":0,"DemoMod:GlassGuonStoneRelic":16,"Ring of the Snake":0}]},"card_choices":[{"not_picked":["Prepared","Deadly Poison"],"picked":"Slice","floor":1},{"not_picked":["Crippling Poison","Dodge and Roll"],"picked":"Infinite Blades","floor":3},{"not_picked":["Backflip","Sucker Punch"],"picked":"Dodge and Roll","floor":8},{"not_picked":["Quick Slash","Dagger Throw"],"picked":"Underhanded Strike","floor":13},{"not_picked":["Acrobatics","Toxin Wave"],"picked":"Blade Dance","floor":14}],"player_experience":484750,"relics_obtained":[],"event_choices":[{"damage_healed":0,"gold_gain":175,"player_choice":"AGREE","damage_taken":0,"max_hp_gain":0,"max_hp_loss":0,"event_name":"Liars Game","floor":2,"gold_loss":0,"cards_obtained":["Doubt"]},{"damage_healed":0,"gold_gain":0,"cards_transformed":["Strike_G"],"player_choice":"Transformed","damage_taken":0,"max_hp_gain":0,"max_hp_loss":0,"event_name":"Transmorgrifier","floor":5,"gold_loss":0,"cards_obtained":["Poisoned Stab"]},{"cards_removed":["Strike_G"],"damage_healed":0,"gold_gain":0,"player_choice":"Card Removal","damage_taken":0,"max_hp_gain":0,"max_hp_loss":0,"event_name":"The Cleric","floor":10,"gold_loss":50},{"damage_healed":0,"gold_gain":0,"player_choice":"Grow","damage_taken":0,"max_hp_gain":0,"max_hp_loss":0,"event_name":"Living Wall","floor":11,"gold_loss":0,"cards_upgraded":["Endless Agony"]}],"is_beta":false,"boss_relics":[],"items_purged_floors":[7],"is_endless":false,"potions_floor_spawned":[3,8,14],"killed_by":"The Guardian","ascension_level":0}}