{"host":"ap8nepptd6icxyz7","time":1613123565,"event":{"mods":["2.2 Compatiblity","AchievementEnabler","BaseMod","Bestiary","Better Altar","Better Match","Better Note","Better Sensory Stone","Better Skull","Better Third Choice","Better Vampires","Colored Powertips","Colorless Booster Pack","Displayed Cursed Tome","Faster Ascension Climbing","Hermit","Highlight Path","Hubris","Marked Mod","Mimic Mod","Minty Spire (QoL Compilation)","Permanent Neow","Quick Restart","RRrroohrrRGHHhhh!!","Random Character Button","Rare Cards Sparkle","Relic Sorter","Relic Stats","SacredBarkPlus","Spikes Relics","StSLib","Uncapped"],"gold_per_floor":[19,36,36,111,131,131,163,163,163,189,189,200,200,233,233,233,233],"floor_reached":16,"language":"ENG","playtime":1377,"items_purged":[],"score":153,"play_id":"0d3e8c76-f0b6-485e-a4a1-f89c9da18b96","local_time":"20210212035245","is_ascension_mode":true,"campfire_choices":[{"floor":6,"key":"REST"},{"data":"Dual Wield","floor":8,"key":"SMITH"},{"floor":13,"key":"REST"},{"data":"Headbutt","floor":15,"key":"SMITH"}],"circlet_count":0,"master_deck":["Strike_R","Strike_R","Strike_R","Defend_R","Defend_R","Defend_R+1","Bash","Pommel Strike","Headbutt+1","Dual Wield+1","Flex+1","Pommel Strike"],"relics":["Burning Blood","PreservedInsect","InkBottle","BicycleWheel","Bronze Scales","War Paint"],"acts_visited":["Exordium"],"potions_floor_usage":[7,16],"damage_taken":[{"damage":1,"enemies":"Cultist","floor":1,"turns":4},{"damage":7,"enemies":"Small Slimes","floor":2,"turns":3},{"damage":7,"enemies":"2 Louse","floor":5,"turns":3},{"damage":16,"enemies":"Gremlin Nob","floor":7,"turns":3},{"damage":30,"enemies":"Lagavulin","floor":10,"turns":5},{"damage":15,"enemies":"Exordium Thugs","floor":12,"turns":4},{"damage":30,"enemies":"3 Sentries","floor":14,"turns":5},{"damage":41,"enemies":"Slime Boss","floor":16,"turns":7}],"seed_played":"-2828338696103801683","potions_obtained":[{"floor":1,"key":"FearPotion"},{"floor":7,"key":"SpeedPotion"},{"floor":14,"key":"Swift Potion"}],"is_trial":false,"path_per_floor":["M","M","?","?","M","R","E","R","T","E","?","M","R","E","R","B"],"character_chosen":"IRONCLAD","items_purchased":[],"campfire_rested":2,"item_purchase_floors":[],"current_hp_per_floor":[77,76,69,58,57,80,70,70,70,46,46,37,61,37,37,0,0],"gold":233,"neow_bonus":"REMOVE_TWO","is_daily":false,"chose_seed":false,"campfire_upgraded":2,"win_rate":0.0,"timestamp":1613123565,"path_taken":["M","?","?","?","M","R","E","R","T","E","?","M","R","E","R","BOSS"],"items_purchased_type":[],"build_version":"2020-12-22","purchased_purges":0,"victory":false,"max_hp_per_floor":[80,80,80,80,80,80,80,80,80,80,80,80,80,80,80,80,80],"relic_stats":{"counters":[8,34],"Bronze Scales":[24],"PreservedInsect":61,"War Paint":["Defend_R","Flex"],"obtain_stats":[{"Bronze Scales":11,"PreservedInsect":7,"War Paint":14,"Burning Blood":0,"InkBottle":9,"BicycleWheel":10},{"Bronze Scales":5,"PreservedInsect":4,"War Paint":7,"Burning Blood":0,"InkBottle":4,"BicycleWheel":5},{"Bronze Scales":18,"PreservedInsect":13,"War Paint":27,"Burning Blood":0,"InkBottle":13,"BicycleWheel":18}],"Burning Blood":42,"InkBottle":[5]},"card_choices":[{"not_picked":["Dark Embrace","True Grit"],"picked":"Pommel Strike","floor":1},{"not_picked":["Clothesline","Blood for Blood","Heavy Blade"],"picked":"SKIP","floor":2},{"not_picked":["Rupture","Invigoration"],"picked":"Headbutt","floor":5},{"not_picked":["Clothesline","rorgmod:Searing Blow"],"picked":"Dual Wield","floor":7},{"not_picked":["Heavy Blade","hubris:ReadiedAction","Reckless Charge"],"picked":"SKIP","floor":10},{"not_picked":["Body Slam","Twin Strike"],"picked":"Flex","floor":12},{"not_picked":["Burning Pact","Combust"],"picked":"Pommel Strike","floor":14}],"player_experience":19702,"relics_obtained":[{"floor":7,"key":"PreservedInsect"},{"floor":9,"key":"InkBottle"},{"floor":10,"key":"BicycleWheel"},{"floor":14,"key":"War Paint"}],"event_choices":[{"cards_removed":["Defend_R"],"damage_healed":0,"gold_gain":0,"player_choice":"Card Removal","damage_taken":7,"max_hp_gain":0,"max_hp_loss":0,"event_name":"Golden Wing","floor":3,"gold_loss":0},{"damage_healed":0,"gold_gain":75,"player_choice":"Gold","damage_taken":11,"max_hp_gain":0,"max_hp_loss":0,"event_name":"betterThird:BetterGoop","floor":4,"gold_loss":0},{"damage_healed":0,"gold_gain":0,"player_choice":"Gave Potion","damage_taken":0,"relics_obtained":["Bronze Scales"],"max_hp_gain":0,"max_hp_loss":0,"event_name":"WeMeetAgain","floor":11,"gold_loss":0}],"is_beta":false,"boss_relics":[],"items_purged_floors":[],"is_endless":false,"potions_floor_spawned":[1,7,14],"killed_by":"Slime Boss","ascension_level":6}}