{"host":"yg1n0qads92lo9wl","time":1613101399,"event":{"mods":["BaseMod","Downfall","Luminous","Minty Spire (QoL Compilation)","StSLib","Warlord Emblem"],"gold_per_floor":[99,118,132,232,250,350,377,377,390,390,419,434,434,434,452,550,550,550,564,582,604,604,604,650,650,650,650,671,671,671,671,691,691,691,691],"floor_reached":33,"language":"ZHS","playtime":2669,"items_purged":[],"score":297,"play_id":"ad304f98-fc15-40ba-bfdf-2e0c008b7eff","local_time":"20210212114319","is_ascension_mode":true,"campfire_choices":[{"data":"hexamod:Float","floor":1.0,"key":"SMITH"},{"data":"hexamod:FlamesFromBeyond","floor":8.0,"key":"SMITH"},{"floor":13.0,"key":"REST"},{"data":"hexamod:Rewind","floor":18.0,"key":"SMITH"},{"floor":23.0,"key":"REST"},{"floor":27.0,"key":"REST"},{"floor":30.0,"key":"REST"}],"circlet_count":0,"master_deck":["hexamod:Strike","hexamod:Defend+1","hexamod:Float+1","hexamod:ThirdSeal","hexamod:FlamesFromBeyond+1","hexamod:FourthSeal","hexamod:EmpoweredFlame","hexamod:FastForward+1","hexamod:HeatCrush","hexamod:BacktrackSmack","hexamod:Hexaguard+1","hexamod:CatchUp+1","hexamod:EmpoweredFlame","hexamod:Rewind+1","hexamod:AdvancingGuard","hexamod:FifthSeal","hexamod:SixthSeal","hexamod:FastForward","hexamod:FastForward+1","hexamod:SecondSeal","hexamod:SpectralSpark","hexamod:Again","hexamod:FastForward","hexamod:HeatMetal","hexamod:ForkedFlame","hexamod:FastForward"],"relics":["hexamod:UnbrokenSoul","Orichalcum","Blue Candle","Potion Belt","Guardian:PocketSentry"],"acts_visited":["Exordium","TheCity"],"potions_floor_usage":[33,33],"damage_taken":[{"damage":1.0,"enemies":"2 Louse","floor":2.0,"turns":3.0},{"damage":2.0,"enemies":"Jaw Worm","floor":3.0,"turns":4.0},{"damage":0.0,"enemies":"Small Slimes","floor":5.0,"turns":3.0},{"damage":23.0,"enemies":"downfall:Heads","floor":6.0,"turns":5.0},{"damage":17.0,"enemies":"Exordium Wildlife","floor":9.0,"turns":5.0},{"damage":18.0,"enemies":"Lagavulin","floor":11.0,"turns":6.0},{"damage":1.0,"enemies":"2 Fungi Beasts","floor":12.0,"turns":2.0},{"damage":3.0,"enemies":"Blue Slaver","floor":15.0,"turns":3.0},{"damage":21.0,"enemies":"WA_ARCHETYPE_RETAIN","floor":16.0,"turns":8.0},{"damage":12.0,"enemies":"3 Byrds","floor":19.0,"turns":3.0},{"damage":49.0,"enemies":"Chosen","floor":20.0,"turns":7.0},{"damage":11.0,"enemies":"3 Cultists","floor":21.0,"turns":5.0},{"damage":21.0,"enemies":"3 Cultists","floor":26.0,"turns":6.0},{"damage":7.0,"enemies":"Centurion and Healer","floor":28.0,"turns":6.0},{"damage":0.0,"enemies":"Colosseum Nobs","floor":31.0,"turns":1.0},{"damage":6.0,"enemies":"3 Cultists","floor":32.0,"turns":4.0},{"damage":42,"enemies":"SI_MIRROR_ARCHETYPE","floor":33,"turns":7}],"seed_played":"-1524671164186720301","potions_obtained":[{"floor":2.0,"key":"hexamod:EctoCoolerPotion"},{"floor":3.0,"key":"Fire Potion"},{"floor":5.0,"key":"SteroidPotion"},{"floor":9.0,"key":"bronze:BurnAndBuffPotion"},{"floor":11.0,"key":"Explosive Potion"},{"floor":12.0,"key":"DistilledChaos"},{"floor":12.0,"key":"EssenceOfSteel"},{"floor":15.0,"key":"Fire Potion"},{"floor":16.0,"key":"SpeedPotion"},{"floor":16.0,"key":"SkillPotion"},{"floor":20.0,"key":"champ:CounterPotion"},{"floor":21.0,"key":"Fire Potion"},{"floor":28.0,"key":"SmokeBomb"},{"floor":28.0,"key":"SkillPotion"},{"floor":32.0,"key":"Fire Potion"},{"floor":32.0,"key":"Fire Potion"}],"is_trial":false,"path_per_floor":["R","M","M","?","M","?","T","R","M","?","E","M","R","?","M","B",null,"R","M","M","M","?","R","T","?","?","R","M","?","R","?","M","B"],"character_chosen":"THE_SPIRIT","items_purchased":[],"campfire_rested":4,"item_purchase_floors":[],"current_hp_per_floor":[77,76,74,74,74,51,51,51,34,29,11,10,33,33,30,9,77,77,65,16,5,5,28,28,28,7,30,23,23,46,46,40,0,0,0],"gold":691,"neow_bonus":"TEN_PERCENT_HP_BONUS","is_daily":false,"chose_seed":false,"campfire_upgraded":3,"win_rate":0.0,"timestamp":1613101399,"path_taken":["R","M","M","?","M","?","T","R","M","?","E","M","R","?","M","BOSS","R","M","M","M","?","R","T","?","?","R","M","?","R","?","M","BOSS"],"items_purchased_type":[],"build_version":"2020-12-22","purchased_purges":0,"victory":false,"max_hp_per_floor":[77,77,77,77,77,77,77,77,77,77,77,77,77,77,77,77,77,77,77,77,77,77,77,77,77,77,77,77,77,77,77,77,77,77,77],"card_choices":[{"not_picked":["hexamod:NecessarySacrifice","hexamod:HeatCrush"],"picked":"hexamod:ThirdSeal","floor":2.0},{"not_picked":["hexamod:DynamicBlow","hexamod:ThermalTransfer"],"picked":"hexamod:FlamesFromBeyond","floor":3.0},{"not_picked":["hexamod:ThermalTransfer","hexamod:RetreatToShadows"],"picked":"hexamod:FourthSeal","floor":3.0},{"not_picked":["hexamod:NightmareStrike","hexamod:HeatMetal"],"picked":"hexamod:EmpoweredFlame","floor":5.0},{"not_picked":["hexamod:CatchUp","hexamod:Hexaguard"],"picked":"hexamod:FastForward","floor":5.0},{"not_picked":["hexamod:HeatShield","hexamod:HeatCrush"],"picked":"hexamod:BacktrackSmack","floor":6.0},{"not_picked":["hexamod:GhostShield","hexamod:BacktrackSmack"],"picked":"hexamod:Hexaguard","floor":6.0},{"not_picked":["hexamod:Hexaguard","hexamod:WildfireWeapon","hexamod:Haunt"],"picked":"SKIP","floor":9.0},{"not_picked":["hexamod:NightmareStrike","hexamod:SoulSteal","hexamod:SuperheatedStrike"],"picked":"SKIP","floor":9.0},{"not_picked":["hexamod:ThirdSeal","hexamod:Firestarter"],"picked":"hexamod:CatchUp","floor":11.0},{"not_picked":["hexamod:HeatShield","hexamod:GhostShield","hexamod:SoulSteal"],"picked":"SKIP","floor":11.0},{"not_picked":["hexamod:BurningTouch","hexamod:ShieldOfDarkness"],"picked":"hexamod:EmpoweredFlame","floor":12.0},{"not_picked":["hexamod:GhostShield","hexamod:FourthSeal"],"picked":"hexamod:Rewind","floor":12.0},{"not_picked":["hexamod:Rewind","hexamod:SpectralSpark"],"picked":"hexamod:AdvancingGuard","floor":15.0},{"not_picked":["hexamod:SpectralSpark","hexamod:BurningTouch","hexamod:ExtraCrispy"],"picked":"SKIP","floor":15.0},{"not_picked":["hexamod:VolcanoVisage","hexamod:ParanormalForm"],"picked":"hexamod:FifthSeal","floor":16.0},{"not_picked":["hexamod:SecondSeal","hexamod:FourthSeal"],"picked":"hexamod:SixthSeal","floor":19.0},{"not_picked":["hexamod:NightmareStrike+1","hexamod:GhostShield+1"],"picked":"hexamod:FastForward","floor":19.0},{"not_picked":["hexamod:SwordOfDarkness","hexamod:SpectersWail+1"],"picked":"hexamod:FastForward+1","floor":19.0},{"not_picked":["hexamod:SixthSeal","hexamod:FourthSeal"],"picked":"hexamod:SecondSeal","floor":20.0},{"not_picked":["hexamod:PhantomCloak","hexamod:HeatMetal"],"picked":"hexamod:SpectralSpark","floor":20.0},{"not_picked":["hexamod:Firestarter","hexamod:PhantomCloak","hexamod:DynamicBlow"],"picked":"SKIP","floor":20.0},{"not_picked":["hexamod:Firestarter","hexamod:StepThrough"],"picked":"hexamod:Again","floor":21.0},{"not_picked":["hexamod:FourthSeal","hexamod:Firestarter","hexamod:PowerFromBeyond+1"],"picked":"SKIP","floor":21.0},{"not_picked":["hexamod:HauntingEcho+1","hexamod:GhostShield"],"picked":"hexamod:ForkedFlame","floor":28.0},{"not_picked":["hexamod:NightmareStrike+1","hexamod:ThirdSeal"],"picked":"hexamod:FastForward","floor":28.0},{"not_picked":["hexamod:Firestarter+1","hexamod:BurningTouch","hexamod:ThermalTransfer"],"picked":"SKIP","floor":32.0}],"player_experience":485173,"relics_obtained":[{"floor":7.0,"key":"Orichalcum"},{"floor":11.0,"key":"Potion Belt"},{"floor":24.0,"key":"Guardian:PocketSentry"}],"event_choices":[{"cards_removed":["hexamod:Strike"],"damage_healed":0.0,"max_hp_gain":0.0,"max_hp_loss":0.0,"gold_gain":0.0,"event_name":"The Cleric","player_choice":"Card Removal","floor":14.0,"gold_loss":0.0,"damage_taken":0.0},{"damage_healed":0.0,"max_hp_gain":0.0,"max_hp_loss":0.0,"gold_gain":0.0,"cards_transformed":["hexamod:Defend","hexamod:Sear"],"event_name":"Drug Dealer","player_choice":"Became Test Subject","floor":25.0,"gold_loss":0.0,"damage_taken":0.0,"cards_obtained":["hexamod:FastForward","hexamod:HeatMetal"]}],"is_beta":false,"boss_relics":[{"not_picked":["Snecko Eye","Cursed Key"],"picked":"hexamod:UnbrokenSoul"}],"items_purged_floors":[],"is_endless":false,"potions_floor_spawned":[2,3,9,12,16,26,28,32],"killed_by":"SI_MIRROR_ARCHETYPE","ascension_level":2}}