{"host":"rmsq46plbpwfbxcc","time":1613137694,"event":{"mods":["AchievementEnabler","BaseMod","Colored Map","Colored Powertips","DeckTracker","KOR Keyword Fix","Minty Spire (QoL Compilation)","Permanent Neow","Quick Restart","SuperFastMode"],"gold_per_floor":[409,422,144,144,161,161,161],"floor_reached":6,"language":"KOR","playtime":132,"items_purged":["Strike_G"],"score":72,"play_id":"05fa8e07-c65e-47f5-b0a2-89bdb2bc642f","local_time":"20210212224814","is_ascension_mode":true,"campfire_choices":[],"circlet_count":0,"master_deck":["AscendersBane","Strike_G","Strike_G","Strike_G","Strike_G","Defend_G","Defend_G","Defend_G","Defend_G","Survivor","Neutralize","CurseOfTheBell","Burst","Burst","Acrobatics","Glass Knife","PiercingWail"],"relics":["Calling Bell","Orichalcum","Mummified Hand","Old Coin","Membership Card"],"acts_visited":["Exordium"],"potions_floor_usage":[],"damage_taken":[{"damage":26,"enemies":"Jaw Worm","floor":1,"turns":8},{"damage":4,"enemies":"Cultist","floor":2,"turns":5},{"damage":0,"enemies":"2 Louse","floor":5,"turns":2},{"damage":0,"enemies":"Lagavulin","floor":6,"turns":1}],"seed_played":"-3154221751156046425","potions_obtained":[{"floor":1,"key":"SpeedPotion"}],"is_trial":false,"path_per_floor":["M","M","$","?","M","E"],"character_chosen":"THE_SILENT","items_purchased":["Membership Card","Glass Knife"],"campfire_rested":0,"item_purchase_floors":[3,3],"current_hp_per_floor":[33,29,29,29,29,29,29],"gold":161,"neow_bonus":"BOSS_RELIC","is_daily":false,"chose_seed":false,"campfire_upgraded":0,"win_rate":0.0,"timestamp":1613137694,"path_taken":["M","M","$","?","?","E"],"items_purchased_type":["Relic","Card"],"build_version":"2020-12-22","purchased_purges":1,"victory":false,"max_hp_per_floor":[66,66,66,66,66,66,66],"card_choices":[{"not_picked":["Dodge and Roll","Deflect"],"picked":"Burst","floor":1},{"not_picked":["Dodge and Roll","Deflect"],"picked":"Burst","floor":1},{"not_picked":["Poisoned Stab","Flying Knee"],"picked":"Acrobatics","floor":2},{"not_picked":["Quick Slash","Flying Knee","Skewer"],"picked":"SKIP","floor":5}],"player_experience":691616,"relics_obtained":[{"floor":0,"key":"Orichalcum"},{"floor":0,"key":"Mummified Hand"},{"floor":0,"key":"Old Coin"}],"event_choices":[{"damage_healed":0,"gold_gain":0,"cards_transformed":["Defend_G"],"player_choice":"Transformed","damage_taken":0,"max_hp_gain":0,"max_hp_loss":0,"event_name":"Transmorgrifier","floor":4,"gold_loss":0,"cards_obtained":["PiercingWail"]}],"is_beta":false,"boss_relics":[],"items_purged_floors":[3],"is_endless":false,"potions_floor_spawned":[1],"killed_by":"Lagavulin","ascension_level":20}}