{"host":"fzku1ofsxv8lro8o","time":1613134677,"event":{"mods":["BaseMod","Colored Map","Downfall","Minty Spire (QoL Compilation)","Relic Stats","StSLib","everything is the same but u backflip on backflip"],"gold_per_floor":[99,99,274,274,284,184,266,280,280,292,292,327,227,259,269,372,372,372,388,388,408,420,454,481,495,529,547,447,481,481,481,497,595,595,595,607,622,637,637,670,670,705,705,715,740,740,498,517,528,528,528,555,66,66,66,66],"floor_reached":57,"language":"ENG","playtime":3540,"items_purged":["Doubt","champ:BerserkersShout"],"score":1724,"play_id":"5b249a14-c965-44d0-bcb1-2c42a5b87435","local_time":"20210212155757","is_ascension_mode":true,"campfire_choices":[{"floor":1,"key":"RECALL"},{"data":"champ:Taunt","floor":6,"key":"SMITH"},{"data":"champ:TornadoPunch","floor":9,"key":"SMITH"},{"data":"champ:Circumvent","floor":11,"key":"SMITH"},{"data":"champ:CrownThrow","floor":13,"key":"SMITH"},{"data":"champ:ShieldThrow","floor":18,"key":"SMITH"},{"data":"champ:ViciousMockery","floor":28,"key":"SMITH"},{"data":"champ:SwordSigil","floor":30,"key":"SMITH"},{"data":"champ:HoldFirm","floor":35,"key":"SMITH"},{"data":"champ:ShieldThrow","floor":43,"key":"SMITH"},{"data":"champ:Lariat","floor":46,"key":"SMITH"},{"data":"champ:Defend","floor":54,"key":"SMITH"}],"circlet_count":0,"master_deck":["champ:Strike","champ:Strike","champ:Defend+1","champ:Defend","champ:Defend","champ:Defend","champ:Execute","champ:Taunt+1","champ:Circumvent+1","champ:TornadoPunch+1","champ:DefensiveStyle+1","champ:CrownThrow+1","champ:ShieldThrow+1","champ:ShieldThrow+1","champ:Lariat+1","champ:ViciousMockery+1","champ:Parry+1","champ:SkillfulDodge+1","champ:SwordSigil+1","champ:HoldFirm+1","champ:GladiatorForm+1","champ:TornadoPunch+1","champ:FocusedDefense+1","champ:Lariat+1","champ:ShieldWall+1","champ:PreemptiveStrike+1"],"relics":["Runic Pyramid","downfall:HeartBlessingRed","Frozen Egg 2","Centennial Puzzle","downfall:HeartBlessingGreen","StoneCalendar","Sozu","White Beast Statue","Omamori","downfall:HeartBlessingBlue","Regal Pillow","Necronomicon","Busted Crown","Molten Egg 2","Slimebound:PreparedRelic","FossilizedHelix","Pear","Lantern","hexamod:BolsterEngine","Bottled Lightning"],"acts_visited":["Exordium","TheCity","TheBeyond","TheEnding"],"potions_floor_usage":[],"damage_taken":[{"damage":10,"enemies":"Small Slimes","floor":5,"turns":3},{"damage":12,"enemies":"2 Louse","floor":8,"turns":3},{"damage":10,"enemies":"Jaw Worm","floor":10,"turns":4},{"damage":24,"enemies":"3 Sentries","floor":12,"turns":6},{"damage":36,"enemies":"Gremlin Nob","floor":14,"turns":4},{"damage":1,"enemies":"Red Slaver","floor":15,"turns":3},{"damage":12,"enemies":"IC_STATUS_ARCHETYPE","floor":16,"turns":7},{"damage":10,"enemies":"Chosen","floor":19,"turns":3},{"damage":0,"enemies":"Spheric Guardian","floor":21,"turns":2},{"damage":6,"enemies":"Centurion and Healer","floor":22,"turns":3},{"damage":15,"enemies":"Slavers","floor":23,"turns":3},{"damage":0,"enemies":"Cultist and Chosen","floor":25,"turns":4},{"damage":0,"enemies":"Gremlin Leader","floor":26,"turns":7},{"damage":15,"enemies":"Snake Plant","floor":27,"turns":3},{"damage":9,"enemies":"Slavers","floor":29,"turns":4},{"damage":20,"enemies":"Snecko","floor":32,"turns":2},{"damage":20,"enemies":"SI_MIRROR_ARCHETYPE","floor":33,"turns":7},{"damage":5,"enemies":"Orb Walker","floor":36,"turns":3},{"damage":8,"enemies":"3 Shapes","floor":37,"turns":2},{"damage":0,"enemies":"Spire Growth","floor":38,"turns":3},{"damage":0,"enemies":"Reptomancer","floor":40,"turns":2},{"damage":3,"enemies":"Nemesis","floor":42,"turns":3},{"damage":0,"enemies":"Sphere and 2 Shapes","floor":44,"turns":3},{"damage":0,"enemies":"Giant Head","floor":45,"turns":7},{"damage":0,"enemies":"downfall:FleeingMerchant","floor":47,"turns":4},{"damage":0,"enemies":"Jaw Worm Horde","floor":48,"turns":5},{"damage":0,"enemies":"3 Darklings","floor":49,"turns":3},{"damage":0,"enemies":"WA_ARCHETYPE_DIVINITY","floor":50,"turns":9},{"damage":20,"enemies":"downfall:CharBossMerchant","floor":52,"turns":7},{"damage":44,"enemies":"downfall:NeowBoss","floor":55,"turns":18},{"damage":7,"enemies":"downfall:NeowBossFinal","floor":56,"turns":9}],"seed_played":"258313503959456170","potions_obtained":[{"floor":10,"key":"Slimebound:ThreeZeroPotion"},{"floor":14,"key":"hexamod:SoulburnPotion"},{"floor":16,"key":"SteroidPotion"}],"is_trial":false,"path_per_floor":["R","?","?","?","M","R","T","M","R","M","R","E","R","E","M","B",null,"R","M","?","M","M","E","T","M","E","M","R","E","R","?","M","B",null,"R","M","M","M","?","E","T","E","R","M","E","R","$","M","M","B",null,"E","$","R","B","B",null],"character_chosen":"THE_CHAMP","items_purchased":["champ:ShieldWall+1","champ:PreemptiveStrike+1","hexamod:BolsterEngine","Bottled Lightning"],"campfire_rested":0,"item_purchase_floors":[47,47,53,53],"current_hp_per_floor":[90,90,90,95,95,95,95,93,93,93,93,79,79,63,62,60,95,95,95,95,95,89,74,74,74,74,59,69,60,60,44,44,44,105,105,100,92,92,92,92,92,89,89,89,99,99,99,99,99,99,115,115,115,115,71,64],"gold":66,"neow_bonus":"BOSS_RELIC","is_daily":false,"chose_seed":false,"campfire_upgraded":11,"win_rate":0.0,"timestamp":1613134677,"path_taken":["R","?","?","?","M","R","T","M","R","M","R","E","R","E","M","BOSS","R","M","?","M","M","E","T","M","E","M","R","E","R","?","M","BOSS","R","M","M","M","?","E","T","E","R","M","E","R","$","?","M","BOSS","E","$","R","BOSS","BOSS"],"items_purchased_type":["Card","Card","Relic","Relic"],"build_version":"2020-12-22","purchased_purges":2,"victory":true,"max_hp_per_floor":[90,90,90,95,95,95,95,95,95,95,95,95,95,95,95,95,95,95,95,95,95,95,95,95,95,95,95,105,105,105,105,105,105,105,105,105,105,105,105,105,105,105,105,105,115,115,115,115,115,115,115,115,115,115,115,115],"relic_stats":{"Sozu":18,"Centennial Puzzle":[48],"Regal Pillow":0,"Busted Crown":22,"counters":[31,146],"StoneCalendar":[228],"Necronomicon":[26],"obtain_stats":[{"Regal Pillow":29,"Lantern":52,"Pear":45,"downfall:HeartBlessingRed":6,"champ:ChampionCrown":0,"downfall:HeartBlessingGreen":13,"StoneCalendar":14,"Omamori":26,"Frozen Egg 2":7,"White Beast Statue":23,"Sozu":17,"Centennial Puzzle":12,"Busted Crown":34,"downfall:HeartBlessingBlue":28,"Molten Egg 2":40,"Slimebound:PreparedRelic":41,"Necronomicon":31,"Bottled Lightning":53,"hexamod:BolsterEngine":53,"FossilizedHelix":42,"Runic Pyramid":0},{"Regal Pillow":15,"Lantern":29,"Pear":24,"downfall:HeartBlessingRed":1,"champ:ChampionCrown":0,"downfall:HeartBlessingGreen":4,"StoneCalendar":5,"Omamori":13,"Frozen Egg 2":1,"White Beast Statue":11,"Sozu":7,"Centennial Puzzle":4,"Busted Crown":17,"downfall:HeartBlessingBlue":14,"Molten Egg 2":21,"Slimebound:PreparedRelic":21,"Necronomicon":15,"Bottled Lightning":29,"hexamod:BolsterEngine":29,"FossilizedHelix":22,"Runic Pyramid":0},{"Regal Pillow":59,"Lantern":119,"Pear":91,"downfall:HeartBlessingRed":3,"champ:ChampionCrown":0,"downfall:HeartBlessingGreen":16,"StoneCalendar":20,"Omamori":52,"Frozen Egg 2":3,"White Beast Statue":41,"Sozu":30,"Centennial Puzzle":16,"Busted Crown":68,"downfall:HeartBlessingBlue":55,"Molten Egg 2":78,"Slimebound:PreparedRelic":78,"Necronomicon":59,"Bottled Lightning":119,"hexamod:BolsterEngine":119,"FossilizedHelix":81,"Runic Pyramid":0}]},"card_choices":[{"not_picked":["champ:AdrenalArmor","champ:PreciseThrust"],"picked":"champ:Circumvent","floor":5},{"not_picked":["champ:PreciseThrust","champ:Encircle"],"picked":"champ:TornadoPunch","floor":8},{"not_picked":["champ:IronFortress+1","champ:BringItOn"],"picked":"champ:DefensiveStyle+1","floor":10},{"not_picked":["champ:PerfectedStrike","champ:Shatter"],"picked":"champ:CrownThrow","floor":12},{"not_picked":["champ:FanOfKnives","champ:TornadoPunch"],"picked":"champ:ShieldThrow","floor":14},{"not_picked":["champ:Encircle","champ:PreciseThrust","champ:RapidStrikes"],"picked":"SKIP","floor":15},{"not_picked":["champ:TripleStrike","champ:CheapShot"],"picked":"champ:ShieldThrow","floor":16},{"not_picked":["champ:AdrenalArmor","champ:DefensiveStyle+1"],"picked":"champ:Lariat+1","floor":19},{"not_picked":["champ:Shatter","champ:BerserkersShout"],"picked":"champ:ViciousMockery","floor":21},{"not_picked":["champ:Encircle","champ:GutPunch+1"],"picked":"champ:Parry+1","floor":22},{"not_picked":["champ:Circumvent","champ:BerserkersShout+1"],"picked":"champ:SkillfulDodge+1","floor":23},{"not_picked":["champ:ArenaPreparation","champ:Shatter+1"],"picked":"champ:SwordSigil","floor":25},{"not_picked":["champ:Haymaker","champ:Shatter","champ:AdrenalArmor"],"picked":"SKIP","floor":26},{"not_picked":["champ:FancyFootwork","champ:HeartStrike","champ:CrownThrow"],"picked":"SKIP","floor":27},{"not_picked":["champ:Backstep","champ:Parry","champ:Shatter"],"picked":"SKIP","floor":29},{"not_picked":["champ:Shatter","champ:EnGarde"],"picked":"champ:HoldFirm","floor":32},{"not_picked":["champ:EnchantCrown","champ:CheapShot"],"picked":"champ:GladiatorForm+1","floor":33},{"not_picked":[],"picked":"champ:TornadoPunch+1","floor":36},{"not_picked":["champ:CrownThrow+1"],"picked":"SKIP","floor":37},{"not_picked":["champ:FlashCut+1"],"picked":"SKIP","floor":38},{"not_picked":["champ:FancyFootwork+1"],"picked":"SKIP","floor":40},{"not_picked":[],"picked":"champ:FocusedDefense+1","floor":42},{"not_picked":[],"picked":"champ:Lariat","floor":44},{"not_picked":["champ:GutPunch+1"],"picked":"SKIP","floor":45},{"not_picked":["champ:PerfectedStrike+1"],"picked":"SKIP","floor":47},{"not_picked":["champ:BerserkersShout+1"],"picked":"SKIP","floor":48},{"not_picked":["champ:BringItOn"],"picked":"SKIP","floor":49},{"not_picked":["champ:BladeFlurry+1"],"picked":"SKIP","floor":52}],"player_experience":965390,"relics_obtained":[{"floor":7,"key":"Frozen Egg 2"},{"floor":12,"key":"Centennial Puzzle"},{"floor":14,"key":"StoneCalendar"},{"floor":23,"key":"White Beast Statue"},{"floor":26,"key":"Omamori"},{"floor":29,"key":"Regal Pillow"},{"floor":31,"key":"Necronomicon"},{"floor":40,"key":"Molten Egg 2"},{"floor":41,"key":"Slimebound:PreparedRelic"},{"floor":42,"key":"FossilizedHelix"},{"floor":45,"key":"Pear"},{"floor":52,"key":"Lantern"}],"event_choices":[{"damage_healed":0,"gold_gain":0,"player_choice":"Donut","damage_taken":0,"max_hp_gain":5,"max_hp_loss":0,"event_name":"Big Fish","floor":4,"gold_loss":0}],"is_beta":false,"boss_relics":[{"not_picked":["Tiny House","bronze:MakeshiftBattery"],"picked":"Sozu"},{"not_picked":["Coffee Dripper","Calling Bell"],"picked":"Busted Crown"}],"items_purged_floors":[47,53],"is_endless":false,"potions_floor_spawned":[10,14,16,19,22,25,26,27,29,32,33,36,37,38,40,42,44,45,47,48,49,52],"ascension_level":4}}