{"host":"ajxvnmsjfcleb5r5","time":1613143846,"event":{"mods":["2.2 Compatiblity","AchievementEnabler","BaseMod","Beaked The Cultist","Card Forge","Colored Powertips","DNKmod","Downfall","Friendly Minions","Minty Spire (QoL Compilation)","Quick Restart","StSLib","SuperFastMode"],"gold_per_floor":[99,15,15,15,30,47,72,88,114,126,26,38,38,55,72,72,72,72],"floor_reached":16,"language":"ENG","playtime":876,"items_purged":[],"score":129,"play_id":"2631c268-3b4f-4a7c-b07e-277e194bf8bf","local_time":"20210213003046","is_ascension_mode":false,"campfire_choices":[{"data":"hexamod:Float","floor":1,"key":"SMITH"},{"floor":11,"key":"RECALL"},{"data":"hexamod:GhostOfSpirePast","floor":13,"key":"SMITH"}],"circlet_count":0,"master_deck":["hexamod:Strike","hexamod:Strike","hexamod:Strike","hexamod:Strike","hexamod:Defend","hexamod:Defend","hexamod:Defend","hexamod:Defend","hexamod:Sear","hexamod:Float+1","hexamod:TimeWarp","hexamod:GhostOfSpirePast+1","hexamod:EmpoweredFlame","hexamod:HeatMetal","hexamod:InspiringFlames","hexamod:SoulSteal","hexamod:SkipABeat","hexamod:ThirdSeal","hexamod:BurningTouch","hexamod:TimeOfNeed"],"relics":["hexamod:SpiritBrand","Hammer of Thor","Seething Fire","Anvil of the Gods","Nunchaku","downfall:HeartBlessingBlue"],"acts_visited":["Exordium"],"potions_floor_usage":[],"damage_taken":[{"damage":5,"enemies":"downfall:FleeingMerchant","floor":2,"turns":4},{"damage":0,"enemies":"Jaw Worm","floor":5,"turns":3},{"damage":0,"enemies":"Cultist","floor":6,"turns":3},{"damage":0,"enemies":"2 Louse","floor":8,"turns":2},{"damage":15,"enemies":"Gremlin Nob","floor":9,"turns":4},{"damage":0,"enemies":"Exordium Wildlife","floor":10,"turns":4},{"damage":20,"enemies":"Gremlin Gang","floor":12,"turns":5},{"damage":2,"enemies":"Blue Slaver","floor":14,"turns":3},{"damage":1,"enemies":"2 Fungi Beasts","floor":15,"turns":4},{"damage":50,"enemies":"IC_STATUS_ARCHETYPE","floor":16,"turns":8}],"seed_played":"4206637253201160474","potions_obtained":[{"floor":5,"key":"FearPotion"},{"floor":9,"key":"hexamod:DoubleChargePotion"},{"floor":12,"key":"LiquidMemories"}],"is_trial":false,"path_per_floor":["R","$","?","?","M","M","T","M","E","M","R","M","R","M","M","B"],"character_chosen":"THE_SPIRIT","items_purchased":["hexamod:GhostOfSpirePast"],"campfire_rested":0,"item_purchase_floors":[2],"current_hp_per_floor":[77,72,72,72,72,72,72,72,57,57,67,47,47,45,44,0,0,0],"gold":72,"neow_bonus":"TEN_PERCENT_HP_BONUS","is_daily":false,"chose_seed":false,"campfire_upgraded":2,"win_rate":0.0,"timestamp":1613143846,"path_taken":["R","$","?","?","?","M","T","M","E","M","R","M","R","M","M","BOSS"],"items_purchased_type":["Card"],"build_version":"2020-12-22","purchased_purges":0,"victory":false,"max_hp_per_floor":[77,77,77,77,77,77,77,77,77,77,87,87,87,87,87,87,87,87],"card_choices":[{"not_picked":["hexamod:BacktrackSmack","hexamod:SkipABeat"],"picked":"hexamod:TimeWarp","floor":2},{"not_picked":["hexamod:SpectersWail","hexamod:Again"],"picked":"hexamod:EmpoweredFlame","floor":5},{"not_picked":["hexamod:GhostShield","hexamod:SkipABeat"],"picked":"hexamod:HeatMetal","floor":6},{"not_picked":["hexamod:RecurringNightmare","hexamod:SwordOfDarkness"],"picked":"hexamod:InspiringFlames","floor":8},{"not_picked":["hexamod:HeatMetal","hexamod:BacktrackSmack"],"picked":"hexamod:SoulSteal","floor":9},{"not_picked":["hexamod:AdvancingGuard","hexamod:NightmareGuise"],"picked":"hexamod:SkipABeat","floor":10},{"not_picked":["hexamod:BacktrackSmack","hexamod:Haunt","hexamod:GhostShield"],"picked":"SKIP","floor":12},{"not_picked":["hexamod:HeatMetal","hexamod:FastForward"],"picked":"hexamod:ThirdSeal","floor":14},{"not_picked":["hexamod:GhostOfSpireFuture","hexamod:NightmareGuise"],"picked":"hexamod:BurningTouch","floor":15},{"not_picked":["hexamod:ThermalTransfer","hexamod:HeatMetal"],"picked":"hexamod:TimeOfNeed","floor":15}],"player_experience":211859,"relics_obtained":[{"floor":9,"key":"Nunchaku"}],"event_choices":[{"damage_healed":0,"gold_gain":0,"player_choice":"Ignored","damage_taken":0,"max_hp_gain":0,"max_hp_loss":0,"event_name":"NoteForYourself","floor":4,"gold_loss":0}],"is_beta":false,"boss_relics":[],"items_purged_floors":[],"is_endless":false,"potions_floor_spawned":[5,9,12],"killed_by":"IC_STATUS_ARCHETYPE","ascension_level":0}}