{"host":"u8f6oqzdc7r6igag","time":1613112746,"event":{"mods":["BaseMod","Minty Spire (QoL Compilation)","Relic Stats"],"gold_per_floor":[117,134,149,149,149,149,169,169,169,169,196,208,226,252,252,356,356,370,388,232,250,264,289,289,32,32,32,32,32,47,58,58,156,156,168,179,194,244,261,261,293,339,364,380,380,399,413,34,34,34],"floor_reached":51,"language":"ENG","playtime":5626,"items_purged":["Bloodletting+1"],"score":984,"play_id":"ae38b08c-961b-46e4-806a-7c33823fa0a3","local_time":"20210212005226","is_ascension_mode":true,"campfire_choices":[{"data":"True Grit","floor":6.0,"key":"SMITH"},{"data":"Whirlwind","floor":8.0,"key":"SMITH"},{"data":"Twin Strike","floor":10.0,"key":"SMITH"},{"floor":15.0,"key":"REST"},{"floor":24.0,"key":"REST"},{"data":"Limit Break","floor":27.0,"key":"SMITH"},{"data":"True Grit","floor":32.0,"key":"SMITH"},{"data":"Impervious","floor":40.0,"key":"SMITH"},{"data":"Armaments","floor":45.0,"key":"SMITH"},{"floor":49,"key":"REST"}],"circlet_count":0,"master_deck":["Strike_R","Strike_R","Defend_R+1","Defend_R+1","Bash","CurseOfTheBell","True Grit+1","Twin Strike+1","Feel No Pain","Carnage","Bludgeon","Whirlwind+1","Battle Trance","Armaments+1","True Grit+1","Offering","Limit Break+1","Burning Pact","Feed","Entrench","Entrench","Clothesline","Barricade","Body Slam","Impervious+1","Havoc+1","Inflame+1","Power Through+1","Pummel+1","Parasite","Blood for Blood+1","Heavy Blade"],"relics":["Calling Bell","Pantograph","Gambling Chip","War Paint","Ginger","Thread and Needle","Red Skull","Snecko Eye","Art of War","Shuriken","Letter Opener","Astrolabe","Bird Faced Urn","Toy Ornithopter","Lizard Tail","Bag of Marbles","Torii"],"acts_visited":["Exordium","TheCity","TheBeyond"],"potions_floor_usage":[50],"damage_taken":[{"damage":1.0,"enemies":"2 Louse","floor":1.0,"turns":3.0},{"damage":2.0,"enemies":"Small Slimes","floor":2.0,"turns":3.0},{"damage":0.0,"enemies":"Cultist","floor":3.0,"turns":3.0},{"damage":12.0,"enemies":"Lots of Slimes","floor":7.0,"turns":5.0},{"damage":16.0,"enemies":"3 Sentries","floor":11.0,"turns":4.0},{"damage":0.0,"enemies":"Blue Slaver","floor":12.0,"turns":4.0},{"damage":0.0,"enemies":"Large Slime","floor":13.0,"turns":4.0},{"damage":12.0,"enemies":"Gremlin Nob","floor":14.0,"turns":3.0},{"damage":63.0,"enemies":"The Guardian","floor":16.0,"turns":13.0},{"damage":0.0,"enemies":"Chosen","floor":18.0,"turns":3.0},{"damage":6.0,"enemies":"Shell Parasite","floor":19.0,"turns":2.0},{"damage":6.0,"enemies":"3 Cultists","floor":21.0,"turns":5.0},{"damage":14.0,"enemies":"Cultist and Chosen","floor":22.0,"turns":3.0},{"damage":12.0,"enemies":"Gremlin Leader","floor":23.0,"turns":6.0},{"damage":6.0,"enemies":"Snake Plant","floor":30.0,"turns":1.0},{"damage":0.0,"enemies":"Snecko","floor":31.0,"turns":3.0},{"damage":6.0,"enemies":"Champ","floor":33.0,"turns":10.0},{"damage":0.0,"enemies":"Orb Walker","floor":35.0,"turns":2.0},{"damage":0.0,"enemies":"3 Darklings","floor":36.0,"turns":4.0},{"damage":0.0,"enemies":"Jaw Worm Horde","floor":37.0,"turns":3.0},{"damage":0.0,"enemies":"Mind Bloom Boss Battle","floor":38.0,"turns":7.0},{"damage":28.0,"enemies":"Writhing Mass","floor":39.0,"turns":7.0},{"damage":46.0,"enemies":"Reptomancer","floor":41.0,"turns":6.0},{"damage":17.0,"enemies":"2 Orb Walkers","floor":42.0,"turns":6.0},{"damage":3.0,"enemies":"3 Darklings","floor":44.0,"turns":8.0},{"damage":30.0,"enemies":"Spire Growth","floor":46.0,"turns":3.0},{"damage":38,"enemies":"Sphere and 2 Shapes","floor":47,"turns":5},{"damage":86,"enemies":"Awakened One","floor":50,"turns":17}],"seed_played":"-8999366764585082754","potions_obtained":[{"floor":1.0,"key":"LiquidBronze"},{"floor":7.0,"key":"Dexterity Potion"},{"floor":12.0,"key":"FearPotion"},{"floor":16.0,"key":"ElixirPotion"},{"floor":19.0,"key":"Explosive Potion"},{"floor":22.0,"key":"FearPotion"},{"floor":23.0,"key":"SpeedPotion"},{"floor":30.0,"key":"Fire Potion"},{"floor":36.0,"key":"SpeedPotion"},{"floor":41.0,"key":"BlessingOfTheForge"},{"floor":42.0,"key":"BloodPotion"},{"floor":47,"key":"Ancient Potion"}],"is_trial":false,"path_per_floor":["M","M","M","?","?","R","M","R","T","R","E","M","M","E","R","B",null,"M","M","$","M","M","E","R","$","T","R","$","?","M","M","R","B",null,"M","M","M","?","M","R","E","?","T","M","R","M","M","$","R","B",null],"character_chosen":"IRONCLAD","items_purchased":["Feed","Shuriken","Torii"],"campfire_rested":3,"item_purchase_floors":[20,25,48],"current_hp_per_floor":[71,69,69,62,62,62,50,50,50,50,34,34,34,22,46,8,62,62,56,56,53,42,30,55,55,55,55,55,55,49,52,52,71,85,85,85,88,92,67,67,25,23,23,50,50,20,42,42,72,18],"gold":34,"neow_bonus":"BOSS_RELIC","is_daily":false,"chose_seed":false,"campfire_upgraded":7,"win_rate":0.0,"timestamp":1613112746,"path_taken":["M","M","M","?","?","R","M","R","T","R","E","?","M","E","R","BOSS","M","M","$","?","M","E","R","$","T","R","$","?","?","M","R","BOSS","M","M","M","?","M","R","E","?","T","M","R","M","M","$","R","BOSS"],"items_purchased_type":["Card","Relic","Relic"],"build_version":"2020-12-22","purchased_purges":1,"victory":true,"max_hp_per_floor":[80,80,80,80,80,80,80,80,80,80,80,80,80,80,80,80,80,80,80,80,83,86,86,86,86,86,86,86,86,86,89,89,89,89,89,89,92,92,95,95,95,99,99,99,99,99,102,102,102,102],"relic_stats":{"Torii":7,"counters":[28,143],"Astrolabe":["Havoc","Inflame","Bloodletting"],"Ginger":[10],"Letter Opener":[170],"War Paint":["Defend_R","Defend_R"],"Lizard Tail":51,"Shuriken":[11],"Pantograph":79,"Gambling Chip":[116],"Bird Faced Urn":[26],"Snecko Eye":[202,199,212,191],"Art of War":[18],"obtain_stats":[{"Torii":48,"Astrolabe":34,"Thread and Needle":11,"Ginger":9,"Letter Opener":26,"War Paint":0,"Burning Blood":0,"Calling Bell":0,"Lizard Tail":42,"Shuriken":25,"Pantograph":0,"Gambling Chip":0,"Bird Faced Urn":38,"Snecko Eye":17,"Art of War":23,"Bag of Marbles":43,"Red Skull":14,"Toy Ornithopter":41},{"Torii":27,"Astrolabe":17,"Thread and Needle":5,"Ginger":4,"Letter Opener":14,"War Paint":0,"Burning Blood":0,"Calling Bell":0,"Lizard Tail":24,"Shuriken":14,"Pantograph":0,"Gambling Chip":0,"Bird Faced Urn":21,"Snecko Eye":9,"Art of War":14,"Bag of Marbles":24,"Red Skull":8,"Toy Ornithopter":23},{"Torii":126,"Astrolabe":75,"Thread and Needle":18,"Ginger":14,"Letter Opener":61,"War Paint":0,"Burning Blood":0,"Calling Bell":0,"Lizard Tail":110,"Shuriken":61,"Pantograph":0,"Gambling Chip":0,"Bird Faced Urn":91,"Snecko Eye":42,"Art of War":61,"Bag of Marbles":110,"Red Skull":29,"Toy Ornithopter":104}],"Toy Ornithopter":11},"card_choices":[{"not_picked":["Clothesline","Searing Blow"],"picked":"True Grit","floor":1.0},{"not_picked":["Armaments","Feel No Pain"],"picked":"Twin Strike","floor":2.0},{"not_picked":["Clothesline","Shockwave"],"picked":"Feel No Pain","floor":3.0},{"not_picked":["Combust","Metallicize"],"picked":"Whirlwind","floor":7.0},{"not_picked":["Sword Boomerang","Twin Strike"],"picked":"Battle Trance","floor":11.0},{"not_picked":["Anger","Metallicize"],"picked":"Armaments","floor":12.0},{"not_picked":["Wild Strike","Perfected Strike"],"picked":"True Grit","floor":13.0},{"not_picked":["Wild Strike","Exhume"],"picked":"Offering","floor":14.0},{"not_picked":["Offering","Impervious"],"picked":"Limit Break","floor":16.0},{"not_picked":["Warcry","Cleave"],"picked":"Burning Pact","floor":18.0},{"not_picked":["Thunderclap","Hemokinesis","Infernal Blade+1"],"picked":"SKIP","floor":19.0},{"not_picked":["Thunderclap+1","Bloodletting"],"picked":"Entrench","floor":21.0},{"not_picked":["Second Wind","Uppercut+1"],"picked":"Entrench","floor":22.0},{"not_picked":["Wild Strike","Intimidate"],"picked":"Clothesline","floor":23.0},{"not_picked":["Headbutt","Sentinel","Wild Strike"],"picked":"SKIP","floor":30.0},{"not_picked":["Seeing Red+1","Warcry"],"picked":"Body Slam","floor":31.0},{"not_picked":["Corruption","Fiend Fire"],"picked":"Impervious","floor":33.0},{"not_picked":["True Grit+1","Sentinel"],"picked":"Power Through+1","floor":35.0},{"not_picked":["Anger+1","Warcry+1"],"picked":"Pummel+1","floor":36.0},{"not_picked":["Sword Boomerang","Sentinel","Reckless Charge"],"picked":"SKIP","floor":37.0},{"not_picked":["Headbutt","Carnage"],"picked":"Blood for Blood+1","floor":39.0},{"not_picked":["Sword Boomerang+1","Wild Strike+1","Shrug It Off"],"picked":"SKIP","floor":41.0},{"not_picked":["Cleave+1","Blood for Blood"],"picked":"Heavy Blade","floor":42.0},{"not_picked":["Warcry","Body Slam+1","Double Tap"],"picked":"SKIP","floor":44.0},{"not_picked":["Twin Strike+1","Seeing Red","Iron Wave+1"],"picked":"SKIP","floor":46.0},{"not_picked":["Infernal Blade","Cleave+1","Anger"],"picked":"SKIP","floor":47}],"player_experience":160990,"relics_obtained":[{"floor":0.0,"key":"Pantograph"},{"floor":0.0,"key":"Gambling Chip"},{"floor":0.0,"key":"War Paint"},{"floor":9.0,"key":"Ginger"},{"floor":11.0,"key":"Thread and Needle"},{"floor":14.0,"key":"Red Skull"},{"floor":23.0,"key":"Art of War"},{"floor":26.0,"key":"Letter Opener"},{"floor":38.0,"key":"Bird Faced Urn"},{"floor":41.0,"key":"Toy Ornithopter"},{"floor":42.0,"key":"Lizard Tail"},{"floor":43.0,"key":"Bag of Marbles"}],"event_choices":[{"cards_removed":["Strike_R"],"damage_healed":0.0,"max_hp_gain":0.0,"max_hp_loss":0.0,"gold_gain":0.0,"event_name":"Golden Wing","player_choice":"Card Removal","floor":4.0,"gold_loss":0.0,"damage_taken":7.0},{"damage_healed":0.0,"max_hp_gain":0.0,"max_hp_loss":0.0,"gold_gain":0.0,"event_name":"Match and Keep!","player_choice":"2 cards matched","floor":5.0,"gold_loss":0.0,"damage_taken":0.0,"cards_obtained":["Carnage","Bludgeon"]},{"damage_healed":0.0,"max_hp_gain":0.0,"max_hp_loss":0.0,"gold_gain":0.0,"cards_transformed":["Strike_R"],"event_name":"Transmorgrifier","player_choice":"Transformed","floor":29.0,"gold_loss":0.0,"damage_taken":0.0,"cards_obtained":["Barricade"]},{"damage_healed":0.0,"max_hp_gain":0.0,"max_hp_loss":0.0,"gold_gain":0.0,"event_name":"MindBloom","player_choice":"Fight","floor":38.0,"gold_loss":0.0,"damage_taken":0.0},{"damage_healed":0.0,"max_hp_gain":0.0,"max_hp_loss":0.0,"gold_gain":0.0,"event_name":"Mysterious Sphere","player_choice":"Fight","floor":42.0,"gold_loss":0.0,"damage_taken":0.0}],"is_beta":false,"boss_relics":[{"not_picked":["Sozu","Coffee Dripper"],"picked":"Snecko Eye"},{"not_picked":["Busted Crown","Black Star"],"picked":"Astrolabe"}],"items_purged_floors":[48],"is_endless":false,"potions_floor_spawned":[1,7,12,16,19,22,23,30,36,41,42,47],"ascension_level":6}}