{"host":"8rqsnaeml9gxb0kp","time":1613101960,"event":{"mods":["AchievementEnabler","BaseMod","Dark Map","Minty Spire (QoL Compilation)","Relic Stats","StSLib","slay the spire mod where everything is the same but ironclad has a cowboy hat"],"gold_per_floor":[118,131,141,156,170,170,26,26,26,26,45,45,120,120,120,224,224,224],"floor_reached":17,"language":"ENG","playtime":363,"items_purged":[],"score":147,"play_id":"6aa86a73-f1cb-401a-bedd-bb4498914d5d","local_time":"20210211195240","is_ascension_mode":false,"campfire_choices":[{"data":"Pommel Strike","floor":6,"key":"SMITH"},{"data":"Immolate","floor":8,"key":"SMITH"},{"data":"Bash","floor":12,"key":"SMITH"},{"data":"Perfected Strike","floor":15,"key":"SMITH"}],"circlet_count":0,"master_deck":["Strike_R","Strike_R","Strike_R","Strike_R+1","Defend_R","Defend_R","Defend_R","Defend_R","Bash+1","Pummel","Thunderclap","Pommel Strike+1","Headbutt","Immolate+1","Perfected Strike+1","Impervious"],"relics":["Tiny House","Centennial Puzzle"],"acts_visited":["Exordium","TheCity"],"potions_floor_usage":[4,16],"damage_taken":[{"damage":6,"enemies":"2 Louse","floor":1,"turns":3},{"damage":11,"enemies":"Jaw Worm","floor":2,"turns":2},{"damage":6,"enemies":"Cultist","floor":3,"turns":3},{"damage":5,"enemies":"Looter","floor":4,"turns":3},{"damage":10,"enemies":"Exordium Thugs","floor":5,"turns":4},{"damage":0,"enemies":"Large Slime","floor":11,"turns":3},{"damage":6,"enemies":"Slime Boss","floor":16,"turns":8}],"seed_played":"1546556101981047605","potions_obtained":[{"floor":2,"key":"Energy Potion"},{"floor":3,"key":"Strength Potion"},{"floor":5,"key":"BloodPotion"},{"floor":16,"key":"FearPotion"}],"is_trial":false,"path_per_floor":["M","M","M","M","M","R","$","R","T","?","M","R","?","?","R","B",null],"character_chosen":"IRONCLAD","items_purchased":["Immolate"],"campfire_rested":0,"item_purchase_floors":[7],"current_hp_per_floor":[79,68,62,57,47,47,47,47,47,52,52,52,41,41,41,35,90,90],"gold":224,"neow_bonus":"BOSS_RELIC","is_daily":false,"chose_seed":false,"campfire_upgraded":4,"win_rate":0.0,"timestamp":1613101960,"path_taken":["M","M","M","M","M","R","$","R","T","?","M","R","?","?","R","BOSS"],"items_purchased_type":["Card"],"build_version":"2020-12-22","purchased_purges":0,"victory":false,"max_hp_per_floor":[85,85,85,85,85,85,85,85,85,90,90,90,90,90,90,90,90,90],"relic_stats":{"Centennial Puzzle":[3],"counters":[7,26],"obtain_stats":[{"Centennial Puzzle":9,"Tiny House":0,"Burning Blood":0},{"Centennial Puzzle":5,"Tiny House":0,"Burning Blood":0},{"Centennial Puzzle":15,"Tiny House":0,"Burning Blood":0}]},"card_choices":[{"not_picked":["Reckless Charge","Clash","Seeing Red"],"picked":"SKIP","floor":1},{"not_picked":["Armaments","Warcry"],"picked":"Pummel","floor":2},{"not_picked":["Fire Breathing","True Grit"],"picked":"Thunderclap","floor":3},{"not_picked":["Twin Strike","Havoc"],"picked":"Pommel Strike","floor":4},{"not_picked":["Dropkick","Second Wind"],"picked":"Headbutt","floor":5},{"not_picked":["Iron Wave","Carnage","Brutality"],"picked":"SKIP","floor":11},{"not_picked":["Corruption","Barricade"],"picked":"Impervious","floor":16}],"player_experience":205458,"relics_obtained":[{"floor":9,"key":"Centennial Puzzle"}],"event_choices":[{"damage_healed":0,"gold_gain":0,"player_choice":"Donut","damage_taken":0,"max_hp_gain":5,"max_hp_loss":0,"event_name":"Big Fish","floor":10,"gold_loss":0},{"damage_healed":0,"gold_gain":75,"player_choice":"Gather Gold","damage_taken":11,"max_hp_gain":0,"max_hp_loss":0,"event_name":"World of Goop","floor":13,"gold_loss":0},{"damage_healed":0,"gold_gain":0,"cards_transformed":["Strike_R"],"player_choice":"Change","damage_taken":0,"max_hp_gain":0,"max_hp_loss":0,"event_name":"Living Wall","floor":14,"gold_loss":0,"cards_obtained":["Perfected Strike"]}],"is_beta":false,"boss_relics":[{"not_picked":["Busted Crown","Astrolabe","SlaversCollar"]}],"items_purged_floors":[],"is_endless":false,"potions_floor_spawned":[2,3,5,16],"ascension_level":0}}