{"host":"8ps3pfk2b2drr3ex","time":1613154986,"event":{"mods":["2.2 Compatiblity","AchievementEnabler","Act Like it!","BaseMod","Bestiary","Better Match","BetterRewards","Colored Map","Colored Powertips","Conspire","Downfall","Evolution","GifTheSpireLib","Gold Saver","Hallownest","Hubris","Minty Spire (QoL Compilation)","Permanent Neow","Relic Filter","Replay The Spire","Shop Mod","StSLib","Stuff the Spire","The Bug Knight","The Cursed","The Senshi"],"gold_per_floor":[707,718,358,375,375,54,54,70,95,95,105,119,119,153,166,262,262,62,81,81,81,81,113,137,137,150,150,150,112,128,160,176,281,281,181,217,217,108,119,160,160,175,175,224,255,298,298,318,330,330,330,388,80,80,80,80,80,80],"floor_reached":56,"language":"ENG","playtime":12390,"items_purged":["downfall:Malfunctioning","Pain"],"score":957,"play_id":"9121047b-9db5-4202-bab7-6972f1d937b4","local_time":"20210212133626","is_ascension_mode":true,"campfire_choices":[{"data":"sneckomod:TailWhip","floor":1,"key":"SMITH"},{"floor":18,"key":"RECALL"},{"data":"StuffTheSpire:Ambrosia","floor":25,"key":"SMITH"},{"floor":28,"key":"REST"},{"data":"sneckomod:UnknownRarePower","floor":35,"key":"SMITH"},{"floor":47,"key":"REST"},{"floor":54,"key":"REST"}],"circlet_count":0,"master_deck":["DevaForm+1","sneckomod:QuickBite+1","sneckomod:DiceCrush+1","sneckomod:QuickMove","sneckomod:DiceBlock","sneckomod:QuickMove","sneckomod:TailWhip+1","sneckomod:SnekBite","sneckomod:Unknown","sneckomod:Unknown","sneckomod:UnknownUncommonPower+1","sneckomod:Unknown1Cost","sneckomod:CheapStock+1","sneckomod:UnknownUncommonAttack+1","sneckomod:ImprovisedAttack+1","sneckomod:UnknownStrength","sneckomod:SoulRoll","sneckomod:Transmogrify","sneckomod:UnknownRarePower+1","AbeCurse","sneckomod:UnknownClassPURPLE","Necronomicurse","StuffTheSpire:Ambrosia+1","sneckomod:UnknownUncommonPower","sneckomod:UnknownClassPURPLE","sneckomod:UnknownStrike+1","sneckomod:IronFang+1","sneckomod:UnknownRareSkill","sneckomod:SoulRoll+1","expansioncontent:Chronoboost","sneckomod:UnknownClassBUGKNIGHT_GRAY_COLOR","sneckomod:Unknown3Cost","sneckomod:SoulRoll","sneckomod:UnknownUncommonPower","sneckomod:MorePower","sneckomod:Unknown3Cost+1","sneckomod:SoulRoll+1","sneckomod:UnknownRareSkill+1","sneckomod:UnknownRareSkill+1","sneckomod:UnknownRarePower+1","sneckomod:UnknownRareSkill+1","sneckomod:UnknownRareSkill+1","sneckomod:UnknownClassTHE_BRONZE_AUTOMATON+1","sneckomod:MasterEye"],"relics":["EVO:Axolotl","MerchantsRug","Guide Book","hubris:EvacipatedBox","hubris:Towel","Sling","Frozen Eye","Abe\u0027s Treasure","downfall:HeartBlessingBlue","downfall:HeartBlessingGreen","Necronomicon","Replay:Baseball","StuffTheSpire:OldFever","sneckomod:BlankCard","Strawberry","sneckomod:ConfusingCodex","Replay:Wax Seal","Bottled Tornado","ReplayTheSpireMod:Ninjato","Molten Egg 2","StuffTheSpire:Mouthbags","StuffTheSpire:HeavyRock","Replay:Bronze Core","downfall:HeartBlessingRed","hubris:TinFlute","StuffTheSpire:Tea","Replay:Bottled Flurry","conspire:DeflatedDodgeball","Replay:WaspNest","conspire:Dentures","Question Card","Kunai","InkBottle","Happy Flower","conspire:Dentures"],"acts_visited":["Exordium","TheCity","TheBeyond","TheEnding"],"potions_floor_usage":[32,38,38,39,45,46,49,56],"damage_taken":[{"damage":0,"enemies":"2 Louse","floor":2,"turns":2},{"damage":0,"enemies":"downfall:FleeingMerchant","floor":3,"turns":4},{"damage":11,"enemies":"Jaw Worm","floor":4,"turns":2},{"damage":0,"enemies":"downfall:FleeingMerchant","floor":6,"turns":4},{"damage":0,"enemies":"Cultist","floor":8,"turns":3},{"damage":8,"enemies":"Blue Slaver","floor":11,"turns":2},{"damage":9,"enemies":"2 Fungi Beasts","floor":12,"turns":3},{"damage":3,"enemies":"Replay:BlueRogue","floor":14,"turns":5},{"damage":4,"enemies":"3 Louse","floor":15,"turns":2},{"damage":2,"enemies":"IC_STATUS_ARCHETYPE","floor":16,"turns":8},{"damage":12,"enemies":"3 Byrds","floor":19,"turns":6},{"damage":14,"enemies":"Book of Stabbing","floor":23,"turns":4},{"damage":6,"enemies":"Spheric Guardian","floor":26,"turns":1},{"damage":4,"enemies":"downfall:FleeingMerchant","floor":29,"turns":4},{"damage":6,"enemies":"Chosen and Byrds","floor":30,"turns":5},{"damage":0,"enemies":"HollowMod:Nosk","floor":31,"turns":6},{"damage":16,"enemies":"Snake Plant","floor":32,"turns":4},{"damage":8,"enemies":"SI_MIRROR_ARCHETYPE","floor":33,"turns":6},{"damage":22,"enemies":"3 Shapes","floor":36,"turns":4},{"damage":0,"enemies":"downfall:FleeingMerchant","floor":38,"turns":2},{"damage":9,"enemies":"3 Darklings","floor":39,"turns":5},{"damage":36,"enemies":"Jaw Worm Horde","floor":40,"turns":4},{"damage":2,"enemies":"Sphere and 2 Shapes","floor":42,"turns":6},{"damage":7,"enemies":"Writhing Mass","floor":44,"turns":4},{"damage":35,"enemies":"Reptomancer","floor":45,"turns":4},{"damage":0,"enemies":"Transient","floor":46,"turns":5},{"damage":24,"enemies":"Maw","floor":48,"turns":6},{"damage":7,"enemies":"3 Darklings","floor":49,"turns":3},{"damage":52,"enemies":"WA_ARCHETYPE_DIVINITY","floor":50,"turns":7},{"damage":55,"enemies":"downfall:CharBossMerchant","floor":52,"turns":5},{"damage":29,"enemies":"downfall:NeowBoss","floor":55,"turns":12},{"damage":100100,"enemies":"downfall:NeowBossFinal","floor":56,"turns":9}],"seed_played":"6095484328696805689","potions_obtained":[{"floor":11,"key":"Energy Potion"},{"floor":12,"key":"Strength Potion"},{"floor":30,"key":"LiquidMemories"},{"floor":32,"key":"DuplicationPotion"},{"floor":39,"key":"SneckoOil"},{"floor":46,"key":"Elixir"},{"floor":48,"key":"Adrenaline Potion"},{"floor":52,"key":"DuplicationPotion"}],"is_trial":false,"path_per_floor":["R","M","$","M","?","$","T","M","T","$","M","M","?","E","M","B",null,"R","M","?","?","?","E","T","R","M","?","R","$","M","E","M","B",null,"R","M","?","$","M","M","T","M","$","M","E","M","R","M","M","B",null,"E","$","R","B","B"],"character_chosen":"THE_SNECKO","items_purchased":["Sling","sneckomod:CheapStock","sneckomod:UnknownUncommonAttack","AttackPotion","MerchantsRug","Guide Book","hubris:EvacipatedBox","Replay:Wax Seal","Fruit Juice","sneckomod:Unknown3Cost","sneckomod:SoulRoll","sneckomod:UnknownUncommonPower","LiquidMemories","sneckomod:MasterEye","conspire:Dentures"],"campfire_rested":3,"item_purchase_floors":[3,3,3,3,6,6,10,29,38,38,38,38,38,53,53],"current_hp_per_floor":[99,99,99,88,88,88,88,88,88,64,56,47,47,44,40,38,99,109,97,81,81,81,68,75,75,75,50,87,85,81,83,69,63,134,134,114,114,121,114,80,80,80,80,75,42,44,90,68,63,19,161,108,108,156,133,0,0,0],"gold":80,"neow_bonus":"BOSS_RELIC","is_daily":false,"chose_seed":false,"campfire_upgraded":3,"win_rate":0.0,"timestamp":1613154986,"path_taken":["R","M","$","M","?","$","T","M","?","?","M","M","?","E","M","BOSS","R","M","?","?","?","E","T","R","M","?","R","$","M","E","M","BOSS","R","M","?","$","M","M","T","M","$","M","E","M","R","M","M","BOSS","E","$","R","BOSS","BOSS"],"items_purchased_type":["Relic","Card","Card","Potion","Relic","Relic","Relic","Relic","Potion","Card","Card","Card","Potion","Card","Relic"],"build_version":"2020-12-22","purchased_purges":2,"victory":false,"max_hp_per_floor":[99,99,99,99,99,99,99,99,99,99,99,99,99,99,99,99,99,109,109,109,109,109,110,117,117,119,124,124,126,128,130,132,134,134,134,136,136,143,145,147,147,149,149,151,153,155,155,157,159,161,161,163,163,163,165,167,167,167],"card_choices":[{"not_picked":["sneckomod:SoulDraw","sneckomod:IronFang"],"picked":"sneckomod:UnknownUncommonPower","floor":2},{"not_picked":["sneckomod:DiceCrush","sneckomod:SerpentIdol"],"picked":"sneckomod:Unknown1Cost","floor":3},{"not_picked":["sneckomod:RainOfDice","sneckomod:UnknownUncommonSkill"],"picked":"sneckomod:ImprovisedAttack","floor":4},{"not_picked":["sneckomod:UnknownUncommonAttack","sneckomod:Unknown0Cost"],"picked":"sneckomod:UnknownStrength","floor":6},{"not_picked":["sneckomod:QuickMove","sneckomod:DiceCrush","sneckomod:SoulRoll"],"picked":"SKIP","floor":8},{"not_picked":["sneckomod:IronFang","sneckomod:UnknownDraw"],"picked":"sneckomod:SoulRoll","floor":11},{"not_picked":["sneckomod:DiceCrush","sneckomod:Nope","sneckomod:UnknownCommonSkill"],"picked":"SKIP","floor":12},{"not_picked":["sneckomod:DiceBlock","sneckomod:SerpentIdol","sneckomod:UnknownCommonSkill"],"picked":"SKIP","floor":14},{"not_picked":["sneckomod:QuickBite","sneckomod:DiceBlock"],"picked":"sneckomod:Transmogrify","floor":15},{"not_picked":["sneckomod:MorePower","sneckomod:Restock"],"picked":"sneckomod:UnknownRarePower","floor":16},{"not_picked":["sneckomod:UnknownCommonAttack+1","sneckomod:DiceBoulder"],"picked":"sneckomod:UnknownClassPURPLE","floor":19},{"not_picked":["sneckomod:MixItUp+1","sneckomod:RainOfDice"],"picked":"sneckomod:UnknownUncommonPower","floor":23},{"not_picked":["sneckomod:SoulDraw","sneckomod:Unknown1Cost","sneckomod:RainOfDice"],"picked":"SKIP","floor":26},{"not_picked":["sneckomod:RainOfDice","sneckomod:IronFang"],"picked":"sneckomod:UnknownClassPURPLE","floor":29},{"not_picked":["sneckomod:UnknownClassPURPLE","sneckomod:QuickMove","sneckomod:UnknownBlock"],"picked":"SKIP","floor":30},{"not_picked":["sneckomod:SlitherStrike+1","sneckomod:ImprovisedGuard"],"picked":"sneckomod:UnknownStrike+1","floor":31},{"not_picked":["sneckomod:QuickBite+1","sneckomod:MixItUp+1","sneckomod:UnknownClassPURPLE"],"picked":"SKIP","floor":32},{"not_picked":["sneckomod:GlitteringGambit","sneckomod:Cheat"],"picked":"sneckomod:UnknownRareSkill","floor":33},{"not_picked":["sneckomod:UnknownClassPURPLE","sneckomod:QuickMove+1"],"picked":"sneckomod:SoulRoll+1","floor":36},{"not_picked":["Replay:SS_forest_2","expansioncontent:GuardianWhirl"],"picked":"expansioncontent:Chronoboost","floor":37},{"not_picked":["sneckomod:WideSting+1","sneckomod:SoulDraw+1"],"picked":"sneckomod:UnknownClassBUGKNIGHT_GRAY_COLOR","floor":38},{"not_picked":["sneckomod:UnknownCommonAttack+1","sneckomod:UnknownCommonSkill"],"picked":"sneckomod:MorePower","floor":39},{"not_picked":["sneckomod:UnknownX+1","sneckomod:UnknownClassBUGKNIGHT_GRAY_COLOR+1"],"picked":"sneckomod:Unknown3Cost+1","floor":40},{"not_picked":["sneckomod:Rotation","sneckomod:UnknownClassPURPLE"],"picked":"sneckomod:SoulRoll+1","floor":40},{"not_picked":["sneckomod:UnknownColorless+1","sneckomod:UnknownClassBUGKNIGHT_GRAY_COLOR+1"],"picked":"sneckomod:UnknownRareSkill+1","floor":42},{"not_picked":["sneckomod:UnknownCommonSkill+1","sneckomod:RainOfDice+1","sneckomod:Nope"],"picked":"SKIP","floor":42},{"not_picked":["sneckomod:UnknownX+1","sneckomod:UnknownStrength+1"],"picked":"sneckomod:UnknownRareSkill+1","floor":44},{"not_picked":["sneckomod:UnknownRareSkill","sneckomod:UnknownBlock","sneckomod:DiceBlock+1"],"picked":"SKIP","floor":44},{"not_picked":["sneckomod:UnknownClassPURPLE","sneckomod:UnknownUncommonSkill+1","sneckomod:WideSting+1"],"picked":"SKIP","floor":45},{"not_picked":["sneckomod:Unknown3Cost+1","sneckomod:UnknownCommonSkill+1"],"picked":"sneckomod:UnknownRarePower+1","floor":46},{"not_picked":["sneckomod:UnknownStrike+1","sneckomod:IronFang+1","sneckomod:UnknownDexterity"],"picked":"SKIP","floor":46},{"not_picked":["sneckomod:UnknownUncommonAttack+1","sneckomod:Unknown0Cost+1"],"picked":"sneckomod:UnknownRareSkill+1","floor":48},{"not_picked":["sneckomod:UnknownWeak+1","sneckomod:TrashToTreasure+1","sneckomod:ImprovisedGuard","sneckomod:UnknownClassPURPLE"],"picked":"SKIP","floor":48},{"not_picked":["sneckomod:UnknownDraw","sneckomod:SoulRoll+1","sneckomod:UnknownBlock","sneckomod:SoulExchange"],"picked":"SKIP","floor":49},{"not_picked":["sneckomod:UnknownUncommonSkill+1","sneckomod:UnknownDraw+1"],"picked":"sneckomod:UnknownRareSkill+1","floor":52},{"not_picked":["sneckomod:UnknownClassPURPLE+1","sneckomod:UnknownWeak+1"],"picked":"sneckomod:UnknownClassTHE_BRONZE_AUTOMATON+1","floor":52},{"not_picked":["sneckomod:UnknownWeak+1","sneckomod:UnknownVulnerable","sneckomod:MixItUp+1","sneckomod:UnknownCommonAttack+1"],"picked":"SKIP","floor":52}],"player_experience":1132751,"relics_obtained":[{"floor":9,"key":"Juzu Bracelet"},{"floor":14,"key":"sneckomod:ConfusingCodex"},{"floor":16,"key":"Sling"},{"floor":16,"key":"Frozen Eye"},{"floor":19,"key":"hubris:TinFlute"},{"floor":19,"key":"sneckomod:ConfusingCodex"},{"floor":20,"key":"Necronomicon"},{"floor":23,"key":"Replay:Baseball"},{"floor":23,"key":"StuffTheSpire:OldFever"},{"floor":23,"key":"sneckomod:BlankCard"},{"floor":24,"key":"Strawberry"},{"floor":29,"key":"Pantograph"},{"floor":29,"key":"sneckomod:ConfusingCodex"},{"floor":30,"key":"Pantograph"},{"floor":30,"key":"Bottled Tornado"},{"floor":31,"key":"ReplayTheSpireMod:Ninjato"},{"floor":31,"key":"Molten Egg 2"},{"floor":31,"key":"StuffTheSpire:HeavyRock"},{"floor":32,"key":"hubris:TinFlute"},{"floor":32,"key":"InkBottle"},{"floor":33,"key":"StuffTheSpire:Mouthbags"},{"floor":33,"key":"StuffTheSpire:HeavyRock"},{"floor":36,"key":"Replay:WaspNest"},{"floor":36,"key":"hubris:TinFlute"},{"floor":39,"key":"StuffTheSpire:Tea"},{"floor":39,"key":"Replay:WaspNest"},{"floor":41,"key":"Replay:Bottled Flurry"},{"floor":42,"key":"conspire:DeflatedDodgeball"},{"floor":42,"key":"Replay:WaspNest"},{"floor":45,"key":"conspire:Dentures"},{"floor":45,"key":"InkBottle"},{"floor":45,"key":"Kunai"},{"floor":46,"key":"Question Card"},{"floor":46,"key":"Kunai"},{"floor":48,"key":"Replay:WaspNest"},{"floor":48,"key":"InkBottle"},{"floor":52,"key":"Happy Flower"}],"event_choices":[],"is_beta":false,"boss_relics":[{"not_picked":["Fusion Hammer","Calling Bell","SacredBark"],"picked":"Abe\u0027s Treasure"},{"not_picked":["Philosopher\u0027s Stone","Replay:Wanted Poster","Astrolabe"],"picked":"Replay:Bronze Core"}],"items_purged_floors":[10,29],"is_endless":false,"potions_floor_spawned":[11,12,14,23,30,32,33,36,39,44,46,48,52],"killed_by":"downfall:NeowBossFinal","ascension_level":1}}