{"host":"rmsq46plbpwfbxcc","time":1613137527,"event":{"mods":["AchievementEnabler","BaseMod","Colored Map","Colored Powertips","DeckTracker","KOR Keyword Fix","Minty Spire (QoL Compilation)","Permanent Neow","Quick Restart","SuperFastMode"],"gold_per_floor":[114,39,58,70,90,90,101,101,126,185,215,140,166,199,199,199,199],"floor_reached":16,"language":"KOR","playtime":432,"items_purged":["Strike_G"],"score":220,"play_id":"6b1ab193-646b-45d9-8adc-6361715c0150","local_time":"20210212224527","is_ascension_mode":true,"campfire_choices":[{"data":"Neutralize","floor":6,"key":"SMITH"},{"data":"Blur","floor":8,"key":"SMITH"},{"data":"Burst","floor":15,"key":"SMITH"}],"circlet_count":0,"master_deck":["AscendersBane","Strike_G","Strike_G","Defend_G","Defend_G","Defend_G","Survivor","Neutralize+1","Slice+1","All Out Attack+1","Blade Dance+1","PiercingWail","Blur+1","Burst+1"],"relics":["Astrolabe","Regal Pillow","Snake Skull","Lantern","Odd Mushroom","Bag of Marbles"],"acts_visited":["Exordium"],"potions_floor_usage":[10,11,13,16],"damage_taken":[{"damage":0,"enemies":"2 Louse","floor":1,"turns":1},{"damage":4,"enemies":"Small Slimes","floor":3,"turns":3},{"damage":0,"enemies":"Jaw Worm","floor":4,"turns":3},{"damage":0,"enemies":"2 Fungi Beasts","floor":5,"turns":2},{"damage":0,"enemies":"Blue Slaver","floor":7,"turns":4},{"damage":5,"enemies":"3 Sentries","floor":10,"turns":7},{"damage":5,"enemies":"3 Sentries","floor":11,"turns":3},{"damage":0,"enemies":"The Mushroom Lair","floor":13,"turns":3},{"damage":25,"enemies":"Lagavulin","floor":14,"turns":7},{"damage":20,"enemies":"Hexaghost","floor":16,"turns":11}],"seed_played":"-961982581016413360","potions_obtained":[{"floor":1,"key":"AttackPotion"},{"floor":3,"key":"LiquidMemories"},{"floor":10,"key":"Swift Potion"},{"floor":14,"key":"Fire Potion"}],"is_trial":false,"path_per_floor":["M","$","M","M","M","R","M","R","T","?","E","?","?","E","R","B"],"character_chosen":"THE_SILENT","items_purchased":[],"campfire_rested":0,"item_purchase_floors":[],"current_hp_per_floor":[59,59,55,55,55,55,55,55,55,50,45,45,45,20,20,0,0],"gold":199,"neow_bonus":"BOSS_RELIC","is_daily":false,"chose_seed":false,"campfire_upgraded":3,"win_rate":0.0,"timestamp":1613137527,"path_taken":["M","$","M","M","M","R","M","R","T","?","E","?","?","E","R","BOSS"],"items_purchased_type":[],"build_version":"2020-12-22","purchased_purges":1,"victory":false,"max_hp_per_floor":[66,66,66,66,66,66,66,66,66,66,66,66,66,66,66,66,66],"card_choices":[{"not_picked":["Endless Agony","Dodge and Roll","Dagger Throw"],"picked":"SKIP","floor":1},{"not_picked":["Dagger Spray","Calculated Gamble","Sucker Punch"],"picked":"SKIP","floor":3},{"not_picked":["Infinite Blades","Dodge and Roll","Dagger Throw"],"picked":"SKIP","floor":4},{"not_picked":["Calculated Gamble","Flying Knee"],"picked":"PiercingWail","floor":5},{"not_picked":["Well Laid Plans","Dagger Spray"],"picked":"Blur","floor":7},{"not_picked":["Blur","Slice","Bane"],"picked":"SKIP","floor":11},{"not_picked":["Backflip","Caltrops"],"picked":"Burst","floor":14}],"player_experience":691181,"relics_obtained":[{"floor":9,"key":"Regal Pillow"},{"floor":10,"key":"Snake Skull"},{"floor":11,"key":"Lantern"},{"floor":13,"key":"Odd Mushroom"},{"floor":14,"key":"Bag of Marbles"}],"event_choices":[{"damage_healed":0,"gold_gain":0,"player_choice":"Searched \u00272\u0027 times","damage_taken":0,"max_hp_gain":0,"max_hp_loss":0,"event_name":"Dead Adventurer","floor":10,"gold_loss":0},{"cards_removed":["Defend_G"],"damage_healed":0,"gold_gain":0,"player_choice":"Card Removal","damage_taken":0,"max_hp_gain":0,"max_hp_loss":0,"event_name":"The Cleric","floor":12,"gold_loss":75},{"damage_healed":0,"gold_gain":0,"player_choice":"Fought Mushrooms","damage_taken":0,"max_hp_gain":0,"max_hp_loss":0,"event_name":"Mushrooms","floor":13,"gold_loss":0}],"is_beta":false,"boss_relics":[],"items_purged_floors":[2],"is_endless":false,"potions_floor_spawned":[1,3,7,10,14],"killed_by":"Hexaghost","ascension_level":20}}