{"host":"bakf0s4odzu8z5xt","time":1613167000,"event":{"mods":["2.2 Compatiblity","BaseMod","Downfall","Friendly Minions","Minty Spire (QoL Compilation)","StSLib"],"gold_per_floor":[99,111,123,139,139,139,189,221,241,241,255,165,194,211,223,322,322,322,339,352,437,30,47,123,156,170,200,200,200,200,228,246,346,346,146,159,159,174,227,227,250,268,302,335,353,380,280,305,321,321,321,355,63,63,63,63,63,63],"floor_reached":56,"language":"ENG","playtime":5591,"items_purged":["hexamod:Strike","hexamod:Strike","hexamod:Strike","hexamod:FlamesFromBeyond"],"score":1135,"play_id":"cf2faa8d-ce6b-4930-aa8c-dce4fe3f7196","local_time":"20210212155640","is_ascension_mode":true,"campfire_choices":[{"data":"hexamod:Sear","floor":1,"key":"SMITH"},{"data":"hexamod:Firestarter","floor":6,"key":"SMITH"},{"floor":10,"key":"REST"},{"data":"hexamod:HeatShield","floor":18,"key":"SMITH"},{"floor":35,"key":"RECALL"},{"data":"hexamod:RainOfEmbers","floor":47,"key":"PURGE"},{"data":"hexamod:SearingWound","floor":54,"key":"PURGE"}],"circlet_count":0,"master_deck":["hexamod:Defend","hexamod:Defend","hexamod:Defend","hexamod:Defend+1","hexamod:Sear+1","hexamod:Float","hexamod:SoulSteal+1","hexamod:Firestarter+1","hexamod:PhantomCloak","hexamod:SearingWound","hexamod:HeatShield+1","hexamod:HeatMetal","hexamod:HeatCrush","hexamod:ForkedFlame","hexamod:Incineration","hexamod:Hexaguard+1","hexamod:HeatShield","hexamod:ExtraCrispy","hexamod:GhostOfSpirePresent","hexamod:Hexaguard+1","hexamod:GhostShield+1","hexamod:WildfireWeapon","hexamod:TimeOfNeed","hexamod:RadiantFlame+1","hexamod:EmpoweredFlame"],"relics":["hexamod:SpiritBrand","Thread and Needle","Guardian:PocketSentry","Omamori","HornCleat","Black Star","WingedGreaves","Question Card","Nunchaku","Orichalcum","hexamod:CandleOfCauterizing","White Beast Statue","Anchor","War Paint","Fusion Hammer","downfall:HeartBlessingGreen","downfall:HeartBlessingBlue","hexamod:JarOfFuel","Centennial Puzzle","bronze:DecasWashers","Calipers","Eternal Feather","Bag of Preparation","Peace Pipe","Meat on the Bone","downfall:HeartBlessingRed","Pocketwatch","Slimebound:PreparedRelic","Slimebound:StickyStick","Happy Flower"],"acts_visited":["Exordium","TheCity","TheBeyond","TheEnding"],"potions_floor_usage":[11,13,19,25,32,38,39,42,43,44,45,45,46,46,50,50,56,56,56],"damage_taken":[{"damage":0,"enemies":"Small Slimes","floor":2,"turns":3},{"damage":0,"enemies":"Jaw Worm","floor":3,"turns":3},{"damage":0,"enemies":"2 Louse","floor":4,"turns":3},{"damage":4,"enemies":"3 Sentries","floor":8,"turns":3},{"damage":0,"enemies":"Blue Slaver","floor":9,"turns":3},{"damage":2,"enemies":"Exordium Thugs","floor":11,"turns":4},{"damage":0,"enemies":"downfall:FleeingMerchant","floor":12,"turns":4},{"damage":0,"enemies":"Gremlin Nob","floor":13,"turns":3},{"damage":15,"enemies":"Exordium Wildlife","floor":14,"turns":3},{"damage":0,"enemies":"3 Louse","floor":15,"turns":2},{"damage":0,"enemies":"IC_STATUS_ARCHETYPE","floor":16,"turns":6},{"damage":0,"enemies":"3 Byrds","floor":19,"turns":4},{"damage":0,"enemies":"Spheric Guardian","floor":20,"turns":3},{"damage":0,"enemies":"downfall:FleeingMerchant","floor":22,"turns":4},{"damage":4,"enemies":"Shelled Parasite and Fungi","floor":23,"turns":6},{"damage":6,"enemies":"Book of Stabbing","floor":25,"turns":4},{"damage":5,"enemies":"Centurion and Healer","floor":26,"turns":4},{"damage":0,"enemies":"Gremlin Leader","floor":27,"turns":3},{"damage":5,"enemies":"Slavers","floor":31,"turns":3},{"damage":0,"enemies":"Snecko","floor":32,"turns":3},{"damage":24,"enemies":"SI_MIRROR_ARCHETYPE","floor":33,"turns":8},{"damage":0,"enemies":"Orb Walker","floor":36,"turns":3},{"damage":0,"enemies":"3 Shapes","floor":38,"turns":4},{"damage":0,"enemies":"downfall:FleeingMerchant","floor":39,"turns":3},{"damage":0,"enemies":"Transient","floor":42,"turns":5},{"damage":0,"enemies":"Reptomancer","floor":43,"turns":7},{"damage":20,"enemies":"Nemesis","floor":44,"turns":5},{"damage":0,"enemies":"Jaw Worm Horde","floor":45,"turns":3},{"damage":5,"enemies":"Reptomancer","floor":46,"turns":6},{"damage":23,"enemies":"Nemesis","floor":48,"turns":7},{"damage":0,"enemies":"Maw","floor":49,"turns":6},{"damage":27,"enemies":"DF_ARCHETYPE_ORBS","floor":50,"turns":11},{"damage":9,"enemies":"downfall:CharBossMerchant","floor":52,"turns":11},{"damage":2,"enemies":"downfall:NeowBoss","floor":55,"turns":19},{"damage":90,"enemies":"downfall:NeowBossFinal","floor":56,"turns":14}],"seed_played":"6701459340041517904","potions_obtained":[{"floor":2,"key":"Block Potion"},{"floor":8,"key":"GamblersBrew"},{"floor":13,"key":"Strength Potion"},{"floor":15,"key":"champ:CounterPotion"},{"floor":19,"key":"Dexterity Potion"},{"floor":25,"key":"hexamod:InfernoChargePotion"},{"floor":26,"key":"Swift Potion"},{"floor":31,"key":"DistilledChaos"},{"floor":32,"key":"FairyPotion"},{"floor":33,"key":"SteroidPotion"},{"floor":36,"key":"hexamod:SoulburnPotion"},{"floor":38,"key":"Weak Potion"},{"floor":39,"key":"LiquidMemories"},{"floor":42,"key":"Fire Potion"},{"floor":43,"key":"Dexterity Potion"},{"floor":44,"key":"sneckomod:MuddlingPotion"},{"floor":45,"key":"Guardian:BlockOnCardUsePotion"},{"floor":46,"key":"sneckomod:MuddlingPotion"},{"floor":48,"key":"SneckoOil"},{"floor":49,"key":"hexamod:SoulburnPotion"},{"floor":52,"key":"SpeedPotion"}],"is_trial":false,"path_per_floor":["R","M","M","M","?","R","T","E","M","R","M","$","E","M","M","B",null,"R","M","M","?","$","M","T","E","M","E","?","?","T","E","M","B",null,"R","M","?","M","$","?","T","M","E","E","M","E","R","E","M","B",null,"E","$","R","B","B"],"character_chosen":"THE_SPIRIT","items_purchased":["WingedGreaves","hexamod:JarOfFuel","Energy Potion","Energy Potion","hexamod:EmpoweredFlame"],"campfire_rested":1,"item_purchase_floors":[22,39,53,53,53],"current_hp_per_floor":[49,49,49,49,49,49,49,45,45,66,64,64,64,49,49,49,70,70,70,70,56,56,52,52,46,41,41,41,41,41,36,36,12,70,80,80,80,80,80,80,80,80,80,60,60,55,70,47,47,32,80,71,71,80,78,0,0,0],"gold":63,"neow_bonus":"ONE_RARE_RELIC","is_daily":false,"chose_seed":false,"campfire_upgraded":3,"win_rate":0.0,"timestamp":1613167000,"path_taken":["R","M","M","M","?","R","T","E","M","R","M","$","E","M","M","BOSS","R","M","M","?","$","M","T","E","M","E","?","?","?","E","M","BOSS","R","M","?","M","$","?","T","M","E","E","?","E","R","E","M","BOSS","E","$","R","BOSS","BOSS"],"items_purchased_type":["Relic","Relic","Potion","Potion","Card"],"build_version":"2020-12-22","purchased_purges":4,"victory":false,"max_hp_per_floor":[70,70,70,70,70,70,70,70,70,70,70,70,70,70,70,70,70,70,70,70,70,70,70,70,70,70,70,70,70,70,70,70,70,70,80,80,80,80,80,80,80,80,80,80,80,80,80,80,80,80,80,80,80,80,80,80,80,80],"card_choices":[{"not_picked":["hexamod:ThermalTransfer","hexamod:Again"],"picked":"hexamod:SoulSteal","floor":2},{"not_picked":["hexamod:HauntingEcho","hexamod:NightmareGuise"],"picked":"hexamod:Firestarter","floor":3},{"not_picked":["hexamod:SecondSeal","hexamod:CatchUp","hexamod:GhostLash"],"picked":"SKIP","floor":4},{"not_picked":["hexamod:Rewind","hexamod:ShieldOfDarkness"],"picked":"hexamod:PhantomCloak","floor":8},{"not_picked":["hexamod:PhantomFireball","hexamod:SuperheatedStrike","hexamod:GhostLash"],"picked":"SKIP","floor":9},{"not_picked":["hexamod:FourthSeal","hexamod:GhostShield"],"picked":"hexamod:SearingWound","floor":11},{"not_picked":["hexamod:SpectralAdrenaline","hexamod:Firestarter"],"picked":"hexamod:HeatShield","floor":12},{"not_picked":["hexamod:ShieldOfDarkness","hexamod:Again"],"picked":"hexamod:RainOfEmbers","floor":13},{"not_picked":["hexamod:HeatShield","hexamod:Firestarter"],"picked":"hexamod:HeatMetal","floor":14},{"not_picked":["hexamod:HeatMetal","hexamod:StepThrough"],"picked":"hexamod:HeatCrush","floor":15},{"not_picked":["hexamod:GiftsFromTheDead","hexamod:HexaLevel"],"picked":"hexamod:ForkedFlame","floor":16},{"not_picked":["hexamod:StepThrough","hexamod:SpectralAdrenaline"],"picked":"hexamod:FlamesFromBeyond","floor":19},{"not_picked":["hexamod:InspiringFlames","hexamod:Hexaguard+1"],"picked":"hexamod:Incineration","floor":20},{"not_picked":["hexamod:ShieldOfDarkness","hexamod:GhostShield","hexamod:HeatMetal"],"picked":"SKIP","floor":22},{"not_picked":["hexamod:AdvancingGuard+1","hexamod:RetreatToShadows"],"picked":"hexamod:Hexaguard+1","floor":23},{"not_picked":["hexamod:RainOfEmbers","hexamod:UnlimitedPower"],"picked":"hexamod:HeatShield","floor":25},{"not_picked":["hexamod:SuperheatedStrike","hexamod:CatchUp","hexamod:RainOfEmbers+1","hexamod:EmpoweredFlame"],"picked":"SKIP","floor":26},{"not_picked":["hexamod:SpectralSpark","hexamod:BacktrackSmack","hexamod:Hexaguard","hexamod:InspiringFlames"],"picked":"SKIP","floor":27},{"not_picked":["hexamod:FastForward","hexamod:HauntingEcho","hexamod:BurningTouch"],"picked":"hexamod:ExtraCrispy","floor":31},{"not_picked":["hexamod:FastForward","hexamod:Firestarter","hexamod:ThermalTransfer"],"picked":"hexamod:SearingWound","floor":32},{"not_picked":["hexamod:Toasty","hexamod:GiftsFromTheDead","hexamod:HexaLevel"],"picked":"hexamod:GhostOfSpirePresent","floor":33},{"not_picked":["hexamod:GhostLash+1","hexamod:NightmareGuise+1","hexamod:SuperheatedStrike+1","hexamod:Haunt+1"],"picked":"SKIP","floor":36},{"not_picked":["hexamod:HauntingEcho","hexamod:FourthSeal","hexamod:BurningTouch"],"picked":"hexamod:Hexaguard+1","floor":38},{"not_picked":["hexamod:NightmareStrike+1","hexamod:SpectersWail","hexamod:TimeWarp","hexamod:GhostOfSpireFuture"],"picked":"SKIP","floor":39},{"not_picked":["hexamod:Firestarter+1","hexamod:GhostShield","hexamod:Again","hexamod:InspiringFlames+1"],"picked":"SKIP","floor":42},{"not_picked":["hexamod:ThermalTransfer+1","hexamod:SwordOfDarkness+1","hexamod:PowerFromBeyond"],"picked":"hexamod:GhostShield+1","floor":43},{"not_picked":["hexamod:Firestarter","hexamod:HeatCrush+1","hexamod:FourthSeal"],"picked":"hexamod:WildfireWeapon","floor":44},{"not_picked":["hexamod:SwordOfDarkness+1","hexamod:InspiringFlames+1","hexamod:BurningTouch+1","hexamod:SpectersWail+1"],"picked":"SKIP","floor":45},{"not_picked":["hexamod:SearingWound","hexamod:PowerFromBeyond","hexamod:RadiantFlame+1"],"picked":"hexamod:TimeOfNeed","floor":46},{"not_picked":["hexamod:FirstSeal","hexamod:SuperheatedStrike","hexamod:FastForward","hexamod:FourthSeal"],"picked":"SKIP","floor":48},{"not_picked":["hexamod:RecurringNightmare","hexamod:FlamesFromBeyond+1","hexamod:SwordOfDarkness+1","hexamod:NightmareGuise"],"picked":"SKIP","floor":49},{"not_picked":["hexamod:GhostLash+1","hexamod:BacktrackSmack","hexamod:BurningTouch"],"picked":"hexamod:RadiantFlame+1","floor":52}],"player_experience":2160848,"relics_obtained":[{"floor":7,"key":"Guardian:PocketSentry"},{"floor":8,"key":"Omamori"},{"floor":13,"key":"HornCleat"},{"floor":25,"key":"Question Card"},{"floor":25,"key":"Nunchaku"},{"floor":27,"key":"Orichalcum"},{"floor":27,"key":"hexamod:CandleOfCauterizing"},{"floor":30,"key":"White Beast Statue"},{"floor":31,"key":"Anchor"},{"floor":31,"key":"War Paint"},{"floor":41,"key":"Centennial Puzzle"},{"floor":43,"key":"bronze:DecasWashers"},{"floor":43,"key":"Calipers"},{"floor":44,"key":"Eternal Feather"},{"floor":44,"key":"Bag of Preparation"},{"floor":46,"key":"Peace Pipe"},{"floor":46,"key":"Meat on the Bone"},{"floor":48,"key":"Pocketwatch"},{"floor":48,"key":"Slimebound:PreparedRelic"},{"floor":52,"key":"Slimebound:StickyStick"},{"floor":52,"key":"Happy Flower"}],"event_choices":[],"is_beta":false,"boss_relics":[{"not_picked":["SlaversCollar","Astrolabe"],"picked":"Black Star"},{"not_picked":["bronze:MakeshiftBattery","Runic Pyramid"],"picked":"Fusion Hammer"}],"items_purged_floors":[12,22,39,53],"is_endless":false,"potions_floor_spawned":[2,8,13,15,19,25,26,31,32,33,36,38,39,42,43,44,45,46,48,49,52],"killed_by":"downfall:NeowBossFinal","ascension_level":2}}