{"host":"msbw0dt6hh5nqpgi","time":1613129799,"event":{"mods":["BaseMod","Minty Spire (QoL Compilation)","Replay The Spire","StSLib"],"gold_per_floor":[112,126,126,126,126,161,161,13,60,60,70,88,88,146,146,250,250,261,14,32,49,49,76,76,91,91,22,49,64,99,134,134,232,282,339,339,366,379,6,6,39,39,39,57,84,15,15,65,65,65],"floor_reached":51,"language":"ENG","playtime":5770,"items_purged":[],"score":763,"play_id":"fa668be0-8ec0-4108-b99b-7f4528b25d50","local_time":"20210212123639","is_ascension_mode":true,"campfire_choices":[{"floor":7,"key":"REST"},{"floor":10,"key":"REST"},{"floor":15,"key":"REST"},{"data":"Static Discharge","floor":24,"key":"SMITH"},{"floor":32,"key":"REST"},{"floor":40,"key":"REST"},{"data":"Storm","floor":47,"key":"SMITH"},{"floor":49,"key":"REST"}],"circlet_count":0,"master_deck":["Strike_B","Strike_B","Strike_B","Strike_B","Defend_B","Defend_B","Defend_B","Defend_B","Zap+1","Dualcast","Static Discharge+1","Compile Driver","Doubt","Thunder Strike","Self Repair","Barrage","Redo","FTL","Crystallizer","Loop","White Noise","Go for the Eyes","Rainbow","Melter+1","Conserve Battery","FIFO Queue","ReplayTheSpireMod:GoodbyeWorld+1","Chaos","Rebound","Loop+1","Force Field","Go for the Eyes","Redo+1","Hello World+1","FTL","Heatsinks+1","Echo Form","Storm+1","Conserve Battery","Beam Cell+1","Cold Snap+1","Barrage+1","Consume","Trip","Crystallizer+1","ReplayTheSpireMod:IOU","Thinking Ahead","Chaos+1","Steam Power+1"],"relics":["Cracked Core","Replay:Baseball","ReplayTheSpireMod:Ninjato","ReplayTheSpireMod:Ring of Challenge","ReplayTheSpireMod:Ring of Exchange","Letter Opener","Dream Catcher","ReplayFunnel","Nuclear Battery","Geode","Bottled Tornado","Gremlin Horn","Tiny House","Blood Vial","Divine Protection","Vajra","Mummified Hand","Ornamental Fan","ReplayTheSpireMod:CursedCoin","Lizard Tail"],"acts_visited":["Exordium","TheCity","TheBeyond"],"potions_floor_usage":[6,11,16,21,28,30,31,35,38,41,41,45,50,50],"damage_taken":[{"damage":1,"enemies":"Jaw Worm","floor":1,"turns":3},{"damage":3,"enemies":"Small Slimes","floor":2,"turns":3},{"damage":45,"enemies":"Lagavulin","floor":6,"turns":6},{"damage":6,"enemies":"2 Louse","floor":11,"turns":2},{"damage":16,"enemies":"Looter","floor":12,"turns":3},{"damage":21,"enemies":"Blue Slaver","floor":14,"turns":4},{"damage":30,"enemies":"The Guardian","floor":16,"turns":9},{"damage":2,"enemies":"Spheric Guardian","floor":18,"turns":3},{"damage":12,"enemies":"Shell Parasite","floor":20,"turns":4},{"damage":7,"enemies":"3 Cultists","floor":21,"turns":4},{"damage":10,"enemies":"Replay:Snechameleon","floor":23,"turns":6},{"damage":27,"enemies":"Chosen and Byrds","floor":25,"turns":5},{"damage":15,"enemies":"Snake Plant","floor":28,"turns":3},{"damage":16,"enemies":"3 Cultists","floor":29,"turns":5},{"damage":0,"enemies":"Sentry and Sphere","floor":30,"turns":2},{"damage":7,"enemies":"Snake Plant","floor":31,"turns":4},{"damage":37,"enemies":"Automaton","floor":33,"turns":7},{"damage":26,"enemies":"Orb Walker","floor":35,"turns":4},{"damage":22,"enemies":"3 Shapes","floor":37,"turns":4},{"damage":20,"enemies":"Jaw Worm Horde","floor":38,"turns":5},{"damage":23,"enemies":"Reptomancer","floor":41,"turns":10},{"damage":0,"enemies":"Sphere and 2 Shapes","floor":44,"turns":4},{"damage":30,"enemies":"Nemesis","floor":45,"turns":5},{"damage":0,"enemies":"Mind Bloom Boss Battle","floor":48,"turns":5},{"damage":30,"enemies":"Donu and Deca","floor":50,"turns":7}],"seed_played":"4723871163030386227","potions_obtained":[{"floor":1,"key":"Dexterity Potion"},{"floor":11,"key":"Fruit Juice"},{"floor":12,"key":"BlessingOfTheForge"},{"floor":18,"key":"Explosive Potion"},{"floor":20,"key":"Swift Potion"},{"floor":28,"key":"ColorlessPotion"},{"floor":30,"key":"Reflective Coating"},{"floor":33,"key":"PowerPotion"},{"floor":34,"key":"Explosive Potion"},{"floor":38,"key":"LiquidMemories"},{"floor":41,"key":"Languid Potion"},{"floor":44,"key":"Fire Potion"}],"is_trial":false,"path_per_floor":["M","M","?","?","?","E","R","$","T","R","M","M","T","M","R","B",null,"M","$","M","M","?","E","R","M","T","$","M","M","M","M","R","B",null,"M","?","M","M","$","R","E","?","T","M","E","$","R","?","R","B",null],"character_chosen":"DEFECT","items_purchased":["Self Repair","Barrage","Redo","Geode","Conserve Battery","FIFO Queue","Force Field","Divine Protection","FocusPotion","EssenceOfSteel","ReplayTheSpireMod:CursedCoin","Thinking Ahead","BlessingOfTheForge"],"campfire_rested":6,"item_purchase_floors":[8,8,8,19,19,19,27,39,39,39,46,46,46],"current_hp_per_floor":[74,71,71,53,53,8,30,30,30,52,51,42,42,28,52,29,80,80,80,75,75,75,72,72,52,52,52,44,35,42,42,66,29,85,59,59,37,33,33,58,44,44,44,53,32,32,32,41,66,45],"gold":65,"neow_bonus":"UPGRADE_CARD","is_daily":false,"chose_seed":false,"campfire_upgraded":2,"win_rate":0.0,"timestamp":1613129799,"path_taken":["M","M","?","?","?","E","R","$","T","R","M","M","?","M","R","BOSS","M","$","M","M","?","E","R","M","T","?","M","M","M","M","R","BOSS","M","?","M","M","$","R","E","?","T","M","E","?","R","?","R","BOSS"],"items_purchased_type":["Card","Card","Card","Relic","Card","Card","Card","Relic","Potion","Potion","Relic","Card","Potion"],"build_version":"2020-12-22","purchased_purges":0,"victory":true,"max_hp_per_floor":[75,75,75,75,75,75,75,75,75,75,80,80,80,80,80,80,80,80,80,80,80,80,80,80,80,80,80,80,80,80,80,80,80,85,85,85,85,85,85,85,85,85,85,85,85,85,85,85,85,85],"card_choices":[{"not_picked":["Go for the Eyes","ReplayTheSpireMod:Calculation Training"],"picked":"Static Discharge","floor":1},{"not_picked":["Steam","Barrage"],"picked":"Compile Driver","floor":2},{"not_picked":["Leap","BasicCrystalCard"],"picked":"Thunder Strike","floor":6},{"not_picked":["Sunder","Compile Driver"],"picked":"FTL","floor":10},{"not_picked":["Aggregate","BasicCrystalCard"],"picked":"Crystallizer","floor":11},{"not_picked":["Reprogram","Go for the Eyes"],"picked":"Loop","floor":12},{"not_picked":["Steam","Rebound"],"picked":"White Noise","floor":14},{"not_picked":["Echo Form","Panic Button"],"picked":"Go for the Eyes","floor":15},{"not_picked":["ReplayRNGCard","Reboot"],"picked":"Rainbow","floor":16},{"not_picked":["Auto Shields","Compile Driver"],"picked":"Melter","floor":18},{"not_picked":["Defragment","Stack"],"picked":"ReplayTheSpireMod:GoodbyeWorld+1","floor":20},{"not_picked":["ReplayTheSpireMod:GoodbyeWorld+1","Rebound"],"picked":"Chaos","floor":21},{"not_picked":["Reinforced Body+1","BasicCrystalCard"],"picked":"Rebound","floor":23},{"not_picked":["Barrage","ReplayTheSpireMod:Repulse"],"picked":"Loop+1","floor":25},{"not_picked":["Steam","Turbo"],"picked":"Go for the Eyes","floor":28},{"not_picked":["Hologram+1","Cold Snap"],"picked":"Redo+1","floor":29},{"not_picked":["ReplayTheSpireMod:Reroute Power","Compile Driver"],"picked":"Hello World+1","floor":30},{"not_picked":["Go for the Eyes","Redo"],"picked":"FTL","floor":31},{"not_picked":["Hologram","Conserve Battery"],"picked":"Heatsinks+1","floor":32},{"not_picked":["All For One","Reboot"],"picked":"Echo Form","floor":33},{"not_picked":["Conserve Battery+1","Genetic Algorithm"],"picked":"Storm","floor":34},{"not_picked":["Stack","Melter+1"],"picked":"Conserve Battery","floor":35},{"not_picked":["Tempest","Capacitor"],"picked":"Beam Cell+1","floor":37},{"not_picked":["Leap+1","Sweeping Beam+1"],"picked":"Cold Snap+1","floor":38},{"not_picked":["Genetic Algorithm+1","FIFO Queue+1"],"picked":"Barrage+1","floor":40},{"not_picked":["Time Bomb+1","Leap"],"picked":"Consume","floor":41},{"not_picked":["Replay:Parry","Replay:Sssssssssstrike"],"picked":"Trip","floor":42},{"not_picked":["Double Energy+1","Defragment"],"picked":"Crystallizer+1","floor":44},{"not_picked":["Doom and Gloom+1","Turbo","Leap+1"],"picked":"SKIP","floor":45},{"not_picked":["Beam Cell","Darkness+1"],"picked":"Chaos+1","floor":48},{"not_picked":["ReplayTheSpireMod:Reroute Power+1","Redo"],"picked":"Steam Power+1","floor":49}],"player_experience":67449,"relics_obtained":[{"floor":5,"key":"ReplayTheSpireMod:Ring of Challenge"},{"floor":5,"key":"ReplayTheSpireMod:Ring of Exchange"},{"floor":6,"key":"Letter Opener"},{"floor":9,"key":"Dream Catcher"},{"floor":13,"key":"ReplayFunnel"},{"floor":23,"key":"Bottled Tornado"},{"floor":26,"key":"Gremlin Horn"},{"floor":37,"key":"Blood Vial"},{"floor":41,"key":"Vajra"},{"floor":43,"key":"Mummified Hand"},{"floor":45,"key":"Ornamental Fan"},{"floor":48,"key":"Lizard Tail"}],"event_choices":[{"damage_healed":0,"gold_gain":0,"player_choice":"Box","damage_taken":0,"relics_obtained":["Replay:Baseball"],"max_hp_gain":0,"max_hp_loss":0,"event_name":"Big Fish","floor":3,"gold_loss":0,"cards_obtained":["Regret"]},{"damage_healed":0,"gold_gain":0,"player_choice":"Success","damage_taken":18,"relics_obtained":["ReplayTheSpireMod:Ninjato"],"max_hp_gain":0,"max_hp_loss":0,"event_name":"Scrap Ooze","floor":4,"gold_loss":0},{"cards_removed":["Regret"],"damage_healed":0,"gold_gain":0,"player_choice":"Purged","damage_taken":0,"max_hp_gain":0,"max_hp_loss":0,"event_name":"Purifier","floor":22,"gold_loss":0},{"damage_healed":0,"gold_gain":0,"player_choice":"Ignored","damage_taken":0,"max_hp_gain":0,"max_hp_loss":0,"event_name":"Tomb of Lord Red Mask","floor":36,"gold_loss":0},{"damage_healed":0,"gold_gain":0,"player_choice":"Memory 1","damage_taken":0,"max_hp_gain":0,"max_hp_loss":0,"event_name":"SensoryStone","floor":42,"gold_loss":0},{"damage_healed":0,"gold_gain":0,"player_choice":"Fight","damage_taken":0,"max_hp_gain":0,"max_hp_loss":0,"event_name":"MindBloom","floor":48,"gold_loss":0}],"is_beta":false,"boss_relics":[{"not_picked":["FrozenCore","Honey Jar"],"picked":"Nuclear Battery"},{"not_picked":["Snecko Eye","PrismaticShard"],"picked":"Tiny House"}],"items_purged_floors":[],"is_endless":false,"potions_floor_spawned":[1,11,12,18,20,28,30,33,38,41,44],"ascension_level":1}}