{"host":"yhhyog5h1q67ienp","time":1613091467,"event":{"mods":["AchievementEnabler","BaseMod","Block Reminder","Colored Map","Colored Powertips","Minty Spire (QoL Compilation)","Quick Restart","Relic Stats","StSLib","Weighted Paths","ojb\u0027s Better Paths Mod","ojb\u0027s Info Mod"],"gold_per_floor":[110,122,142,152,166,193,193,193,271,297,297,297,328,340,340,417,417,431,450,463,475,36,36,36,36,36],"floor_reached":25,"language":"ENG","playtime":2695,"items_purged":["Strike_B"],"score":450,"play_id":"bd319d6a-5885-4cb2-835c-8ac3a698afa3","local_time":"20210211215747","is_ascension_mode":true,"campfire_choices":[{"floor":7,"key":"REST"},{"data":"Capacitor","floor":11,"key":"SMITH"},{"data":"Hologram","floor":15,"key":"SMITH"},{"floor":23,"key":"REST"}],"circlet_count":0,"master_deck":["AscendersBane","Strike_B","Strike_B","Defend_B","Defend_B+1","Defend_B+1","Defend_B","Zap","Dualcast","Capacitor+1","Sweeping Beam","Steam","FTL","Chill","Skim","Hologram+1","Glacier","Hologram","Meteor Strike","Glacier","Hologram","Aggregate+1","Cold Snap","Capacitor","Seek"],"relics":["Cracked Core","Incense Burner","Symbiotic Virus","Matryoshka","FossilizedHelix","War Paint","Black Star","Chemical X"],"acts_visited":["Exordium","TheCity"],"potions_floor_usage":[6,6,16],"damage_taken":[{"damage":1,"enemies":"Cultist","floor":1,"turns":3},{"damage":0,"enemies":"Jaw Worm","floor":2,"turns":4},{"damage":0,"enemies":"2 Louse","floor":3,"turns":2},{"damage":23,"enemies":"Exordium Wildlife","floor":4,"turns":6},{"damage":8,"enemies":"3 Louse","floor":5,"turns":5},{"damage":11,"enemies":"Gremlin Nob","floor":6,"turns":3},{"damage":5,"enemies":"Lagavulin","floor":10,"turns":6},{"damage":4,"enemies":"3 Sentries","floor":13,"turns":8},{"damage":0,"enemies":"Looter","floor":14,"turns":3},{"damage":18,"enemies":"Hexaghost","floor":16,"turns":10},{"damage":27,"enemies":"3 Byrds","floor":18,"turns":13},{"damage":0,"enemies":"Spheric Guardian","floor":19,"turns":4},{"damage":0,"enemies":"Centurion and Healer","floor":20,"turns":12},{"damage":13,"enemies":"Shelled Parasite and Fungi","floor":21,"turns":16},{"damage":24,"enemies":"Book of Stabbing","floor":25,"turns":9}],"seed_played":"1742946330570547094","potions_obtained":[{"floor":2,"key":"EssenceOfDarkness"},{"floor":3,"key":"DuplicationPotion"},{"floor":6,"key":"CultistPotion"},{"floor":10,"key":"Swift Potion"},{"floor":18,"key":"Swift Potion"}],"is_trial":false,"path_per_floor":["M","M","M","M","M","E","R","?","T","E","R","?","E","M","R","B",null,"M","M","M","M","$","R","?","E"],"character_chosen":"DEFECT","items_purchased":["Capacitor","Chemical X","Seek"],"campfire_rested":2,"item_purchase_floors":[22,22,22],"current_hp_per_floor":[45,45,45,22,14,3,24,47,47,42,42,42,38,38,38,20,58,31,31,31,18,18,39,19,0,0],"gold":36,"neow_bonus":"ONE_RARE_RELIC","is_daily":false,"chose_seed":false,"campfire_upgraded":2,"win_rate":0.0,"timestamp":1613091467,"path_taken":["M","M","?","M","M","E","R","?","T","E","R","?","E","?","R","BOSS","M","M","M","M","$","R","?","E"],"items_purchased_type":["Card","Relic","Card"],"build_version":"2020-12-22","purchased_purges":1,"victory":false,"max_hp_per_floor":[71,71,71,71,71,71,71,71,71,71,71,71,71,71,71,71,71,71,71,71,71,71,71,76,76,76],"relic_stats":{"counters":[15,104],"Black Star":0,"Chemical X":[1],"War Paint":["Defend_B","Defend_B"],"obtain_stats":[{"Matryoshka":9,"Incense Burner":0,"Black Star":17,"Chemical X":22,"War Paint":13,"Cracked Core":0,"Symbiotic Virus":6,"FossilizedHelix":10},{"Matryoshka":6,"Incense Burner":0,"Black Star":10,"Chemical X":14,"War Paint":8,"Cracked Core":0,"Symbiotic Virus":6,"FossilizedHelix":7},{"Matryoshka":23,"Incense Burner":0,"Black Star":50,"Chemical X":95,"War Paint":37,"Cracked Core":0,"Symbiotic Virus":23,"FossilizedHelix":29}]},"card_choices":[{"not_picked":["Steam","Hologram"],"picked":"Capacitor","floor":1},{"not_picked":["Hologram","Storm"],"picked":"Sweeping Beam","floor":2},{"not_picked":["Stack","Rainbow"],"picked":"Steam","floor":3},{"not_picked":["Rebound","Stack"],"picked":"FTL","floor":4},{"not_picked":["Hologram","BootSequence"],"picked":"Chill","floor":5},{"not_picked":["Hologram","Melter"],"picked":"Skim","floor":6},{"not_picked":["Steam","Reprogram"],"picked":"Hologram","floor":10},{"not_picked":["Buffer","Rip and Tear"],"picked":"Glacier","floor":13},{"not_picked":["Fusion","Leap"],"picked":"Hologram","floor":14},{"not_picked":["Amplify","Buffer"],"picked":"Meteor Strike","floor":16},{"not_picked":["Chaos","Stack"],"picked":"Glacier","floor":18},{"not_picked":["Turbo","Compile Driver"],"picked":"Hologram","floor":19},{"not_picked":["Undo","Genetic Algorithm+1"],"picked":"Aggregate+1","floor":20},{"not_picked":["Barrage","Hello World"],"picked":"Cold Snap","floor":21}],"player_experience":1458542,"relics_obtained":[{"floor":6,"key":"Symbiotic Virus"},{"floor":9,"key":"Matryoshka"},{"floor":10,"key":"FossilizedHelix"},{"floor":13,"key":"War Paint"}],"event_choices":[{"damage_healed":23,"gold_gain":0,"player_choice":"Banana","damage_taken":0,"max_hp_gain":0,"max_hp_loss":0,"event_name":"Big Fish","floor":8,"gold_loss":0},{"cards_removed":["Strike_B"],"damage_healed":0,"gold_gain":0,"player_choice":"Purged","damage_taken":0,"max_hp_gain":0,"max_hp_loss":0,"event_name":"Purifier","floor":12,"gold_loss":0},{"damage_healed":0,"gold_gain":0,"player_choice":"Shed Blood","damage_taken":25,"max_hp_gain":5,"max_hp_loss":0,"event_name":"Forgotten Altar","floor":24,"gold_loss":0}],"is_beta":false,"boss_relics":[{"not_picked":["Runic Dome","FrozenCore"],"picked":"Black Star"}],"items_purged_floors":[22],"is_endless":false,"potions_floor_spawned":[2,3,4,6,10,18],"killed_by":"Book of Stabbing","ascension_level":20}}