{"host":"8ps3pfk2b2drr3ex","time":1613142555,"event":{"mods":["2.2 Compatiblity","AchievementEnabler","Act Like it!","BaseMod","Bestiary","Better Match","BetterRewards","Colored Map","Colored Powertips","Conspire","Downfall","Evolution","GifTheSpireLib","Gold Saver","Hallownest","Hubris","Minty Spire (QoL Compilation)","Permanent Neow","Relic Filter","Replay The Spire","Shop Mod","StSLib","Stuff the Spire","The Bug Knight","The Cursed","The Senshi"],"gold_per_floor":[628,641,657,676,676,676,676,706,706,742,642,670,695,714,736,847,947,847,871,684,820,856,856,903,803,830,830,830,830,830],"floor_reached":28,"language":"ENG","playtime":4945,"items_purged":[],"score":373,"play_id":"618672ba-3950-45a3-9ea7-0e264df15283","local_time":"20210212100915","is_ascension_mode":true,"campfire_choices":[{"data":"sneckomod:Unknown","floor":1,"key":"SMITH"},{"data":"sneckomod:TailWhip","floor":6,"key":"SMITH"},{"data":"sneckomod:UnknownRarePower","floor":9,"key":"SMITH"},{"floor":11,"key":"RECALL"},{"data":"sneckomod:UnknownBoss","floor":18,"key":"SMITH"},{"data":"sneckomod:MasterEye","floor":23,"key":"SMITH"},{"data":"sneckomod:UnknownX","floor":25,"key":"SMITH"}],"circlet_count":0,"master_deck":["sneckomod:IronFang+1","sneckomod:QuickBite","sneckomod:DiceBlock","sneckomod:QuickMove","sneckomod:DiceBlock","sneckomod:TailWhip+1","sneckomod:SnekBite","sneckomod:Unknown+1","sneckomod:Unknown","sneckomod:Restock","sneckomod:SoulRoll","sneckomod:Transmogrify","sneckomod:UnknownBoss+1","sneckomod:UnknownX+1","sneckomod:MasterEye+1","sneckomod:UnknownClassPURPLE","J.A.X.","sneckomod:SoulDraw","DevaForm+1","sneckomod:UnknownBlock","sneckomod:UnknownRareAttack"],"relics":["EVO:Axolotl","Snecko Eye","HornCleat","downfall:HeartBlessingGreen","Replay:Wanted Poster","downfall:HeartBlessingRed","MutagenicStrength","Garlic","ReplayFunnel","downfall:HeartBlessingBlue","Bag of Marbles","hubris:TinFlute"],"acts_visited":["Exordium","TheCity"],"potions_floor_usage":[20],"damage_taken":[{"damage":0,"enemies":"Cultist","floor":2,"turns":2},{"damage":0,"enemies":"Jaw Worm","floor":3,"turns":2},{"damage":0,"enemies":"conspire:RoseBush","floor":4,"turns":2},{"damage":0,"enemies":"3 Sentries","floor":8,"turns":4},{"damage":0,"enemies":"HollowMod:MossKnight","floor":10,"turns":6},{"damage":4,"enemies":"3 Sentries","floor":12,"turns":2},{"damage":0,"enemies":"3 Louse","floor":13,"turns":3},{"damage":0,"enemies":"Large Slime","floor":14,"turns":2},{"damage":0,"enemies":"Lots of Slimes","floor":15,"turns":2},{"damage":9,"enemies":"IC_STATUS_ARCHETYPE","floor":16,"turns":6},{"damage":2,"enemies":"3 Byrds","floor":19,"turns":4},{"damage":0,"enemies":"downfall:FleeingMerchant","floor":20,"turns":4},{"damage":4,"enemies":"downfall:Augmenter","floor":21,"turns":6},{"damage":0,"enemies":"Shell Parasite","floor":22,"turns":4},{"damage":11,"enemies":"Slavers","floor":26,"turns":4}],"seed_played":"-1351200178695271618","potions_obtained":[{"floor":4,"key":"Elixir"},{"floor":10,"key":"conspire:TimeTravelPotion"},{"floor":14,"key":"Fire Potion"}],"is_trial":false,"path_per_floor":["R","M","M","M","?","R","T","E","R","E","R","E","M","M","M","B",null,"R","M","$","?","M","R","T","R","E","?","M"],"character_chosen":"THE_SNECKO","items_purchased":["sneckomod:MasterEye","sneckomod:UnknownClassPURPLE","EntropicBrew"],"campfire_rested":0,"item_purchase_floors":[20,20,20],"current_hp_per_floor":[98,98,98,98,98,98,98,98,98,98,98,94,94,94,94,85,98,98,96,96,92,92,92,92,102,91,91,0,0,0],"gold":830,"neow_bonus":"BOSS_RELIC","is_daily":false,"chose_seed":false,"campfire_upgraded":6,"win_rate":0.0,"timestamp":1613142555,"path_taken":["R","M","?","?","?","R","T","E","R","E","R","E","M","M","M","BOSS","R","M","$","?","M","R","T","R","E","?","M"],"items_purchased_type":["Card","Card","Potion"],"build_version":"2020-12-22","purchased_purges":0,"victory":false,"max_hp_per_floor":[98,98,98,98,98,98,98,98,98,98,98,98,98,98,98,98,98,98,98,98,98,98,98,98,108,108,108,108,108,108],"card_choices":[{"not_picked":["sneckomod:UnknownCommonAttack","sneckomod:UnknownDraw","sneckomod:DiceBlock"],"picked":"SKIP","floor":2},{"not_picked":["sneckomod:SnekBeam","sneckomod:ImprovisedGuard","sneckomod:QuickBite"],"picked":"SKIP","floor":3},{"not_picked":["sneckomod:QuickMove","sneckomod:CheapStock"],"picked":"sneckomod:UnknownRarePower","floor":4},{"not_picked":["sneckomod:DiceBlock","sneckomod:IronFang","sneckomod:DiceBoulder"],"picked":"SKIP","floor":8},{"not_picked":["sneckomod:RainOfDice","sneckomod:UnknownColorless"],"picked":"sneckomod:Restock","floor":10},{"not_picked":["sneckomod:UnknownBlock","sneckomod:RainOfDice","sneckomod:WideSting"],"picked":"SKIP","floor":12},{"not_picked":["sneckomod:UnknownDraw","sneckomod:UnknownCommonAttack"],"picked":"sneckomod:SoulRoll","floor":13},{"not_picked":["sneckomod:SoulDraw","sneckomod:PureSnecko","sneckomod:UnknownCommonSkill"],"picked":"SKIP","floor":14},{"not_picked":["sneckomod:UnknownCommonAttack","sneckomod:DefensiveFlair"],"picked":"sneckomod:Transmogrify","floor":15},{"not_picked":["sneckomod:Mudshield","sneckomod:DangerNoodle"],"picked":"sneckomod:UnknownBoss","floor":16},{"not_picked":["sneckomod:SoulDraw","sneckomod:UnknownExhaust+1"],"picked":"sneckomod:UnknownX","floor":19},{"not_picked":["sneckomod:UnknownClassBUGKNIGHT_GRAY_COLOR","sneckomod:UnendingSupply","sneckomod:DiceBlock"],"picked":"SKIP","floor":20},{"not_picked":[],"picked":"J.A.X.","floor":21},{"not_picked":["sneckomod:Unknown2Cost","sneckomod:DiceBlock"],"picked":"sneckomod:Memorize","floor":21},{"not_picked":["sneckomod:WideSting","sneckomod:QuickMove"],"picked":"sneckomod:UnknownBlock","floor":22},{"not_picked":["sneckomod:QuickBite","sneckomod:DiceBlock+1"],"picked":"sneckomod:UnknownRareAttack","floor":26}],"player_experience":1127806,"relics_obtained":[{"floor":7,"key":"HornCleat"},{"floor":8,"key":"Garlic"},{"floor":10,"key":"CeramicFish"},{"floor":12,"key":"ReplayFunnel"},{"floor":16,"key":"ReplayFunnel"},{"floor":19,"key":"ReplayFunnel"},{"floor":20,"key":"Garlic"},{"floor":21,"key":"MutagenicStrength"},{"floor":21,"key":"Garlic"},{"floor":22,"key":"ReplayFunnel"},{"floor":26,"key":"Bag of Marbles"},{"floor":26,"key":"hubris:TinFlute"}],"event_choices":[{"damage_healed":0,"gold_gain":0,"player_choice":"Leave","damage_taken":0,"max_hp_gain":0,"max_hp_loss":0,"event_name":"conspire:Investor","floor":27,"gold_loss":0}],"is_beta":false,"boss_relics":[{"not_picked":["Runic Pyramid","Astrolabe"],"picked":"Replay:Wanted Poster"}],"items_purged_floors":[],"is_endless":false,"potions_floor_spawned":[4,10,14,15,19,22],"killed_by":"Cultist and Chosen","ascension_level":1}}