{"host":"6xsbn6ynqlzwllfm","time":1613088631,"event":{"mods":["2.2 Compatiblity","BaseMod","Bestiary","Colored Map","Colored Powertips","Curses Come First","Downfall","Highlight Path","Keyboard Shortcuts","Minty Spire (QoL Compilation)","Relic Stats","Slay the Relics Exporter","StSLib","SuperFastMode"],"gold_per_floor":[99,118,118,118,131,166,190,90,110,141,53,79,91,113,140,152,152,152],"floor_reached":16,"language":"ENG","playtime":470,"items_purged":[],"score":164,"play_id":"42b9a29a-d4c0-458e-a549-1529b0028748","local_time":"20210211191031","is_ascension_mode":true,"campfire_choices":[{"floor":1,"key":"RECALL"},{"floor":8,"key":"REST"},{"data":"bronze:Goto","floor":11,"key":"SMITH"}],"circlet_count":0,"master_deck":["bronze:Strike","bronze:Strike","bronze:Strike","bronze:Defend","bronze:Defend","bronze:Defend","bronze:Defend","bronze:Replicate","bronze:Goto+1","bronze:Virus","bronze:Flail","bronze:Optimize","bronze:Separator+1","bronze:BronzeArmor","bronze:DelayedSlice+1","bronze:Flail+1","bronze:ChosenStrike+1","bronze:Philosophize"],"relics":["bronze:BronzeCore","downfall:ShatteredFragment","Molten Egg 2","Omamori","downfall:HeartBlessingRed","MawBank","downfall:HeartBlessingGreen"],"acts_visited":["Exordium"],"potions_floor_usage":[6,10,16,16],"damage_taken":[{"damage":7,"enemies":"2 Louse","floor":2,"turns":3},{"damage":7,"enemies":"Jaw Worm","floor":5,"turns":3},{"damage":20,"enemies":"3 Sentries","floor":6,"turns":5},{"damage":0,"enemies":"Cultist","floor":9,"turns":1},{"damage":0,"enemies":"Lagavulin","floor":10,"turns":3},{"damage":0,"enemies":"2 Fungi Beasts","floor":12,"turns":2},{"damage":0,"enemies":"Blue Slaver","floor":14,"turns":1},{"damage":0,"enemies":"Exordium Thugs","floor":15,"turns":1},{"damage":26,"enemies":"IC_STATUS_ARCHETYPE","floor":16,"turns":2}],"seed_played":"3286041084385076377","potions_obtained":[{"floor":2,"key":"ColorlessPotion"},{"floor":5,"key":"SpeedPotion"},{"floor":6,"key":"SteroidPotion"},{"floor":10,"key":"Weak Potion"}],"is_trial":false,"path_per_floor":["R","M","?","?","M","E","T","R","M","E","R","M","?","M","M","B"],"character_chosen":"THE_AUTOMATON","items_purchased":[],"campfire_rested":1,"item_purchase_floors":[],"current_hp_per_floor":[63,56,35,35,28,8,8,26,26,26,26,26,26,26,26,0,0,0],"gold":152,"neow_bonus":"THREE_RARE_CARDS","is_daily":false,"chose_seed":false,"campfire_upgraded":1,"win_rate":0.0,"timestamp":1613088631,"path_taken":["R","M","?","?","M","E","T","R","M","E","R","?","?","M","M","BOSS"],"items_purchased_type":[],"build_version":"2020-12-22","purchased_purges":0,"victory":false,"max_hp_per_floor":[63,63,63,63,63,63,63,63,63,63,63,63,63,63,63,63,63,63],"relic_stats":{"counters":[9,21],"MawBank":72,"obtain_stats":[{"bronze:BronzeCore":0,"downfall:ShatteredFragment":3,"downfall:HeartBlessingRed":8,"Molten Egg 2":6,"downfall:HeartBlessingGreen":11,"Omamori":7,"MawBank":10},{"bronze:BronzeCore":0,"downfall:ShatteredFragment":1,"downfall:HeartBlessingRed":3,"Molten Egg 2":3,"downfall:HeartBlessingGreen":5,"Omamori":3,"MawBank":5},{"bronze:BronzeCore":0,"downfall:ShatteredFragment":3,"downfall:HeartBlessingRed":11,"Molten Egg 2":11,"downfall:HeartBlessingGreen":15,"Omamori":11,"MawBank":15}]},"card_choices":[{"not_picked":["bronze:FindAndReplace","bronze:HyperBeam"],"picked":"bronze:Virus","floor":0},{"not_picked":["bronze:Backtrace","bronze:Terminator"],"picked":"bronze:Flail","floor":2},{"not_picked":["bronze:BugBarrage","bronze:Repair"],"picked":"bronze:Optimize","floor":5},{"not_picked":["bronze:Safeguard","bronze:Refactor"],"picked":"bronze:Separator+1","floor":6},{"not_picked":["bronze:BugBarrage+1","bronze:DelayedGuard"],"picked":"bronze:BronzeArmor","floor":9},{"not_picked":["bronze:Invalidate","bronze:ClassDefault"],"picked":"bronze:DelayedSlice+1","floor":10},{"not_picked":["bronze:OilSpill+1","bronze:Turbo"],"picked":"bronze:Flail+1","floor":12},{"not_picked":["bronze:InfiniteBeams","bronze:FineTuning"],"picked":"bronze:ChosenStrike+1","floor":14},{"not_picked":["bronze:Flail+1","bronze:WildBeam+1"],"picked":"bronze:Philosophize","floor":15}],"player_experience":1731964,"relics_obtained":[{"floor":6,"key":"Molten Egg 2"},{"floor":7,"key":"Omamori"},{"floor":10,"key":"MawBank"}],"event_choices":[{"cards_removed":["bronze:Strike"],"damage_healed":0,"gold_gain":0,"player_choice":"Offered Basic","damage_taken":0,"max_hp_gain":0,"max_hp_loss":0,"event_name":"Bonfire Elementals","floor":4,"gold_loss":0}],"is_beta":false,"boss_relics":[],"items_purged_floors":[],"is_endless":false,"potions_floor_spawned":[2,5,6,10],"killed_by":"IC_STATUS_ARCHETYPE","ascension_level":4}}