{"host":"z3qs3l37sjzyczji","time":1613141992,"event":{"mods":["AchievementEnabler","BaseMod","Colored Map","Colored Powertips","Keyboard Shortcuts","Minty Spire (QoL Compilation)","Relic Stats","SuperFastMode"],"gold_per_floor":[116,116,134,134,147,147,181,200,225,259,273,273,298,46,46,146,146,160,160,60,94,111,142,142,168,168,17,48,62,62,62,62,162,162,181,181,229,249,249,274,274,274,274,306,8,8,8,23,23,23,23,23,23,52,52],"floor_reached":56,"language":"ENG","playtime":3818,"items_purged":["Pain","All For One"],"score":1462,"play_id":"d892aeb4-7889-4824-b4cc-a9e2e0f11982","local_time":"20210212145952","is_ascension_mode":true,"campfire_choices":[{"data":"Zap","floor":6.0,"key":"SMITH"},{"floor":15,"key":"REST"},{"data":"Defragment","floor":24,"key":"SMITH"},{"data":"Loop","floor":32,"key":"SMITH"},{"floor":42,"key":"RECALL"},{"data":"Defragment","floor":47,"key":"SMITH"},{"data":"Go for the Eyes","floor":49,"key":"SMITH"},{"data":"Chaos","floor":52,"key":"SMITH"}],"circlet_count":0,"master_deck":["Defend_B","Zap+1","Dualcast","Ball Lightning","Leap","Hologram","Reinforced Body","Chaos+1","Defragment+1","Cold Snap","Biased Cognition","Tempest","Rebound","Stack","Loop+1","Compile Driver","Multi-Cast","Reboot+1","Rebound+1","Static Discharge+1","Go for the Eyes+1","Steam Power+1","Defragment+1","Madness","Madness"],"relics":["SlaversCollar","WarpedTongs","Anchor","Juzu Bracelet","Bag of Preparation","Oddly Smooth Stone","Regal Pillow","Busted Crown","Red Mask","Dead Branch","Bottled Lightning","Eternal Feather","Bottled Flame","Enchiridion","Astrolabe","CaptainsWheel","Darkstone Periapt","Shovel","Ice Cream","Vajra"],"acts_visited":["Exordium","TheCity","TheBeyond","TheEnding"],"potions_floor_usage":[13,13,13,13,23,28,33,33,50,55],"damage_taken":[{"damage":6.0,"enemies":"Cultist","floor":1.0,"turns":4.0},{"damage":2.0,"enemies":"Small Slimes","floor":3.0,"turns":3.0},{"damage":9.0,"enemies":"Jaw Worm","floor":5.0,"turns":3.0},{"damage":12.0,"enemies":"3 Sentries","floor":7.0,"turns":6.0},{"damage":8.0,"enemies":"2 Fungi Beasts","floor":8.0,"turns":4.0},{"damage":20.0,"enemies":"Lagavulin","floor":10.0,"turns":5.0},{"damage":3.0,"enemies":"Looter","floor":11.0,"turns":2.0},{"damage":5,"enemies":"Gremlin Nob","floor":13,"turns":2},{"damage":0,"enemies":"Slime Boss","floor":16,"turns":8},{"damage":0,"enemies":"3 Byrds","floor":18,"turns":4},{"damage":27,"enemies":"Masked Bandits","floor":21,"turns":4},{"damage":0,"enemies":"Chosen","floor":22,"turns":3},{"damage":3,"enemies":"Book of Stabbing","floor":23,"turns":4},{"damage":0,"enemies":"Gremlin Leader","floor":25,"turns":4},{"damage":2,"enemies":"Slavers","floor":28,"turns":3},{"damage":9,"enemies":"Snake Plant","floor":29,"turns":4},{"damage":15,"enemies":"Champ","floor":33,"turns":7},{"damage":0,"enemies":"Orb Walker","floor":35,"turns":2},{"damage":3,"enemies":"2 Orb Walkers","floor":37,"turns":6},{"damage":0,"enemies":"3 Darklings","floor":38,"turns":3},{"damage":0,"enemies":"Giant Head","floor":40,"turns":9},{"damage":0,"enemies":"Reptomancer","floor":44,"turns":4},{"damage":0,"enemies":"4 Shapes","floor":48,"turns":1},{"damage":34,"enemies":"Time Eater","floor":50,"turns":9},{"damage":13,"enemies":"Shield and Spear","floor":54,"turns":5},{"damage":80,"enemies":"The Heart","floor":55,"turns":8}],"seed_played":"4283935680528188743","potions_obtained":[{"floor":3.0,"key":"Swift Potion"},{"floor":7.0,"key":"Fire Potion"},{"floor":8.0,"key":"EntropicBrew"},{"floor":16,"key":"FearPotion"},{"floor":25,"key":"Block Potion"},{"floor":28,"key":"FairyPotion"},{"floor":35,"key":"SkillPotion"},{"floor":38,"key":"Dexterity Potion"},{"floor":40,"key":"LiquidMemories"}],"is_trial":false,"path_per_floor":["M","?","M","?","M","R","E","M","T","E","M","?","E","$","R","B",null,"M","?","$","?","M","E","R","E","T","$","E","M","?","?","R","B",null,"M","?","?","M","?","E","?","R","T","E","$","?","R","M","R","B",null,"R","$","E","B",null],"character_chosen":"DEFECT","items_purchased":["Defragment","Cold Snap","Energy Potion","PotionOfCapacity","Loop","Ice Cream"],"campfire_rested":1,"item_purchase_floors":[14,14,14,27,27,45],"current_hp_per_floor":[69,62,60,60,51,51,39,31,31,11,8,8,3,3,40,40,75,75,75,75,48,48,45,45,45,45,45,43,34,59,43,55,40,75,75,75,72,72,62,62,62,74,74,74,74,65,75,75,75,41,75,75,75,62,20],"gold":52,"neow_bonus":"BOSS_RELIC","is_daily":false,"chose_seed":false,"campfire_upgraded":6,"win_rate":0.0,"timestamp":1613141992,"path_taken":["M","?","M","?","M","R","E","M","T","E","M","?","E","$","R","BOSS","M","?","$","?","M","E","R","E","T","$","E","M","?","?","R","BOSS","M","?","?","M","?","E","?","R","T","E","$","?","R","M","R","BOSS","R","$","E","BOSS"],"items_purchased_type":["Card","Card","Potion","Potion","Card","Relic"],"build_version":"2020-12-22","purchased_purges":2,"victory":true,"max_hp_per_floor":[75,75,75,75,75,75,75,75,75,75,75,75,75,75,75,75,75,75,75,75,75,75,75,75,75,75,75,75,75,75,75,75,75,75,75,75,75,75,75,75,75,75,75,75,75,75,75,75,75,75,75,75,75,75,75],"relic_stats":{"Darkstone Periapt":0,"Regal Pillow":15,"Busted Crown":36,"Shovel":0,"counters":[26,116],"Dead Branch":[34],"Astrolabe":["Reboot","Rebound","Static Discharge"],"Eternal Feather":34,"Juzu Bracelet":3,"Bag of Preparation":[40],"obtain_stats":[{"Darkstone Periapt":40,"Ice Cream":45,"Regal Pillow":13,"Dead Branch":23,"Astrolabe":34,"Oddly Smooth Stone":12,"Enchiridion":31,"Vajra":54,"Eternal Feather":26,"Juzu Bracelet":9,"Bag of Preparation":10,"WarpedTongs":4,"SlaversCollar":0,"Anchor":7,"Bottled Flame":28,"CaptainsWheel":37,"Busted Crown":17,"Shovel":44,"Red Mask":21,"Bottled Lightning":25,"Cracked Core":0},{"Darkstone Periapt":21,"Ice Cream":22,"Regal Pillow":8,"Dead Branch":13,"Astrolabe":17,"Oddly Smooth Stone":7,"Enchiridion":16,"Vajra":25,"Eternal Feather":14,"Juzu Bracelet":5,"Bag of Preparation":6,"WarpedTongs":2,"SlaversCollar":0,"Anchor":4,"Bottled Flame":15,"CaptainsWheel":19,"Busted Crown":9,"Shovel":22,"Red Mask":11,"Bottled Lightning":14,"Cracked Core":0},{"Darkstone Periapt":89,"Ice Cream":93,"Regal Pillow":29,"Dead Branch":52,"Astrolabe":70,"Oddly Smooth Stone":27,"Enchiridion":63,"Vajra":108,"Eternal Feather":56,"Juzu Bracelet":20,"Bag of Preparation":25,"WarpedTongs":7,"SlaversCollar":0,"Anchor":16,"Bottled Flame":59,"CaptainsWheel":77,"Busted Crown":37,"Shovel":93,"Red Mask":45,"Bottled Lightning":56,"Cracked Core":0}],"WarpedTongs":[109]},"card_choices":[{"not_picked":["Stack","Go for the Eyes","Turbo"],"picked":"SKIP","floor":1.0},{"not_picked":["Leap","Coolheaded"],"picked":"Ball Lightning","floor":3.0},{"not_picked":["Go for the Eyes","Beam Cell"],"picked":"Leap","floor":5.0},{"not_picked":["Chill","Leap"],"picked":"Hologram","floor":7.0},{"not_picked":["Auto Shields","Fusion","Redo"],"picked":"SKIP","floor":8.0},{"not_picked":["Gash","All For One","Aggregate"],"picked":"SKIP","floor":10.0},{"not_picked":["Steam","Streamline"],"picked":"Reinforced Body","floor":11.0},{"not_picked":["Aggregate","Redo"],"picked":"Chaos","floor":13},{"not_picked":["Core Surge","Thunder Strike"],"picked":"Biased Cognition","floor":16},{"not_picked":[],"picked":"Tempest","floor":18},{"not_picked":[],"picked":"Sweeping Beam+1","floor":21},{"not_picked":[],"picked":"Stack","floor":22},{"not_picked":["BootSequence"],"picked":"SKIP","floor":23},{"not_picked":["Consume"],"picked":"SKIP","floor":25},{"not_picked":["Turbo+1"],"picked":"SKIP","floor":28},{"not_picked":[],"picked":"Compile Driver","floor":29},{"not_picked":[],"picked":"Multi-Cast","floor":33},{"not_picked":[],"picked":"Go for the Eyes","floor":35},{"not_picked":[],"picked":"Steam Power+1","floor":38},{"not_picked":[],"picked":"Defragment","floor":40},{"not_picked":["Reprogram+1"],"picked":"SKIP","floor":44},{"not_picked":["Compile Driver"],"picked":"SKIP","floor":48},{"not_picked":["Sunder+1"],"picked":"SKIP","floor":54}],"player_experience":72756,"relics_obtained":[{"floor":7.0,"key":"Anchor"},{"floor":9.0,"key":"Juzu Bracelet"},{"floor":10.0,"key":"Bag of Preparation"},{"floor":12.0,"key":"Oddly Smooth Stone"},{"floor":13,"key":"Regal Pillow"},{"floor":21,"key":"Red Mask"},{"floor":23,"key":"Dead Branch"},{"floor":25,"key":"Bottled Lightning"},{"floor":26,"key":"Eternal Feather"},{"floor":28,"key":"Bottled Flame"},{"floor":31,"key":"Enchiridion"},{"floor":37,"key":"CaptainsWheel"},{"floor":40,"key":"Darkstone Periapt"},{"floor":44,"key":"Shovel"},{"floor":54,"key":"Vajra"}],"event_choices":[{"cards_removed":["Defend_B"],"damage_healed":0.0,"max_hp_gain":0.0,"max_hp_loss":0.0,"gold_gain":0.0,"event_name":"Golden Wing","player_choice":"Card Removal","floor":2.0,"gold_loss":0.0,"damage_taken":7.0},{"damage_healed":0.0,"max_hp_gain":0.0,"max_hp_loss":0.0,"gold_gain":0.0,"event_name":"Accursed Blacksmith","player_choice":"Rummage","floor":4.0,"gold_loss":0.0,"damage_taken":0.0,"relics_obtained":["WarpedTongs"],"cards_obtained":["Pain"]},{"damage_healed":0.0,"max_hp_gain":0.0,"max_hp_loss":0.0,"gold_gain":0.0,"event_name":"Wheel of Change","player_choice":"Relic","floor":12.0,"gold_loss":0.0,"damage_taken":0.0},{"damage_healed":0,"gold_gain":0,"cards_transformed":["Strike_B","Strike_B"],"player_choice":"Became Test Subject","damage_taken":0,"max_hp_gain":0,"max_hp_loss":0,"event_name":"Drug Dealer","floor":19,"gold_loss":0,"cards_obtained":["All For One","Rebound"]},{"damage_healed":0,"gold_gain":0,"player_choice":"Fought Bandits","damage_taken":0,"max_hp_gain":0,"max_hp_loss":0,"event_name":"Masked Bandits","floor":21,"gold_loss":0},{"damage_healed":25,"gold_gain":0,"player_choice":"Heal","damage_taken":0,"max_hp_gain":0,"max_hp_loss":0,"event_name":"The Library","floor":30,"gold_loss":0},{"damage_healed":0,"gold_gain":0,"player_choice":"Obtained Book","damage_taken":16,"max_hp_gain":0,"max_hp_loss":0,"event_name":"Cursed Tome","floor":31,"gold_loss":0},{"cards_removed":["Sweeping Beam"],"damage_healed":0,"gold_gain":0,"player_choice":"Removed Attack","damage_taken":0,"max_hp_gain":0,"max_hp_loss":0,"event_name":"Falling","floor":36,"gold_loss":0},{"damage_healed":0,"gold_gain":0,"player_choice":"Fight","damage_taken":0,"max_hp_gain":0,"max_hp_loss":0,"event_name":"Mysterious Sphere","floor":37,"gold_loss":0},{"damage_healed":0,"gold_gain":0,"player_choice":"Memory 3","damage_taken":10,"max_hp_gain":0,"max_hp_loss":0,"event_name":"SensoryStone","floor":39,"gold_loss":0},{"cards_removed":["Defend_B"],"damage_healed":0,"gold_gain":0,"player_choice":"Purged","damage_taken":0,"max_hp_gain":0,"max_hp_loss":0,"event_name":"Purifier","floor":41,"gold_loss":0},{"damage_healed":0,"gold_gain":0,"player_choice":"Embrace Madness","damage_taken":9,"max_hp_gain":0,"max_hp_loss":0,"event_name":"Winding Halls","floor":46,"gold_loss":0,"cards_obtained":["Madness","Madness"]}],"is_beta":false,"boss_relics":[{"not_picked":["Snecko Eye","Fusion Hammer"],"picked":"Busted Crown"},{"not_picked":["Sozu","Cursed Key"],"picked":"Astrolabe"}],"items_purged_floors":[14,20],"is_endless":false,"potions_floor_spawned":[3,7,8,16,25,28,29,35,38,40],"ascension_level":2}}