{"host":"pi8b3ffzwvxqztac","time":1613143077,"event":{"mods":["BaseMod","Colored Map","Custom Start","Downfall","Minty Spire (QoL Compilation)","StSLib"],"gold_per_floor":[10,26,26,26,26,51,65,65,65],"floor_reached":8,"language":"ENG","playtime":470,"items_purged":[],"score":73,"play_id":"962779ca-fcaa-491f-8ec9-72e000e66df8","local_time":"20210213041757","is_ascension_mode":true,"campfire_choices":[],"circlet_count":0,"master_deck":["Strike_G","Strike_G","Strike_G","Strike_G","Defend_G","Defend_G","Defend_G","Defend_G","Defend_G","Survivor","Neutralize","Transmutation","Dagger Throw","Decay","Escape Plan","Quick Slash"],"relics":["Ring of the Snake","Guardian:GemstoneGun"],"acts_visited":["Exordium"],"potions_floor_usage":[6,6],"damage_taken":[{"damage":8,"enemies":"Cultist","floor":1,"turns":4},{"damage":0,"enemies":"Jaw Worm","floor":2,"turns":5},{"damage":35,"enemies":"Gremlin Nob","floor":6,"turns":5},{"damage":0,"enemies":"2 Louse","floor":7,"turns":2},{"damage":13,"enemies":"3 Sentries","floor":8,"turns":2}],"seed_played":"3212721101540549543","potions_obtained":[{"floor":1,"key":"ColorlessPotion"},{"floor":2,"key":"LiquidBronze"}],"is_trial":false,"path_per_floor":["M","M","$","?","?","E","M","E"],"character_chosen":"THE_SILENT","items_purchased":[],"campfire_rested":0,"item_purchase_floors":[],"current_hp_per_floor":[55,55,55,48,48,13,13,0,0],"gold":65,"neow_bonus":"RANDOM_COLORLESS_2","is_daily":false,"chose_seed":false,"campfire_upgraded":0,"win_rate":0.0,"timestamp":1613143077,"path_taken":["M","?","$","?","?","E","?","E"],"items_purchased_type":[],"build_version":"2020-12-22","purchased_purges":0,"victory":false,"max_hp_per_floor":[70,70,70,70,70,70,70,70,70],"card_choices":[{"not_picked":["Secret Weapon","Metamorphosis"],"picked":"Transmutation","floor":0},{"not_picked":["Crippling Poison","Slice"],"picked":"Dagger Throw","floor":1},{"not_picked":["Calculated Gamble","Bane","Choke"],"picked":"SKIP","floor":2},{"not_picked":["Poisoned Stab","Flechettes"],"picked":"Escape Plan","floor":6},{"not_picked":["Poisoned Stab","PiercingWail"],"picked":"Quick Slash","floor":7}],"player_experience":772128,"relics_obtained":[{"floor":6,"key":"Guardian:GemstoneGun"}],"event_choices":[{"cards_removed":["Strike_G"],"damage_healed":0,"gold_gain":0,"player_choice":"Card Removal","damage_taken":7,"max_hp_gain":0,"max_hp_loss":0,"event_name":"Golden Wing","floor":4,"gold_loss":0},{"damage_healed":0,"gold_gain":0,"player_choice":"1 cards matched","damage_taken":0,"max_hp_gain":0,"max_hp_loss":0,"event_name":"Match and Keep!","floor":5,"gold_loss":0,"cards_obtained":["Decay"]}],"is_beta":false,"boss_relics":[],"items_purged_floors":[],"is_endless":false,"potions_floor_spawned":[1,2],"killed_by":"3 Sentries","ascension_level":6}}