{"host":"pqs17sqrgflf4eqa","time":1613099311,"event":{"mods":["AchievementEnabler","BaseMod","Bestiary","Better Altar","Colored Map","Colored Powertips","Emptier Cage","Googly Eyes","Highlight Path","Minty Spire (QoL Compilation)","Quick Restart","StSLib","SuperFastMode","Transform Curses","slay the spire mod where everything is the same but ironclad has a cowboy hat"],"gold_per_floor":[209,309,12,30,49,79,79,79,130,159,169,169,186,205,205,302,302,319,15,26,46,64,64,64],"floor_reached":23,"language":"ENG","playtime":525,"items_purged":[],"score":350,"play_id":"c52ab56e-e369-4cb3-b3fb-a320dbb08367","local_time":"20210211220831","is_ascension_mode":true,"campfire_choices":[{"data":"Eruption","floor":7,"key":"SMITH"},{"floor":12,"key":"REST"},{"data":"Crescendo","floor":15,"key":"SMITH"}],"circlet_count":0,"master_deck":["Strike_P","Strike_P","Strike_P","Strike_P","Defend_P","Defend_P","Defend_P","Eruption+1","Vigilance","CrushJoints","FlurryOfBlows","SashWhip","FlyingSleeves","FollowUp","Tantrum","Crescendo+1","EmptyFist","TalkToTheHand","SpiritShield","CurseOfTheBell","Halt+1","Prostrate","ClearTheMind+1","Perseverance+1"],"relics":["PureWater","Yang","Ancient Tea Set","Bronze Scales","Peace Pipe","Calling Bell","Boot","Mummified Hand","Turnip","Ginger"],"acts_visited":["Exordium","TheCity"],"potions_floor_usage":[10,16,16,16,16,23,23,23],"damage_taken":[{"damage":7,"enemies":"Cultist","floor":1,"turns":3},{"damage":2,"enemies":"Jaw Worm","floor":4,"turns":2},{"damage":0,"enemies":"Small Slimes","floor":5,"turns":2},{"damage":0,"enemies":"Gremlin Nob","floor":6,"turns":2},{"damage":31,"enemies":"Lagavulin","floor":10,"turns":2},{"damage":14,"enemies":"Exordium Thugs","floor":11,"turns":2},{"damage":6,"enemies":"Looter","floor":13,"turns":2},{"damage":0,"enemies":"2 Fungi Beasts","floor":14,"turns":2},{"damage":0,"enemies":"Hexaghost","floor":16,"turns":4},{"damage":0,"enemies":"Spheric Guardian","floor":18,"turns":2},{"damage":11,"enemies":"2 Thieves","floor":20,"turns":3},{"damage":1,"enemies":"Centurion and Healer","floor":21,"turns":5},{"damage":25,"enemies":"Shelled Parasite and Fungi","floor":22,"turns":4},{"damage":27,"enemies":"Book of Stabbing","floor":23,"turns":4}],"seed_played":"5077555671743520588","potions_obtained":[{"floor":4,"key":"EssenceOfSteel"},{"floor":6,"key":"SteroidPotion"},{"floor":11,"key":"Swift Potion"},{"floor":13,"key":"EntropicBrew"},{"floor":21,"key":"DuplicationPotion"}],"is_trial":false,"path_per_floor":["M","?","$","M","M","E","R","?","T","E","M","R","M","M","R","B",null,"M","$","M","M","M","E"],"character_chosen":"WATCHER","items_purchased":["Yang","FlurryOfBlows","Ginger"],"campfire_rested":1,"item_purchase_floors":[3,3,19],"current_hp_per_floor":[65,65,65,63,63,63,63,63,63,32,18,39,33,33,33,33,62,62,62,51,50,25,0,0],"gold":64,"neow_bonus":"HUNDRED_GOLD","is_daily":false,"chose_seed":false,"campfire_upgraded":2,"win_rate":0.0,"timestamp":1613099311,"path_taken":["M","?","$","M","?","E","R","?","T","E","M","R","?","M","R","BOSS","M","$","M","M","M","E"],"items_purchased_type":["Relic","Card","Relic"],"build_version":"2020-12-22","purchased_purges":0,"victory":false,"max_hp_per_floor":[72,72,72,72,72,72,72,72,72,72,72,72,72,72,72,72,72,72,72,72,72,72,72,72],"card_choices":[{"not_picked":["Protect","CutThroughFate"],"picked":"CrushJoints","floor":1},{"not_picked":["CrushJoints","BowlingBash"],"picked":"SashWhip","floor":4},{"not_picked":["Swivel","ClearTheMind"],"picked":"FlyingSleeves","floor":5},{"not_picked":["BowlingBash","SashWhip"],"picked":"FollowUp","floor":6},{"not_picked":["Wallop","Omniscience"],"picked":"Tantrum","floor":10},{"not_picked":["JustLucky","Collect"],"picked":"Crescendo","floor":11},{"not_picked":["Sanctity","Adaptation"],"picked":"EmptyFist","floor":13},{"not_picked":["ReachHeaven","EmptyMind"],"picked":"TalkToTheHand","floor":14},{"not_picked":["MasterReality","Establishment"],"picked":"SpiritShield","floor":16},{"not_picked":["CrushJoints+1","EmptyBody+1"],"picked":"Halt+1","floor":18},{"not_picked":["WreathOfFlame+1","EmptyMind+1"],"picked":"Prostrate","floor":20},{"not_picked":["CrushJoints+1","Prostrate"],"picked":"ClearTheMind+1","floor":21},{"not_picked":["Wireheading","Alpha"],"picked":"Perseverance+1","floor":22}],"player_experience":167570,"relics_obtained":[{"floor":6,"key":"Ancient Tea Set"},{"floor":9,"key":"Bronze Scales"},{"floor":10,"key":"Peace Pipe"},{"floor":17,"key":"Boot"},{"floor":17,"key":"Mummified Hand"},{"floor":17,"key":"Turnip"}],"event_choices":[{"damage_healed":0,"gold_gain":100,"player_choice":"Gold","damage_taken":0,"max_hp_gain":0,"max_hp_loss":0,"event_name":"Wheel of Change","floor":2,"gold_loss":0},{"cards_removed":["Defend_P"],"damage_healed":0,"gold_gain":0,"player_choice":"Purged","damage_taken":0,"max_hp_gain":0,"max_hp_loss":0,"event_name":"Purifier","floor":8,"gold_loss":0}],"is_beta":false,"boss_relics":[{"not_picked":["Black Star","Astrolabe"],"picked":"Calling Bell"}],"items_purged_floors":[],"is_endless":false,"potions_floor_spawned":[4,6,11,13,21],"killed_by":"Book of Stabbing","ascension_level":5}}