{"host":"bakf0s4odzu8z5xt","time":1613161372,"event":{"mods":["2.2 Compatiblity","BaseMod","Downfall","Friendly Minions","Minty Spire (QoL Compilation)","StSLib"],"gold_per_floor":[99,113,113,124,144,144,144,157,157,157,157,171,197,208,221,316,316,216,227,35,53,53,85,109,125,151,169,188,188,188,188],"floor_reached":29,"language":"ENG","playtime":1635,"items_purged":["hexamod:Strike+1"],"score":276,"play_id":"7f92f9fb-30bd-4cef-ac09-55a2e6319044","local_time":"20210212142252","is_ascension_mode":true,"campfire_choices":[{"data":"hexamod:Strike","floor":1,"key":"SMITH"},{"data":"hexamod:SwordOfDarkness","floor":6,"key":"SMITH"},{"data":"hexamod:DynamicBlow","floor":9,"key":"SMITH"},{"floor":11,"key":"RECALL"},{"data":"hexamod:Float","floor":18,"key":"SMITH"}],"circlet_count":0,"master_deck":["hexamod:Defend","hexamod:Defend","hexamod:Defend","hexamod:Defend","hexamod:Float+1","hexamod:SwordOfDarkness+1","hexamod:DynamicBlow+1","hexamod:GhostOfSpireFuture","hexamod:PhantomCloak","hexamod:StepThrough","hexamod:TimeWarp","hexamod:GhostLash+1","hexamod:FlameSwitch","hexamod:BurningTouch+1","hexamod:GhostOfSpireFuture+1","hexamod:FastForward","hexamod:FastForward","hexamod:GhostShield+1"],"relics":["hexamod:SpiritBrand","Tiny Chest","Question Card","Empty Cage","downfall:HeartBlessingRed","bronze:DecasWashers","Centennial Puzzle"],"acts_visited":["Exordium","TheCity"],"potions_floor_usage":[13,16,22,25,29],"damage_taken":[{"damage":2,"enemies":"Jaw Worm","floor":2,"turns":3},{"damage":0,"enemies":"Cultist","floor":4,"turns":3},{"damage":0,"enemies":"2 Louse","floor":5,"turns":2},{"damage":5,"enemies":"Gremlin Gang","floor":8,"turns":3},{"damage":2,"enemies":"Blue Slaver","floor":12,"turns":4},{"damage":8,"enemies":"Lagavulin","floor":13,"turns":6},{"damage":0,"enemies":"3 Louse","floor":14,"turns":2},{"damage":9,"enemies":"Large Slime","floor":15,"turns":3},{"damage":15,"enemies":"IC_STATUS_ARCHETYPE","floor":16,"turns":7},{"damage":2,"enemies":"Chosen","floor":19,"turns":3},{"damage":0,"enemies":"downfall:FleeingMerchant","floor":20,"turns":4},{"damage":4,"enemies":"3 Byrds","floor":21,"turns":4},{"damage":0,"enemies":"Snake Plant","floor":22,"turns":1},{"damage":14,"enemies":"Book of Stabbing","floor":23,"turns":4},{"damage":30,"enemies":"Shelled Parasite and Fungi","floor":25,"turns":4},{"damage":18,"enemies":"Snecko","floor":27,"turns":5},{"damage":22,"enemies":"Snake Plant","floor":28,"turns":3},{"damage":15,"enemies":"Gremlin Leader","floor":29,"turns":4}],"seed_played":"-5736035959919353337","potions_obtained":[{"floor":4,"key":"EssenceOfSteel"},{"floor":8,"key":"hexamod:DoubleChargePotion"},{"floor":10,"key":"hexamod:SoulburnPotion"},{"floor":12,"key":"BlessingOfTheForge"},{"floor":13,"key":"SteroidPotion"},{"floor":16,"key":"SneckoOil"},{"floor":25,"key":"FairyPotion"},{"floor":28,"key":"Energy Potion"}],"is_trial":false,"path_per_floor":["R","M","?","M","M","R","T","M","R","?","R","M","E","M","M","B",null,"R","M","$","M","M","E","T","M","T","M","M","E"],"character_chosen":"THE_SPIRIT","items_purchased":["SmokeBomb"],"campfire_rested":0,"item_purchase_floors":[20],"current_hp_per_floor":[70,68,68,68,68,68,68,63,63,63,63,61,53,53,44,29,70,70,68,68,64,64,50,50,20,20,2,4,0,0,0],"gold":188,"neow_bonus":"REMOVE_CARD","is_daily":false,"chose_seed":false,"campfire_upgraded":4,"win_rate":0.0,"timestamp":1613161372,"path_taken":["R","M","?","M","M","R","T","?","R","?","R","M","E","M","M","BOSS","R","M","$","?","M","E","T","M","?","?","M","E"],"items_purchased_type":["Potion"],"build_version":"2020-12-22","purchased_purges":1,"victory":false,"max_hp_per_floor":[70,70,70,70,70,70,70,70,70,70,70,70,70,70,70,70,70,70,70,70,70,70,70,70,70,70,70,70,70,70,70],"card_choices":[{"not_picked":["hexamod:ShieldOfDarkness","hexamod:GhostLash"],"picked":"hexamod:SwordOfDarkness","floor":2},{"not_picked":["hexamod:FlamesFromBeyond","hexamod:ApocalypticArmor"],"picked":"hexamod:DynamicBlow","floor":4},{"not_picked":["hexamod:InspiringFlames","hexamod:GhostLash","hexamod:HauntingEcho"],"picked":"SKIP","floor":5},{"not_picked":["hexamod:ThermalTransfer","hexamod:FastForward"],"picked":"hexamod:GhostOfSpireFuture","floor":8},{"not_picked":["hexamod:HeatShield","hexamod:SwordOfDarkness"],"picked":"hexamod:PhantomCloak","floor":12},{"not_picked":["hexamod:NightmareStrike","hexamod:NightmareGuise","hexamod:SuperheatedStrike"],"picked":"SKIP","floor":13},{"not_picked":["hexamod:GhostOfSpirePast","hexamod:GhostflameBarrier","hexamod:FourthSeal"],"picked":"hexamod:StepThrough","floor":14},{"not_picked":["hexamod:GhostLash","hexamod:ApocalypseNow","hexamod:EtherealExpedition","hexamod:DynamicBlow"],"picked":"SKIP","floor":15},{"not_picked":["hexamod:Toasty","hexamod:ParanormalForm","hexamod:ApocalypseNow"],"picked":"hexamod:TimeWarp","floor":16},{"not_picked":["hexamod:HeatShield","hexamod:SuperheatedStrike","hexamod:NightmareGuise"],"picked":"hexamod:GhostLash+1","floor":19},{"not_picked":["hexamod:ThermalTransfer","hexamod:Firestarter","hexamod:FlamesFromBeyond"],"picked":"hexamod:FlameSwitch","floor":20},{"not_picked":["hexamod:HeatShield","hexamod:GhostShield","hexamod:SuperheatedStrike"],"picked":"hexamod:BurningTouch+1","floor":21},{"not_picked":["hexamod:TimeOfNeed","hexamod:RainOfEmbers+1","hexamod:SpectralAdrenaline+1"],"picked":"hexamod:GhostOfSpireFuture+1","floor":23},{"not_picked":["hexamod:ThermalTransfer","hexamod:GhostShield","hexamod:GhostflameBarrier"],"picked":"hexamod:FastForward","floor":25},{"not_picked":["hexamod:FourthSeal","hexamod:GhostOfSpireFuture","hexamod:AdvancingGuard"],"picked":"hexamod:FastForward","floor":27},{"not_picked":["hexamod:HeatMetal+1","hexamod:ThermalTransfer+1","hexamod:AdvancingGuard"],"picked":"hexamod:GhostShield+1","floor":28}],"player_experience":2159213,"relics_obtained":[{"floor":7,"key":"Tiny Chest"},{"floor":13,"key":"Question Card"},{"floor":23,"key":"bronze:DecasWashers"},{"floor":24,"key":"Centennial Puzzle"}],"event_choices":[{"damage_healed":0,"gold_gain":0,"player_choice":"Got Potions","damage_taken":0,"max_hp_gain":0,"max_hp_loss":0,"event_name":"Lab","floor":10,"gold_loss":0}],"is_beta":false,"boss_relics":[{"not_picked":["Astrolabe","expansioncontent:StudyCardRelic"],"picked":"Empty Cage"}],"items_purged_floors":[20],"is_endless":false,"potions_floor_spawned":[4,8,12,13,16,19,21,25,28],"killed_by":"Gremlin Leader","ascension_level":2}}