{"host":"BK","time":1613089787,"event":{"mods":["BaseMod","Highlight Path","Minty Spire (QoL Compilation)","StSLib"],"gold_per_floor":[113,131,149,224,57,90,90,90,136,171,181,209,221,233,233,307,307,323,339,254,254,254,254],"floor_reached":22,"language":"ENG","playtime":973,"items_purged":["Strike_G"],"score":437,"play_id":"e6bee36b-28b8-4cd3-9c5a-df4a7d242584","local_time":"20210211172947","is_ascension_mode":true,"campfire_choices":[{"floor":7,"key":"REST"},{"data":"Bouncing Flask","floor":15,"key":"SMITH"}],"circlet_count":0,"master_deck":["AscendersBane","Defend_G","Defend_G","Defend_G","Defend_G","Defend_G","Survivor","Neutralize","Predator","Bouncing Flask+1","Dagger Throw","Acrobatics","Glass Knife","Caltrops","Adrenaline","Backflip","Bite","Bite","Bite","Bite","Bite"],"relics":["Velvet Choker","Art of War","Dream Catcher","Smiling Mask","Bottled Tornado","SlaversCollar","Anchor"],"acts_visited":["Exordium","TheCity"],"potions_floor_usage":[6,22,22],"damage_taken":[{"damage":9,"enemies":"2 Louse","floor":1,"turns":5},{"damage":0,"enemies":"Cultist","floor":2,"turns":4},{"damage":7,"enemies":"Jaw Worm","floor":3,"turns":4},{"damage":26,"enemies":"Gremlin Nob","floor":6,"turns":4},{"damage":12,"enemies":"Lagavulin","floor":10,"turns":6},{"damage":0,"enemies":"2 Fungi Beasts","floor":11,"turns":3},{"damage":10,"enemies":"3 Sentries","floor":12,"turns":8},{"damage":9,"enemies":"Red Slaver","floor":13,"turns":3},{"damage":1,"enemies":"Looter","floor":14,"turns":3},{"damage":30,"enemies":"Hexaghost","floor":16,"turns":7},{"damage":15,"enemies":"3 Byrds","floor":18,"turns":3},{"damage":21,"enemies":"Spheric Guardian","floor":19,"turns":4},{"damage":31,"enemies":"3 Cultists","floor":22,"turns":4}],"seed_played":"-6629958802427682555","potions_obtained":[{"floor":1,"key":"Energy Potion"},{"floor":2,"key":"FearPotion"},{"floor":10,"key":"PowerPotion"},{"floor":18,"key":"DuplicationPotion"}],"is_trial":false,"path_per_floor":["M","M","M","?","$","E","R","?","T","E","M","E","M","M","R","B",null,"M","M","?","?","M"],"character_chosen":"THE_SILENT","items_purchased":["All Out Attack","Acrobatics"],"campfire_rested":1,"item_purchase_floors":[5,5],"current_hp_per_floor":[50,50,43,32,32,6,25,66,66,54,54,44,35,34,34,4,51,36,15,15,15,0,0],"gold":254,"neow_bonus":"BOSS_RELIC","is_daily":false,"chose_seed":false,"campfire_upgraded":1,"win_rate":0.0,"timestamp":1613089787,"path_taken":["M","M","M","?","$","E","R","?","T","E","M","E","M","M","R","BOSS","M","?","?","?","M"],"items_purchased_type":["Card","Card"],"build_version":"2020-12-18","purchased_purges":1,"victory":false,"max_hp_per_floor":[66,66,66,66,66,66,66,66,66,66,66,66,66,66,66,66,66,66,66,66,46,46,46],"card_choices":[{"not_picked":["Infinite Blades","Choke"],"picked":"Predator","floor":1},{"not_picked":["Accuracy","Backstab"],"picked":"Bouncing Flask","floor":2},{"not_picked":["Poisoned Stab","Flying Knee"],"picked":"Dagger Throw","floor":3},{"not_picked":["Bane","Unload","Flying Knee"],"picked":"SKIP","floor":6},{"not_picked":["Reflex","Deflect"],"picked":"Glass Knife","floor":10},{"not_picked":["Cloak And Dagger","Prepared"],"picked":"Caltrops","floor":11},{"not_picked":["Caltrops","Outmaneuver","Setup"],"picked":"SKIP","floor":12},{"not_picked":["PiercingWail","Bane","Dodge and Roll"],"picked":"SKIP","floor":13},{"not_picked":["Blade Dance","Finisher","Distraction"],"picked":"SKIP","floor":14},{"not_picked":["Doppelganger","Burst"],"picked":"Adrenaline","floor":16},{"not_picked":["PiercingWail","Dagger Throw"],"picked":"Backflip","floor":18},{"not_picked":["Masterful Stab+1","Bane+1","Outmaneuver"],"picked":"SKIP","floor":19}],"player_experience":2560126,"relics_obtained":[{"floor":6,"key":"Art of War"},{"floor":9,"key":"Dream Catcher"},{"floor":10,"key":"Smiling Mask"},{"floor":12,"key":"Bottled Tornado"}],"event_choices":[{"damage_healed":0,"gold_gain":75,"player_choice":"Gather Gold","damage_taken":11,"max_hp_gain":0,"max_hp_loss":0,"event_name":"World of Goop","floor":4,"gold_loss":0},{"cards_removed":["All Out Attack"],"damage_healed":41,"gold_gain":0,"player_choice":"Offered Uncommon","damage_taken":0,"max_hp_gain":0,"max_hp_loss":0,"event_name":"Bonfire Elementals","floor":8,"gold_loss":0},{"damage_healed":0,"gold_gain":0,"player_choice":"Obtained Relic","damage_taken":0,"relics_obtained":["Anchor"],"max_hp_gain":0,"max_hp_loss":0,"event_name":"Addict","floor":20,"gold_loss":85},{"damage_healed":0,"gold_gain":0,"player_choice":"Became a vampire","damage_taken":0,"max_hp_gain":0,"max_hp_loss":20,"event_name":"Vampires","floor":21,"gold_loss":0,"cards_obtained":["Bite","Bite","Bite","Bite","Bite"]}],"is_beta":true,"boss_relics":[{"not_picked":["Fusion Hammer","WristBlade"],"picked":"SlaversCollar"}],"items_purged_floors":[5],"is_endless":false,"potions_floor_spawned":[1,2,10,14,18],"killed_by":"3 Cultists","ascension_level":20}}