{"host":"5y2vm16xfq9gfmb2","time":1613117615,"event":{"mods":["AchievementEnabler","BaseMod","Better Third Choice","Colored Map","Colored Powertips","DeckTracker","Marisa????????","Minty Spire (QoL Compilation)","Rare Cards Sparkle","Relic Stats","StSLib","The Alterego","The Animator","The Marked","The Servant 0.9.4"],"gold_per_floor":[123,142,153,182,13,13,42,42,119,28,45,75,75,110,110,209,209,223,223,5,95,106,106,33,48,96,132,22,40,74,90,90,186,211,234,246,329,31,25,25,40,40,65,65,81,95,157,10,10,18],"floor_reached":51,"language":"ENG","playtime":4341,"items_purged":[],"score":731,"play_id":"c22cd6f1-6510-457d-8d4d-88221326c0e5","local_time":"20210212031335","is_ascension_mode":false,"campfire_choices":[{"floor":6,"key":"RECALL"},{"data":"animator:Vesta","floor":8,"key":"SMITH"},{"floor":13,"key":"REST"},{"floor":15,"key":"REST"},{"floor":23,"key":"REST"},{"data":"animator:QuestionMark","floor":32,"key":"SMITH"},{"data":"1","floor":40,"key":"LIFT"},{"data":"2","floor":44,"key":"LIFT"},{"floor":49,"key":"REST"}],"circlet_count":0,"master_deck":["animator:Defend_Konosuba","animator:Defend","animator:Defend","animator:Defend+1","animator:Kazuma","animator:Aqua+1","animator:Darkness","animator:Entoma+6","animator:YunYun","animator:Mitsurugi","animator:Megumin+17","animator:Vesta+1","animator:Hibiki","animator:Darkness","animator:Ain","CurseOfTheBell","Bite","Bite","Bite","Bite","Bite","animator:Emilia","animator:QuestionMark+1","animator:NononJakuzure","animator:Kagari","animator:Shion","animator:HigakiRinne","animator:Gilgamesh+6","animator:Vanir","animator:Lu","animator:Chris","animator:HighElfArcher","animator:Evileye+1","animator:Saitama","animator:HighElfArcher","animator:Sebas","animator:Shion+1","animator:Rimuru","animator:Archer+1","animator:HigakiRinne","animator:Ciel+1","animator:Ainz","animator:Shalltear","animator:Ainz","animator:Urushihara"],"relics":["animator:LivingPicture","animator:TheMissingPiece","animator:PurgingStone","Nunchaku","Membership Card","Calling Bell","War Paint","CloakClasp","Thread and Needle","Question Card","MealTicket","Strawberry","Busted Crown","Girya","Strange Spoon","StoneCalendar","Red Mask","PreservedInsect","animator:Buoy"],"acts_visited":["Exordium","TheCity","TheBeyond"],"potions_floor_usage":[16,22,33,33,45,46,50],"damage_taken":[{"damage":0,"enemies":"2 Louse","floor":1,"turns":4},{"damage":8,"enemies":"Small Slimes","floor":2,"turns":5},{"damage":0,"enemies":"Cultist","floor":3,"turns":4},{"damage":17,"enemies":"Exordium Thugs","floor":4,"turns":5},{"damage":10,"enemies":"3 Sentries","floor":7,"turns":4},{"damage":7,"enemies":"Gremlin Gang","floor":11,"turns":3},{"damage":6,"enemies":"Looter","floor":12,"turns":2},{"damage":65,"enemies":"Hexaghost","floor":16,"turns":16},{"damage":3,"enemies":"Shell Parasite","floor":18,"turns":6},{"damage":10,"enemies":"Spheric Guardian","floor":22,"turns":4},{"damage":14,"enemies":"Centurion and Healer","floor":25,"turns":10},{"damage":12,"enemies":"Snake Plant","floor":27,"turns":6},{"damage":9,"enemies":"3 Cultists","floor":29,"turns":5},{"damage":3,"enemies":"Centurion and Healer","floor":30,"turns":7},{"damage":6,"enemies":"Cultist and Chosen","floor":31,"turns":5},{"damage":86,"enemies":"Automaton","floor":33,"turns":11},{"damage":5,"enemies":"Orb Walker","floor":35,"turns":4},{"damage":13,"enemies":"3 Darklings","floor":36,"turns":4},{"damage":33,"enemies":"Mind Bloom Boss Battle","floor":37,"turns":8},{"damage":24,"enemies":"Spire Growth","floor":41,"turns":4},{"damage":12,"enemies":"Jaw Worm Horde","floor":45,"turns":3},{"damage":21,"enemies":"Maw","floor":46,"turns":7},{"damage":47,"enemies":"Reptomancer","floor":47,"turns":6},{"damage":108,"enemies":"Awakened One","floor":50,"turns":11}],"seed_played":"-4020818996073230423","potions_obtained":[{"floor":3,"key":"FairyPotion"},{"floor":4,"key":"Energy Potion"},{"floor":7,"key":"Fire Potion"},{"floor":16,"key":"AttackPotion"},{"floor":18,"key":"Swift Potion"},{"floor":31,"key":"SkillPotion"},{"floor":33,"key":"EssenceOfSteel"},{"floor":35,"key":"FairyPotion"},{"floor":46,"key":"Fruit Juice"}],"is_trial":false,"path_per_floor":["M","M","M","M","$","R","E","R","T","$","M","M","R","?","R","B",null,"M","?","$","?","M","R","$","M","T","M","$","M","M","M","R","B",null,"M","M","?","$","?","R","M","?","T","R","M","M","E","$","R","B",null],"character_chosen":"THE_ANIMATOR","items_purchased":["Membership Card","animator:Megumin","animator:Hibiki","animator:Emilia","Question Card","animator:HigakiRinne","Strawberry","animator:Lu","Strange Spoon","StoneCalendar","animator:Rimuru","animator:Ainz","animator:Urushihara","Strength Potion"],"campfire_rested":4,"item_purchase_floors":[5,5,10,20,20,24,28,28,38,38,38,48,48,48],"current_hp_per_floor":[66,60,63,50,50,50,42,42,42,42,41,39,60,60,71,9,72,71,71,71,38,37,58,58,70,70,69,79,80,83,79,79,6,85,82,76,54,69,69,69,52,41,41,41,32,25,23,38,66,9],"gold":18,"neow_bonus":"RANDOM_COMMON_RELIC","is_daily":false,"chose_seed":false,"campfire_upgraded":2,"win_rate":0.0,"timestamp":1613117615,"path_taken":["M","M","M","M","$","R","E","R","T","$","M","M","R","?","R","BOSS","M","?","$","?","M","R","$","?","T","M","?","M","?","M","R","BOSS","M","M","?","$","?","R","M","?","T","R","M","?","E","$","R","BOSS"],"items_purchased_type":["Relic","Card","Card","Card","Relic","Card","Relic","Card","Relic","Relic","Card","Card","Card","Potion"],"build_version":"2020-12-22","purchased_purges":0,"victory":true,"max_hp_per_floor":[66,66,67,69,69,69,69,69,69,69,71,71,71,71,71,72,72,72,72,72,72,72,72,72,72,72,72,79,83,83,85,85,85,85,85,87,87,87,87,87,87,87,87,87,88,93,95,95,95,95],"relic_stats":{"Strange Spoon":[6],"Nunchaku":[32],"Busted Crown":38,"counters":[24,143],"MealTicket":33,"StoneCalendar":[22],"PreservedInsect":59,"CloakClasp":[180],"War Paint":["animator:Defend","animator:Aqua"],"Question Card":32,"obtain_stats":[{"animator:Buoy":47,"Girya":37,"animator:TheMissingPiece":0,"Thread and Needle":17,"StoneCalendar":38,"PreservedInsect":43,"CloakClasp":17,"War Paint":17,"Question Card":20,"Blood Vial":7,"Calling Bell":17,"Strange Spoon":38,"Nunchaku":0,"Busted Crown":34,"animator:PurgingStone":0,"Strawberry":28,"MealTicket":26,"animator:LivingPicture":0,"Red Mask":39,"Membership Card":5},{"animator:Buoy":23,"Girya":19,"animator:TheMissingPiece":0,"Thread and Needle":8,"StoneCalendar":19,"PreservedInsect":20,"CloakClasp":8,"War Paint":8,"Question Card":9,"Blood Vial":5,"Calling Bell":8,"Strange Spoon":19,"Nunchaku":0,"Busted Crown":16,"animator:PurgingStone":0,"Strawberry":12,"MealTicket":11,"animator:LivingPicture":0,"Red Mask":19,"Membership Card":4},{"animator:Buoy":132,"Girya":112,"animator:TheMissingPiece":0,"Thread and Needle":43,"StoneCalendar":112,"PreservedInsect":116,"CloakClasp":43,"War Paint":43,"Question Card":49,"Blood Vial":22,"Calling Bell":43,"Strange Spoon":112,"Nunchaku":0,"Busted Crown":96,"animator:PurgingStone":0,"Strawberry":68,"MealTicket":63,"animator:LivingPicture":0,"Red Mask":112,"Membership Card":18}]},"card_choices":[{"not_picked":["animator:DolaCouronne","animator:GazelDwargon"],"picked":"animator:Darkness","floor":1},{"not_picked":["animator:GazelDwargon","animator:Alexander"],"picked":"animator:Entoma","floor":2},{"not_picked":["animator:Raven","animator:Elsword"],"picked":"animator:YunYun","floor":3},{"not_picked":["animator:Darkness","animator:Verdia"],"picked":"animator:Mitsurugi","floor":4},{"not_picked":["animator:MetalKnight","animator:Shuna"],"picked":"animator:Vesta","floor":7},{"not_picked":["animator:Cocytus","animator:DolaSchwi"],"picked":"animator:Darkness","floor":11},{"not_picked":["animator:ZankiKiguchi","animator:Azekura"],"picked":"animator:Ain","floor":12},{"not_picked":["animator:Rimuru","animator:Saitama"],"picked":"animator:Eris","floor":16},{"not_picked":["animator:Darkness","animator:Mitsurugi"],"picked":"animator:Megumin","floor":18},{"not_picked":["animator:LizardPriest","animator:Hakurou","animator:Millim"],"picked":"animator:Shion","floor":22},{"not_picked":["animator:Emonzaemon+1","animator:ZankiKiguchi","animator:Hakurou"],"picked":"animator:Gilgamesh","floor":25},{"not_picked":["animator:Shion","animator:Konayuki","animator:MumenRider"],"picked":"animator:Vanir","floor":27},{"not_picked":["animator:Vanir","animator:Verdia","animator:YunYun"],"picked":"animator:Chris","floor":29},{"not_picked":["animator:Melzalgald","animator:Spearman","animator:Illya"],"picked":"animator:HighElfArcher","floor":30},{"not_picked":["animator:Genos","animator:Mitsurugi","animator:Benimaru"],"picked":"animator:Evileye+1","floor":31},{"not_picked":["animator:Saber","animator:Eris","animator:Elesis"],"picked":"animator:Saitama","floor":33},{"not_picked":["animator:Vesta"],"picked":"animator:HighElfArcher","floor":35},{"not_picked":["animator:Demiurge"],"picked":"animator:Sebas","floor":36},{"not_picked":["animator:Illya"],"picked":"animator:Shion+1","floor":37},{"not_picked":["animator:Evileye"],"picked":"animator:Archer+1","floor":41},{"not_picked":["animator:Evileye+1"],"picked":"animator:Ciel+1","floor":45},{"not_picked":["animator:MetalKnight"],"picked":"animator:Ainz","floor":46},{"not_picked":["animator:Sebas"],"picked":"animator:Shalltear","floor":47}],"player_experience":55998,"relics_obtained":[{"floor":7,"key":"Blood Vial"},{"floor":17,"key":"War Paint"},{"floor":17,"key":"CloakClasp"},{"floor":17,"key":"Thread and Needle"},{"floor":26,"key":"MealTicket"},{"floor":37,"key":"Girya"},{"floor":43,"key":"PreservedInsect"},{"floor":47,"key":"animator:Buoy"}],"event_choices":[{"damage_healed":0,"gold_gain":0,"player_choice":"Became a vampire (Vial)","damage_taken":0,"max_hp_gain":0,"max_hp_loss":0,"event_name":"Vampires","floor":19,"relics_lost":["Blood Vial"],"gold_loss":0,"cards_obtained":["Bite","Bite","Bite","Bite","Bite"]},{"damage_healed":0,"gold_gain":90,"player_choice":"CARD GOLD CARD CARD ","damage_taken":33,"max_hp_gain":0,"max_hp_loss":0,"event_name":"Knowing Skull","floor":21,"potions_obtained":[],"gold_loss":0,"cards_obtained":["animator:QuestionMark","animator:NononJakuzure","animator:Kagari"]},{"damage_healed":0,"gold_gain":0,"player_choice":"Fight","damage_taken":0,"max_hp_gain":0,"max_hp_loss":0,"event_name":"MindBloom","floor":37,"gold_loss":0},{"damage_healed":0,"gold_gain":0,"player_choice":"Paid","damage_taken":0,"relics_obtained":["Red Mask"],"max_hp_gain":0,"max_hp_loss":0,"event_name":"Tomb of Lord Red Mask","floor":39,"gold_loss":31},{"damage_healed":0,"gold_gain":0,"player_choice":"Embrace Madness","damage_taken":11,"max_hp_gain":0,"max_hp_loss":0,"event_name":"Winding Halls","floor":42,"gold_loss":0,"cards_obtained":["animator:HigakiRinne"]}],"is_beta":false,"boss_relics":[{"not_picked":["Runic Dome","animator:CursedBlade"],"picked":"Calling Bell"},{"not_picked":["Coffee Dripper","Sozu"],"picked":"Busted Crown"}],"items_purged_floors":[],"is_endless":false,"potions_floor_spawned":[3,4,7,16,18,31,33,35,46],"ascension_level":0}}