{"host":"vrqilyg3eq27f2tn","time":1613147618,"event":{"mods":["2.2 Compatiblity","Aspiration","BaseMod","Colored Powertips","Downfall","Friendly Minions","Hermit","Minty Spire (QoL Compilation)","Relic Stats","Reliquary","Replay The Spire","StSLib","The Cursed"],"gold_per_floor":[118,118,136,147,166,193,203,203,255,273,273,299,299,318,318,415,415,427,444,461,247,258,258,258,258],"floor_reached":24,"language":"ENG","playtime":1412,"items_purged":[],"score":212,"play_id":"ffeb4bf8-03bd-4bb4-8b06-7858ab7ab20e","local_time":"20210212113338","is_ascension_mode":false,"campfire_choices":[{"data":"MasterReality","floor":8,"key":"SMITH"},{"floor":11,"key":"REST"},{"data":"Eruption","floor":13,"key":"SMITH"},{"data":"BattleHymn","floor":15,"key":"SMITH"},{"data":"LikeWater","floor":23,"key":"SMITH"}],"circlet_count":0,"master_deck":["Strike_P","Strike_P","Strike_P","Strike_P","Defend_P","Defend_P","Defend_P","Defend_P","Eruption+1","Vigilance","MasterReality+1","BattleHymn+1","CarveReality","FearNoEvil","Devotion","Prostrate","LikeWater+1"],"relics":["PureWater","Replay:Mystery Machine","reliquary:TuningFork","reliquary:SilkGlove","Black Star","Replay:Baseball"],"acts_visited":["Exordium","TheCity"],"potions_floor_usage":[16,18,20,20,24,24,24],"damage_taken":[{"damage":0,"enemies":"Cultist","floor":1,"turns":2},{"damage":5,"enemies":"Jaw Worm","floor":3,"turns":4},{"damage":0,"enemies":"Small Slimes","floor":4,"turns":2},{"damage":8,"enemies":"Red Slaver","floor":5,"turns":4},{"damage":32,"enemies":"3 Sentries","floor":6,"turns":5},{"damage":0,"enemies":"Large Slime","floor":7,"turns":1},{"damage":10,"enemies":"Lots of Slimes","floor":10,"turns":3},{"damage":12,"enemies":"Gremlin Nob","floor":12,"turns":3},{"damage":18,"enemies":"Exordium Thugs","floor":14,"turns":4},{"damage":6,"enemies":"The Guardian","floor":16,"turns":7},{"damage":5,"enemies":"Shell Parasite","floor":18,"turns":3},{"damage":0,"enemies":"Spheric Guardian","floor":19,"turns":2},{"damage":7,"enemies":"3 Cultists","floor":20,"turns":4},{"damage":16,"enemies":"Chosen and Byrds","floor":22,"turns":5},{"damage":55,"enemies":"Gremlin Leader","floor":24,"turns":4}],"seed_played":"5872621937332469301","potions_obtained":[{"floor":4,"key":"Strength Potion"},{"floor":5,"key":"Fire Potion"},{"floor":6,"key":"Slimebound:ThreeZeroPotion"},{"floor":16,"key":"Fire Potion"},{"floor":19,"key":"Block Potion"},{"floor":20,"key":"ColorlessPotion"},{"floor":22,"key":"Dexterity Potion"}],"is_trial":false,"path_per_floor":["M","?","M","M","M","E","M","R","T","M","R","E","R","M","R","B",null,"M","M","M","$","M","R","E"],"character_chosen":"WATCHER","items_purchased":["Replay:Baseball","LikeWater"],"campfire_rested":1,"item_purchase_floors":[21,21],"current_hp_per_floor":[79,79,74,74,66,34,34,34,34,24,47,35,35,17,17,11,79,74,74,67,67,51,51,0,0],"gold":258,"neow_bonus":"TEN_PERCENT_HP_BONUS","is_daily":false,"chose_seed":false,"campfire_upgraded":4,"win_rate":0.0,"timestamp":1613147618,"path_taken":["M","?","?","M","M","E","M","R","T","?","R","E","R","M","R","BOSS","M","?","?","$","M","R","E"],"items_purchased_type":["Relic","Card"],"build_version":"2020-12-22","purchased_purges":0,"victory":false,"max_hp_per_floor":[79,79,79,79,79,79,79,79,79,79,79,79,79,79,79,79,79,79,79,79,79,79,79,79,79],"relic_stats":{"counters":[15,53],"Black Star":0,"obtain_stats":[{"Replay:Baseball":21,"reliquary:SilkGlove":12,"reliquary:TuningFork":9,"Black Star":17,"PureWater":0,"Replay:Mystery Machine":6},{"Replay:Baseball":13,"reliquary:SilkGlove":8,"reliquary:TuningFork":6,"Black Star":10,"PureWater":0,"Replay:Mystery Machine":5},{"Replay:Baseball":44,"reliquary:SilkGlove":24,"reliquary:TuningFork":18,"Black Star":35,"PureWater":0,"Replay:Mystery Machine":17}]},"card_choices":[{"not_picked":["EmptyBody","Pray"],"picked":"Consecrate","floor":1},{"not_picked":["Replay:Vibes","SashWhip"],"picked":"BattleHymn","floor":3},{"not_picked":["ThirdEye","FlyingSleeves"],"picked":"CarveReality","floor":4},{"not_picked":["WindmillStrike","Conclude","Collect"],"picked":"SKIP","floor":5},{"not_picked":["Replay:AtTheReady","BowlingBash"],"picked":"FearNoEvil","floor":6},{"not_picked":["ClearTheMind","Nirvana","Replay:ManipulateFuture"],"picked":"SKIP","floor":7},{"not_picked":["CutThroughFate","Replay:AtTheReady","ThirdEye"],"picked":"SKIP","floor":10},{"not_picked":["Collect","EmptyMind","SashWhip"],"picked":"SKIP","floor":12},{"not_picked":["Replay:DivineShield","Sanctity","LessonLearned"],"picked":"SKIP","floor":14},{"not_picked":["LessonLearned","Alpha"],"picked":"Devotion","floor":16},{"not_picked":["JustLucky","Indignation","EmptyMind+1"],"picked":"SKIP","floor":18},{"not_picked":["EmptyBody","ThirdEye"],"picked":"Prostrate","floor":19},{"not_picked":["Worship","SashWhip+1","CutThroughFate"],"picked":"SKIP","floor":20},{"not_picked":["Crescendo","WaveOfTheHand","JustLucky"],"picked":"SKIP","floor":22}],"player_experience":359872,"relics_obtained":[{"floor":6,"key":"Replay:Mystery Machine"},{"floor":9,"key":"reliquary:TuningFork"},{"floor":12,"key":"reliquary:SilkGlove"}],"event_choices":[{"damage_healed":0,"gold_gain":0,"cards_transformed":["Consecrate"],"player_choice":"Transformed","damage_taken":0,"max_hp_gain":0,"max_hp_loss":0,"event_name":"Transmorgrifier","floor":2,"gold_loss":0,"cards_obtained":["MasterReality"]}],"is_beta":false,"boss_relics":[{"not_picked":["Busted Crown","Tiny House"],"picked":"Black Star"}],"items_purged_floors":[],"is_endless":false,"potions_floor_spawned":[4,5,6,12,16,19,20,22],"killed_by":"Gremlin Leader","ascension_level":0}}