{"host":"xo0glkmxta74xh34","time":1613106587,"event":{"mods":["BaseMod","Downfall","Minty Spire (QoL Compilation)","Reliquary","Replay The Spire","StSLib"],"gold_per_floor":[99,118,118,196,34,64,64,164,180,196,226,226,226,244,262,358,358,358,378,288,373,373,405,453,473,499,608,620,332,332,369,386,493,493,493,512,524,533,1550,1572,1572,1618,1628,1628,1637,1637,1673,1029,1044,1044],"floor_reached":51,"language":"ENG","playtime":3253,"items_purged":["champ:Strike","Writhe","Normality"],"score":1091,"play_id":"90ee6fb1-4e7f-43ad-9665-60dca55dc855","local_time":"20210211230947","is_ascension_mode":true,"campfire_choices":[{"data":"champ:Taunt","floor":1.0,"key":"SMITH"},{"floor":13.0,"key":"REST"},{"data":"champ:SwordThrow","floor":18.0,"key":"SMITH"},{"floor":30.0,"key":"REST"},{"data":"champ:EnchantSword","floor":35.0,"key":"SMITH"},{"floor":44.0,"key":"REST"},{"data":"champ:SteelEdge","floor":46.0,"key":"SMITH"}],"circlet_count":0,"master_deck":["champ:Strike","champ:Strike","champ:Strike","champ:Defend","champ:Defend","champ:Defend","champ:Defend","champ:Execute","champ:Taunt+1","champ:Shatter","champ:SkillfulDodge","champ:StanceDance","champ:FocusedDefense","champ:GladiatorStyle+1","champ:SteelEdge+1","champ:SwordThrow+1","champ:ShieldWall+1","champ:IronFortress+1","champ:EnchantShield","champ:SetATrap+1","champ:EnchantSword+1","Looming Evil","Normality","champ:DefensiveStyle+1","champ:ShieldWall+1","Parasite","champ:Devastate","ReplayTheSpireMod:Brewmster+1","champ:MurderStrike","champ:EndlessRage+1"],"relics":["champ:ChampionCrown","downfall:ShatteredFragment","reliquary:Knoch","ClockworkSouvenir","reliquary:TridentHead","Frozen Egg 2","reliquary:PorcupineQuills","reliquary:RedCape","Blood Vial","Replay:WaspNest","CeramicFish","Red Mask","Ice Cream","Kunai","reliquary:TatteredRug","Torii","SlaversCollar","Ring of Misfortune","ReplayTheSpireMod:Ring of Challenge","Calipers","Blue Doll","Lee\u0027s Waffle","Unceasing Top","PreservedInsect"],"acts_visited":["Exordium","TheCity","TheBeyond"],"potions_floor_usage":[49,50,50,50,50,50,50,50],"damage_taken":[{"damage":10.0,"enemies":"Small Slimes","floor":2.0,"turns":3.0},{"damage":20.0,"enemies":"downfall:FleeingMerchant","floor":5.0,"turns":4.0},{"damage":28.0,"enemies":"Gremlin Nob","floor":6.0,"turns":4.0},{"damage":20.0,"enemies":"2 Louse","floor":9.0,"turns":1.0},{"damage":20.0,"enemies":"Cultist","floor":10.0,"turns":3.0},{"damage":22.0,"enemies":"Lagavulin","floor":11.0,"turns":6.0},{"damage":1.0,"enemies":"2 Fungi Beasts","floor":14.0,"turns":3.0},{"damage":4.0,"enemies":"Blue Slaver","floor":15.0,"turns":3.0},{"damage":18.0,"enemies":"SI_SHIV_ARCHETYPE","floor":16.0,"turns":10.0},{"damage":0.0,"enemies":"Spheric Guardian","floor":19.0,"turns":2.0},{"damage":0.0,"enemies":"downfall:FleeingMerchant","floor":20.0,"turns":4.0},{"damage":65.0,"enemies":"Gremlin Leader","floor":23.0,"turns":5.0},{"damage":26.0,"enemies":"Chosen","floor":25.0,"turns":4.0},{"damage":30.0,"enemies":"Masked Bandits","floor":26.0,"turns":3.0},{"damage":25.0,"enemies":"IC_STATUS_ARCHETYPE","floor":27.0,"turns":5.0},{"damage":16.0,"enemies":"3 Cultists","floor":28.0,"turns":5.0},{"damage":25.0,"enemies":"downfall:FleeingMerchant","floor":29.0,"turns":4.0},{"damage":16.0,"enemies":"Slavers","floor":31.0,"turns":4.0},{"damage":12.0,"enemies":"Chosen and Byrds","floor":32.0,"turns":4.0},{"damage":35.0,"enemies":"IC_MUSHROOM_ARCHETYPE","floor":33.0,"turns":10.0},{"damage":19.0,"enemies":"3 Darklings","floor":36.0,"turns":6.0},{"damage":19.0,"enemies":"Orb Walker","floor":37.0,"turns":4.0},{"damage":1.0,"enemies":"4 Shapes","floor":40.0,"turns":10.0},{"damage":55.0,"enemies":"Jaw Worm Horde","floor":43.0,"turns":4.0},{"damage":26,"enemies":"Writhing Mass","floor":47,"turns":6},{"damage":4,"enemies":"downfall:FleeingMerchant","floor":48,"turns":4},{"damage":31,"enemies":"3 Darklings","floor":49,"turns":6},{"damage":85,"enemies":"WA_ARCHETYPE_DIVINITY","floor":50,"turns":8}],"seed_played":"7948506505610826782","potions_obtained":[{"floor":2.0,"key":"Weak Potion"},{"floor":4.0,"key":"LifebloodPotion"},{"floor":4.0,"key":"champ:UltimateStancePotion"},{"floor":6.0,"key":"Venom Potion"},{"floor":14.0,"key":"Languid Potion"},{"floor":19.0,"key":"Dexterity Potion"},{"floor":26.0,"key":"SkillPotion"},{"floor":27.0,"key":"champ:TechniquePotion"},{"floor":28.0,"key":"ColorlessPotion"},{"floor":32.0,"key":"LiquidBronze"},{"floor":36.0,"key":"champ:UltimateStancePotion"},{"floor":37.0,"key":"PowerPotion"}],"is_trial":false,"path_per_floor":["R","M","?","?","$","E","T","?","M","M","E","?","R","M","M","B",null,"R","M","$","?","?","E","T","M","?","?","M","$","R","E","M","B",null,"R","M","M","?","?","M","T","T","M","R","?","R","M","$","M","B",null],"character_chosen":"THE_CHAMP","items_purchased":["ClockworkSouvenir","reliquary:TatteredRug","Doom Potion","Lee\u0027s Waffle","Unceasing Top","PreservedInsect","ReplayTheSpireMod:Brewmster+1","PowerPotion","champ:MurderStrike","champ:EndlessRage+1"],"campfire_rested":3,"item_purchase_floors":[5,29,29,48,48,48,48,48,48,48],"current_hp_per_floor":[99,99,72,48,48,40,40,40,40,40,23,33,65,64,60,72,109,109,109,109,91,91,73,73,64,66,63,64,51,83,79,79,71,109,109,100,93,93,93,99,99,99,76,108,108,108,93,116,95,22],"gold":1044,"neow_bonus":"TEN_PERCENT_HP_BONUS","is_daily":false,"chose_seed":false,"campfire_upgraded":4,"win_rate":0.0,"timestamp":1613106587,"path_taken":["R","M","?","?","$","E","T","?","?","M","E","?","R","M","M","BOSS","R","M","$","?","?","E","T","?","?","?","M","$","R","E","M","BOSS","R","M","M","?","?","?","T","?","M","R","?","R","M","$","M","BOSS"],"items_purchased_type":["Relic","Relic","Potion","Relic","Relic","Relic","Card","Potion","Card","Card"],"build_version":"2020-12-22","purchased_purges":3,"victory":true,"max_hp_per_floor":[99,99,99,99,99,99,99,99,99,99,99,109,109,109,109,109,109,109,109,109,109,109,109,109,109,109,109,109,109,109,109,109,109,109,109,109,109,109,109,109,109,109,109,109,109,109,109,116,116,116],"card_choices":[{"not_picked":["champ:FanOfKnives","champ:Circumvent"],"picked":"champ:Shatter","floor":2.0},{"not_picked":["champ:Circumvent","champ:BringItOn"],"picked":"champ:SkillfulDodge","floor":4.0},{"not_picked":["champ:FanOfKnives","champ:BerserkersShout"],"picked":"champ:StanceDance","floor":5.0},{"not_picked":["champ:StanceDance","champ:Haymaker"],"picked":"champ:FocusedDefense","floor":6.0},{"not_picked":["champ:EnragedBash","champ:DefensiveShout","champ:TornadoPunch"],"picked":"SKIP","floor":9.0},{"not_picked":["champ:FlashCut","champ:HeartStrike"],"picked":"champ:GladiatorStyle+1","floor":10.0},{"not_picked":["champ:Backstep","champ:Shatter"],"picked":"champ:SteelEdge","floor":11.0},{"not_picked":["champ:Haymaker","champ:BerserkersShout","champ:BladeFlurry"],"picked":"SKIP","floor":14.0},{"not_picked":["champ:PerfectedStrike","champ:PreciseThrust","champ:FalseCounter"],"picked":"SKIP","floor":15.0},{"not_picked":["champ:IgnorePain","champ:SteelEdge"],"picked":"champ:SwordThrow","floor":16.0},{"not_picked":["champ:BringItOn","champ:PerfectedStrike"],"picked":"champ:ShieldWall+1","floor":19.0},{"not_picked":["champ:Encircle","champ:RapidStrikes"],"picked":"champ:IronFortress+1","floor":20.0},{"not_picked":["champ:EnragedBash","champ:BerserkersShout+1","champ:ShieldSlam"],"picked":"SKIP","floor":23.0},{"not_picked":["champ:Circumvent","champ:BladeFlurry","champ:FlashCut"],"picked":"SKIP","floor":25.0},{"not_picked":["champ:CrownThrow","champ:BladeFlurry"],"picked":"champ:EnchantShield","floor":27.0},{"not_picked":["champ:StanceDance","champ:GladiatorStyle+1","champ:RapidStrikes+1"],"picked":"SKIP","floor":28.0},{"not_picked":["champ:Circumvent","champ:Haymaker+1","champ:DefensiveShout"],"picked":"SKIP","floor":29.0},{"not_picked":["champ:Backstep","champ:StanceDance"],"picked":"champ:SetATrap+1","floor":31.0},{"not_picked":["champ:PreciseThrust+1","champ:CrownThrow","champ:BringItOn"],"picked":"SKIP","floor":32.0},{"not_picked":["champ:EnchantShield","champ:SteelEdge"],"picked":"champ:EnchantSword","floor":33.0},{"not_picked":["champ:BringItOn+1","champ:BladeFlurry","champ:DefensiveShout"],"picked":"SKIP","floor":36.0},{"not_picked":["champ:Lariat","champ:EnGarde","champ:BringItOn"],"picked":"SKIP","floor":37.0},{"not_picked":["champ:GutPunch+1","champ:EnGarde"],"picked":"champ:DefensiveStyle+1","floor":40.0},{"not_picked":["champ:GutPunch","champ:CrownThrow","champ:FocusedBerserking"],"picked":"SKIP","floor":43.0},{"not_picked":["champ:CalledShot","champ:FancyFootwork+1"],"picked":"champ:Devastate","floor":47},{"not_picked":["champ:SwordSigil+1","champ:GutPunch+1","champ:PreemptiveStrike+1"],"picked":"SKIP","floor":48},{"not_picked":["champ:Duel+1","champ:AdrenalArmor","champ:PerfectedStrike+1"],"picked":"SKIP","floor":49}],"player_experience":466748,"relics_obtained":[{"floor":4.0,"key":"reliquary:Knoch"},{"floor":6.0,"key":"reliquary:TridentHead"},{"floor":7.0,"key":"Frozen Egg 2"},{"floor":11.0,"key":"reliquary:PorcupineQuills"},{"floor":23.0,"key":"Replay:WaspNest"},{"floor":24.0,"key":"CeramicFish"},{"floor":26.0,"key":"Red Mask"},{"floor":27.0,"key":"Ice Cream"},{"floor":27.0,"key":"Kunai"},{"floor":31.0,"key":"Torii"},{"floor":38.0,"key":"Ring of Misfortune"},{"floor":38.0,"key":"ReplayTheSpireMod:Ring of Challenge"},{"floor":41.0,"key":"Calipers"},{"floor":42.0,"key":"Blue Doll"}],"event_choices":[{"damage_healed":0.0,"max_hp_gain":0.0,"max_hp_loss":0.0,"gold_gain":0.0,"event_name":"Masked Bandits","player_choice":"Fought Bandits","floor":26.0,"gold_loss":0.0,"damage_taken":0.0}],"is_beta":false,"boss_relics":[{"not_picked":["Sozu","ReplayTheSpireMod:DimensionalGlitch"],"picked":"reliquary:RedCape"},{"not_picked":["Empty Cage","reliquary:RedPaperclip"],"picked":"SlaversCollar"}],"items_purged_floors":[20,29,48],"is_endless":false,"potions_floor_spawned":[2,6,10,14,15,19,26,27,28,32,36,37,49],"ascension_level":1}}