{"host":"jruzzdd1waq9u00d","time":1613132942,"event":{"mods":["BaseMod","Colored Map","Colored Powertips","DeckTracker","Downfall","Minty Spire (QoL Compilation)","Quick Restart","Relic Stats","StSLib","SuperFastMode"],"gold_per_floor":[116,116,126,197,216,216,226,240,266,301,319,206,216,229,229,229,229],"floor_reached":16,"language":"ENG","playtime":444,"items_purged":["Strike_P"],"score":212,"play_id":"578b7f40-ef37-4399-8968-67c2a13ed0de","local_time":"20210212212902","is_ascension_mode":true,"campfire_choices":[{"data":"Eruption","floor":6.0,"key":"SMITH"},{"floor":15,"key":"REST"}],"circlet_count":0,"master_deck":["AscendersBane","Strike_P","Strike_P","Strike_P","Defend_P","Defend_P","Defend_P","Eruption+1","Vigilance","Brilliance","Wallop","EmptyFist","Conclude","Halt","Adaptation"],"relics":["PureWater","NeowsBlessing","The Courier","CeramicFish","Regal Pillow"],"acts_visited":["Exordium"],"potions_floor_usage":[10,16],"damage_taken":[{"damage":0.0,"enemies":"Jaw Worm","floor":1.0,"turns":1.0},{"damage":0.0,"enemies":"Cultist","floor":3.0,"turns":1.0},{"damage":0.0,"enemies":"Small Slimes","floor":5.0,"turns":1.0},{"damage":1.0,"enemies":"2 Fungi Beasts","floor":7.0,"turns":2.0},{"damage":0.0,"enemies":"Large Slime","floor":8.0,"turns":3.0},{"damage":20,"enemies":"3 Sentries","floor":10,"turns":3},{"damage":1,"enemies":"Lots of Slimes","floor":11,"turns":4},{"damage":5,"enemies":"3 Louse","floor":13,"turns":3},{"damage":2,"enemies":"2 Fungi Beasts","floor":14,"turns":3},{"damage":98,"enemies":"Slime Boss","floor":16,"turns":11}],"seed_played":"4577330315305129796","potions_obtained":[{"floor":3.0,"key":"FairyPotion"},{"floor":8.0,"key":"PowerPotion"},{"floor":11,"key":"GamblersBrew"}],"is_trial":false,"path_per_floor":["M","?","M","T","M","R","M","M","T","E","M","$","M","M","R","B"],"character_chosen":"WATCHER","items_purchased":["Adaptation"],"campfire_rested":1,"item_purchase_floors":[12],"current_hp_per_floor":[61,61,61,61,61,61,60,60,60,40,39,39,34,32,67,0,0],"gold":229,"neow_bonus":"THREE_ENEMY_KILL","is_daily":false,"chose_seed":false,"campfire_upgraded":1,"win_rate":0.0,"timestamp":1613132942,"path_taken":["M","?","?","?","?","R","M","M","T","E","M","?","M","M","R","BOSS"],"items_purchased_type":["Card"],"build_version":"2020-12-22","purchased_purges":1,"victory":false,"max_hp_per_floor":[68,68,68,68,68,68,68,68,68,68,68,68,68,68,68,68,68],"relic_stats":{"Regal Pillow":15,"counters":[10,32],"CeramicFish":18,"obtain_stats":[{"Regal Pillow":10,"NeowsBlessing":0,"CeramicFish":9,"The Courier":4,"PureWater":0},{"Regal Pillow":6,"NeowsBlessing":0,"CeramicFish":5,"The Courier":2,"PureWater":0},{"Regal Pillow":11,"NeowsBlessing":0,"CeramicFish":8,"The Courier":2,"PureWater":0}]},"card_choices":[{"not_picked":["CrushJoints","Prostrate","JustLucky"],"picked":"SKIP","floor":1.0},{"not_picked":["Wish","PathToVictory"],"picked":"Wallop","floor":3.0},{"not_picked":["EmptyBody","Prostrate"],"picked":"EmptyFist","floor":5.0},{"not_picked":["FlyingSleeves","ForeignInfluence"],"picked":"Conclude","floor":7.0},{"not_picked":["SashWhip","Protect","Sanctity"],"picked":"SKIP","floor":8.0},{"not_picked":["ClearTheMind","Prostrate"],"picked":"Halt","floor":10},{"not_picked":["CutThroughFate","Collect","Consecrate"],"picked":"SKIP","floor":11},{"not_picked":["ClearTheMind","Consecrate","SashWhip"],"picked":"SKIP","floor":13},{"not_picked":["Study","WreathOfFlame","BowlingBash"],"picked":"SKIP","floor":14}],"player_experience":435407,"relics_obtained":[{"floor":4.0,"key":"The Courier"},{"floor":9.0,"key":"CeramicFish"},{"floor":10,"key":"Regal Pillow"}],"event_choices":[{"damage_healed":0.0,"max_hp_gain":0.0,"max_hp_loss":0.0,"gold_gain":0.0,"cards_transformed":["Defend_P"],"event_name":"Transmorgrifier","player_choice":"Transformed","floor":2.0,"gold_loss":0.0,"damage_taken":0.0,"cards_obtained":["Brilliance"]}],"is_beta":false,"boss_relics":[],"items_purged_floors":[12],"is_endless":false,"potions_floor_spawned":[3,8,11],"killed_by":"Slime Boss","ascension_level":20}}