{"host":"pj7egx7jkoz18hom","time":1613110794,"event":{"mods":["AchievementEnabler","BaseMod","Keyboard Shortcuts","Minty Spire (QoL Compilation)","SuperFastMode"],"gold_per_floor":[115,133,144,160,177,177,210,160,183,208,208,208,208],"floor_reached":12,"language":"KOR","playtime":467,"items_purged":[],"score":99,"play_id":"6b2cae26-9924-4acc-b069-5e594fa1fcc6","local_time":"20210212151954","is_ascension_mode":true,"campfire_choices":[{"data":"Writhe","floor":6,"key":"PURGE"},{"floor":11,"key":"REST"}],"circlet_count":0,"master_deck":["Strike_R","Strike_R","Strike_R","Strike_R","Strike_R","Defend_R","Defend_R","Defend_R","Defend_R","Power Through","Body Slam","Perfected Strike","Shockwave","Armaments"],"relics":["Burning Blood","Peace Pipe","Mango","Happy Flower","Lantern"],"acts_visited":["Exordium"],"potions_floor_usage":[10],"damage_taken":[{"damage":2,"enemies":"Small Slimes","floor":1,"turns":5},{"damage":0,"enemies":"2 Louse","floor":2,"turns":3},{"damage":16,"enemies":"Jaw Worm","floor":3,"turns":5},{"damage":10,"enemies":"Red Slaver","floor":4,"turns":5},{"damage":14,"enemies":"Large Slime","floor":5,"turns":6},{"damage":38,"enemies":"3 Sentries","floor":7,"turns":10},{"damage":25,"enemies":"Lagavulin","floor":10,"turns":7},{"damage":49,"enemies":"Gremlin Nob","floor":12,"turns":6}],"seed_played":"3043951928040420577","potions_obtained":[{"floor":2,"key":"LiquidBronze"},{"floor":3,"key":"CultistPotion"},{"floor":5,"key":"SmokeBomb"}],"is_trial":false,"path_per_floor":["M","M","M","M","M","R","E","?","T","E","R","E"],"character_chosen":"IRONCLAD","items_purchased":[],"campfire_rested":1,"item_purchase_floors":[],"current_hp_per_floor":[80,80,70,66,58,58,40,40,40,21,49,0,0],"gold":208,"neow_bonus":"ONE_RARE_RELIC","is_daily":false,"chose_seed":false,"campfire_upgraded":0,"win_rate":0.0,"timestamp":1613110794,"path_taken":["M","M","M","M","M","R","E","?","T","E","R","E"],"items_purchased_type":[],"build_version":"2020-12-22","purchased_purges":0,"victory":false,"max_hp_per_floor":[80,80,80,80,80,80,94,94,94,94,94,94,94],"card_choices":[{"not_picked":["Dropkick","Twin Strike"],"picked":"Power Through","floor":1},{"not_picked":["Clothesline","Seeing Red"],"picked":"Body Slam","floor":2},{"not_picked":["Anger","Rampage","Feel No Pain"],"picked":"SKIP","floor":3},{"not_picked":["Sword Boomerang","Sever Soul"],"picked":"Perfected Strike","floor":4},{"not_picked":["Pommel Strike","Fire Breathing"],"picked":"Shockwave","floor":5},{"not_picked":["Cleave","Battle Trance","Havoc"],"picked":"SKIP","floor":7},{"not_picked":["Anger","Body Slam"],"picked":"Armaments","floor":10}],"player_experience":12395,"relics_obtained":[{"floor":7,"key":"Mango"},{"floor":9,"key":"Happy Flower"},{"floor":10,"key":"Lantern"}],"event_choices":[{"cards_removed":["Bash"],"damage_healed":0,"gold_gain":0,"player_choice":"Card Removal","damage_taken":0,"max_hp_gain":0,"max_hp_loss":0,"event_name":"The Cleric","floor":8,"gold_loss":50}],"is_beta":false,"boss_relics":[],"items_purged_floors":[],"is_endless":false,"potions_floor_spawned":[2,3,5],"killed_by":"Gremlin Nob","ascension_level":2}}