{"host":"d52brwsy6af8zvaq","time":1613168700,"event":{"mods":["AchievementEnabler","BaseMod","Bestiary","Highlight Path","Minty Spire (QoL Compilation)","Quick Restart","Relic Stats","ojb\u0027s Better Paths Mod"],"gold_per_floor":[116,127,127,140,140,140,164,199,199,216,245,245,255,281,281,356,356,366,366,379,379,379],"floor_reached":21,"language":"ENG","playtime":1360,"items_purged":[],"score":398,"play_id":"a3565d15-1213-437d-9a72-391074fbf2d1","local_time":"20210212152500","is_ascension_mode":true,"campfire_choices":[{"floor":6.0,"key":"REST"},{"data":"Dualcast","floor":15.0,"key":"SMITH"}],"circlet_count":0,"master_deck":["AscendersBane","Strike_B","Strike_B","Strike_B","Strike_B+1","Defend_B","Defend_B","Defend_B","Defend_B","Zap+1","Dualcast+1","Blind","Rip and Tear+1","Coolheaded","Gash","Self Repair","Undo","Chaos+1","Cold Snap","Loop","Amplify","CurseOfTheBell","Barrage+1","Storm"],"relics":["Cracked Core","DataDisk","Bird Faced Urn","Meat on the Bone","Blood Vial","Sundial","Calling Bell","Anchor","Molten Egg 2","TungstenRod"],"acts_visited":["Exordium","TheCity"],"potions_floor_usage":[21,21],"damage_taken":[{"damage":4.0,"enemies":"Jaw Worm","floor":1.0,"turns":3.0},{"damage":5.0,"enemies":"2 Louse","floor":2.0,"turns":2.0},{"damage":0.0,"enemies":"Cultist","floor":4.0,"turns":2.0},{"damage":27.0,"enemies":"Gremlin Nob","floor":8.0,"turns":4.0},{"damage":4.0,"enemies":"Large Slime","floor":10.0,"turns":5.0},{"damage":7.0,"enemies":"Lagavulin","floor":11.0,"turns":8.0},{"damage":0.0,"enemies":"3 Louse","floor":13.0,"turns":4.0},{"damage":23.0,"enemies":"3 Sentries","floor":14.0,"turns":10.0},{"damage":28.0,"enemies":"Slime Boss","floor":16.0,"turns":11.0},{"damage":29.0,"enemies":"3 Byrds","floor":18.0,"turns":8.0},{"damage":9,"enemies":"Chosen","floor":20,"turns":10},{"damage":84,"enemies":"3 Cultists","floor":21,"turns":7}],"seed_played":"4471045736429992795","potions_obtained":[{"floor":1.0,"key":"Block Potion"},{"floor":10.0,"key":"Block Potion"},{"floor":14.0,"key":"LiquidMemories"},{"floor":18.0,"key":"EntropicBrew"}],"is_trial":false,"path_per_floor":["M","M","?","M","?","R","T","E","T","M","E","?","M","E","R","B",null,"M","?","M","M"],"character_chosen":"DEFECT","items_purchased":[],"campfire_rested":1,"item_purchase_floors":[],"current_hp_per_floor":[60,55,55,55,34,55,55,28,28,36,50,55,66,54,54,51,70,54,54,67,0,0],"gold":379,"neow_bonus":"RANDOM_COLORLESS","is_daily":false,"chose_seed":false,"campfire_upgraded":1,"win_rate":0.0,"timestamp":1613168700,"path_taken":["M","M","?","M","?","R","?","E","T","M","E","?","?","E","R","BOSS","M","?","M","?"],"items_purchased_type":[],"build_version":"2020-12-22","purchased_purges":0,"victory":false,"max_hp_per_floor":[71,71,71,71,71,71,71,71,71,71,71,76,76,76,76,76,76,76,76,76,76,76],"relic_stats":{"Blood Vial":12,"counters":[12,74],"Sundial":[4],"Bird Faced Urn":[22],"obtain_stats":[{"Blood Vial":11,"Calling Bell":17,"DataDisk":7,"Anchor":17,"Sundial":14,"Bird Faced Urn":8,"Molten Egg 2":17,"Cracked Core":0,"TungstenRod":17,"Meat on the Bone":9},{"Blood Vial":6,"Calling Bell":9,"DataDisk":3,"Anchor":9,"Sundial":8,"Bird Faced Urn":4,"Molten Egg 2":9,"Cracked Core":0,"TungstenRod":9,"Meat on the Bone":4},{"Blood Vial":24,"Calling Bell":49,"DataDisk":7,"Anchor":49,"Sundial":38,"Bird Faced Urn":11,"Molten Egg 2":49,"Cracked Core":0,"TungstenRod":49,"Meat on the Bone":11}],"TungstenRod":34,"Meat on the Bone":36},"card_choices":[{"not_picked":["Jack Of All Trades","Deep Breath"],"picked":"Blind","floor":0.0},{"not_picked":["Leap","Redo"],"picked":"Rip and Tear","floor":1.0},{"not_picked":["Beam Cell","Go for the Eyes"],"picked":"Coolheaded","floor":2.0},{"not_picked":["Force Field","Steam"],"picked":"Gash","floor":4.0},{"not_picked":["Glacier","Tempest"],"picked":"Self Repair","floor":8.0},{"not_picked":["Rebound","Ball Lightning"],"picked":"Undo","floor":10.0},{"not_picked":["Reprogram","Beam Cell"],"picked":"Chaos","floor":11.0},{"not_picked":["Fusion","Static Discharge"],"picked":"Cold Snap","floor":13.0},{"not_picked":["White Noise","BootSequence"],"picked":"Loop","floor":14.0},{"not_picked":["Machine Learning","Meteor Strike"],"picked":"Amplify","floor":16.0},{"not_picked":["Coolheaded","Streamline+1"],"picked":"Barrage+1","floor":18.0},{"not_picked":["Cold Snap+1","Rebound+1"],"picked":"Storm","floor":20}],"player_experience":2246494,"relics_obtained":[{"floor":7.0,"key":"DataDisk"},{"floor":8.0,"key":"Bird Faced Urn"},{"floor":9.0,"key":"Meat on the Bone"},{"floor":11.0,"key":"Blood Vial"},{"floor":14.0,"key":"Sundial"},{"floor":17.0,"key":"Anchor"},{"floor":17.0,"key":"Molten Egg 2"},{"floor":17.0,"key":"TungstenRod"}],"event_choices":[{"damage_healed":0.0,"max_hp_gain":0.0,"max_hp_loss":0.0,"gold_gain":0.0,"event_name":"Living Wall","player_choice":"Grow","floor":3.0,"gold_loss":0.0,"damage_taken":0.0,"cards_upgraded":["Zap"]},{"damage_healed":0.0,"max_hp_gain":0.0,"max_hp_loss":0.0,"gold_gain":0.0,"event_name":"Shining Light","player_choice":"Entered Light","floor":5.0,"gold_loss":0.0,"damage_taken":21.0,"cards_upgraded":["Rip and Tear","Strike_B"]},{"damage_healed":0.0,"max_hp_gain":5.0,"max_hp_loss":0.0,"gold_gain":0.0,"event_name":"Big Fish","player_choice":"Donut","floor":12.0,"gold_loss":0.0,"damage_taken":0.0},{"damage_healed":0,"gold_gain":0,"player_choice":"Forge","damage_taken":0,"max_hp_gain":0,"max_hp_loss":0,"event_name":"Accursed Blacksmith","floor":19,"gold_loss":0,"cards_upgraded":["Chaos"]}],"is_beta":false,"boss_relics":[{"not_picked":["FrozenCore","Snecko Eye"],"picked":"Calling Bell"}],"items_purged_floors":[],"is_endless":false,"potions_floor_spawned":[1,10,14,18],"killed_by":"3 Cultists","ascension_level":20}}