{"host":"tia00321x3ndnwo4","time":1613106221,"event":{"mods":["2.2 Compatiblity","BaseMod","Bestiary","Colored Map","Colored Powertips","Curses Come First","Downfall","Highlight Path","Minty Spire (QoL Compilation)","Relic Stats","Slay the Relics Exporter","StSLib","SuperFastMode"],"gold_per_floor":[99,114,289,289,303,164,244,260,260,260,293,312,346,364,375,476,476,476,476,476,490,490,490,490,505,505,532,532,565,186,286,297,297,297,297],"floor_reached":33,"language":"ENG","playtime":1704,"items_purged":["Slimebound:Defend_Slimebound","downfall:Bewildered"],"score":293,"play_id":"2417aad0-f6dc-434d-83e7-d18d6580c708","local_time":"20210211210341","is_ascension_mode":false,"campfire_choices":[{"data":"Slimebound:CorrosiveSpit","floor":1,"key":"SMITH"},{"data":"Slimebound:Split","floor":10,"key":"SMITH"},{"data":"Slimebound:Overexert","floor":18,"key":"SMITH"},{"data":"Slimebound:GrowthPunch","floor":23,"key":"SMITH"},{"data":"Slimebound:TongueLash","floor":26,"key":"SMITH"},{"data":"Slimebound:Tackle","floor":28,"key":"SMITH"}],"circlet_count":0,"master_deck":["Slimebound:Tackle+1","Slimebound:Defend_Slimebound","Slimebound:Defend_Slimebound","Slimebound:Split+1","Slimebound:CorrosiveSpit+1","Slimebound:Schlurp","Doubt","Slimebound:ProtectTheBoss","Slimebound:RollThrough","Slimebound:TongueLash+1","Slimebound:Schlurp","Slimebound:LeechEnergy","Slimebound:RainOfGoop","Slimebound:LivingWall","Slimebound:LeechEnergy","Slimebound:Overexert+1","CurseOfTheBell","Slimebound:Tackle+1","Slimebound:Tackle+1","Slimebound:Tackle+1","Slimebound:GrowthPunch+1","Slimebound:ItLooksTasty+1","Slimebound:RollThrough+1","Slimebound:SamplingLick+1","Slimebound:Dissolve+1","Slimebound:ItLooksTasty","Slimebound:SamplingLick","Slimebound:SpikyOuterGoop","Slimebound:AcidTongue","Slimebound:SplitAcid"],"relics":["Slimebound:AbsorbEndCombat","Eternal Feather","Gambling Chip","Ginger","Calling Bell","Blood Vial","Mercury Hourglass","Calipers","sneckomod:BabySnecko","Sundial","Shuriken","Strawberry","Bottled Lightning","MutagenicStrength"],"acts_visited":["Exordium","TheCity"],"potions_floor_usage":[13,16,21,25,27,31,31],"damage_taken":[{"damage":15,"enemies":"Jaw Worm","floor":2,"turns":4},{"damage":0,"enemies":"Small Slimes","floor":5,"turns":3},{"damage":0,"enemies":"downfall:FleeingMerchant","floor":6,"turns":4},{"damage":6,"enemies":"Cultist","floor":8,"turns":3},{"damage":10,"enemies":"Lagavulin","floor":11,"turns":7},{"damage":0,"enemies":"3 Louse","floor":12,"turns":3},{"damage":21,"enemies":"Gremlin Nob","floor":13,"turns":4},{"damage":5,"enemies":"Exordium Wildlife","floor":14,"turns":2},{"damage":8,"enemies":"Lots of Slimes","floor":15,"turns":4},{"damage":51,"enemies":"DF_ARCHETYPE_STREAMLINE","floor":16,"turns":9},{"damage":5,"enemies":"Chosen","floor":21,"turns":4},{"damage":1,"enemies":"Cultist and Chosen","floor":25,"turns":4},{"damage":60,"enemies":"Gremlin Leader","floor":27,"turns":7},{"damage":29,"enemies":"Book of Stabbing","floor":29,"turns":4},{"damage":9,"enemies":"downfall:FleeingMerchant","floor":30,"turns":4},{"damage":20,"enemies":"downfall:Augmenter","floor":31,"turns":4},{"damage":5,"enemies":"Centurion and Healer","floor":32,"turns":4},{"damage":32,"enemies":"IC_MUSHROOM_ARCHETYPE","floor":33,"turns":4}],"seed_played":"-8988319803877949474","potions_obtained":[{"floor":2,"key":"Ancient Potion"},{"floor":4,"key":"downfall:CursedFountainPotion"},{"floor":11,"key":"sneckomod:MuddlingPotion"},{"floor":15,"key":"Energy Potion"},{"floor":16,"key":"LiquidMemories"},{"floor":21,"key":"SkillPotion"},{"floor":29,"key":"Explosive Potion"}],"is_trial":false,"path_per_floor":["R","M","?","?","M","$","T","M","?","R","E","M","E","M","M","B",null,"R","?","?","M","?","R","T","M","R","E","R","E","$","?","M","B"],"character_chosen":"SLIMEBOUND","items_purchased":["Slimebound:RollThrough","Bottled Lightning","Slimebound:ItLooksTasty"],"campfire_rested":0,"item_purchase_floors":[6,30,30],"current_hp_per_floor":[71,60,60,60,62,68,68,65,65,71,63,67,52,51,51,8,71,71,71,71,71,71,71,71,71,71,17,32,20,19,9,12,0,0,0],"gold":297,"neow_bonus":"TEN_PERCENT_HP_BONUS","is_daily":false,"chose_seed":false,"campfire_upgraded":6,"win_rate":0.0,"timestamp":1613106221,"path_taken":["R","M","?","?","?","$","T","M","?","R","E","M","E","M","M","BOSS","R","?","?","?","?","R","T","M","R","E","R","E","$","?","M","BOSS"],"items_purchased_type":["Card","Relic","Card"],"build_version":"2020-12-22","purchased_purges":2,"victory":false,"max_hp_per_floor":[71,71,71,71,71,71,71,71,71,71,71,71,71,71,71,71,71,71,71,71,71,71,71,71,71,71,71,71,78,78,78,78,78,78,78],"relic_stats":{"Blood Vial":10,"counters":[18,75],"Sundial":[0],"Shuriken":[2],"Gambling Chip":[15],"Eternal Feather":21,"Ginger":[15],"obtain_stats":[{"Calipers":17,"Eternal Feather":7,"Ginger":13,"Mercury Hourglass":17,"Calling Bell":17,"Blood Vial":17,"sneckomod:BabySnecko":22,"Sundial":24,"Shuriken":27,"Gambling Chip":11,"Strawberry":29,"MutagenicStrength":31,"Slimebound:AbsorbEndCombat":0,"Bottled Lightning":30},{"Calipers":10,"Eternal Feather":3,"Ginger":7,"Mercury Hourglass":10,"Calling Bell":10,"Blood Vial":10,"sneckomod:BabySnecko":11,"Sundial":11,"Shuriken":13,"Gambling Chip":5,"Strawberry":14,"MutagenicStrength":16,"Slimebound:AbsorbEndCombat":0,"Bottled Lightning":15},{"Calipers":42,"Eternal Feather":10,"Ginger":27,"Mercury Hourglass":42,"Calling Bell":42,"Blood Vial":42,"sneckomod:BabySnecko":46,"Sundial":46,"Shuriken":56,"Gambling Chip":20,"Strawberry":60,"MutagenicStrength":68,"Slimebound:AbsorbEndCombat":0,"Bottled Lightning":64}],"Mercury Hourglass":[133]},"card_choices":[{"not_picked":["Slimebound:RollThrough","Slimebound:SlimeBrawl"],"picked":"Slimebound:Schlurp","floor":2},{"not_picked":["Slimebound:SamplingLick","Slimebound:SpikyOuterGoop"],"picked":"Slimebound:ProtectTheBoss","floor":5},{"not_picked":["Slimebound:WasteNot","Slimebound:LeechingTouch"],"picked":"Slimebound:Repurpose","floor":6},{"not_picked":["Slimebound:SlimeSpikes","Slimebound:SplitMire"],"picked":"Slimebound:TongueLash","floor":8},{"not_picked":["Slimebound:GoopTackle","Slimebound:FinishingTackle"],"picked":"Slimebound:Schlurp","floor":11},{"not_picked":["Slimebound:SamplingLick","Slimebound:HauntingLick"],"picked":"Slimebound:LeechEnergy","floor":12},{"not_picked":["Slimebound:HauntingLick","Slimebound:ComboTackle"],"picked":"Slimebound:RainOfGoop","floor":13},{"not_picked":["Slimebound:FlameTackle","Slimebound:ComboTackle"],"picked":"Slimebound:LivingWall","floor":14},{"not_picked":["Slimebound:LivingWall","Slimebound:DuplicatedForm"],"picked":"Slimebound:LeechEnergy","floor":15},{"not_picked":["Slimebound:RallyTheTroops","Slimebound:DouseInSlime"],"picked":"Slimebound:Overexert","floor":16},{"not_picked":["Slimebound:LivingWall+1","Slimebound:SlimeTap"],"picked":"Slimebound:GrowthPunch","floor":21},{"not_picked":["Slimebound:SlimeSlap","Slimebound:GoopSpray"],"picked":"Slimebound:ItLooksTasty+1","floor":25},{"not_picked":["Slimebound:PressTheAttack","Slimebound:LivingWall"],"picked":"Slimebound:RollThrough+1","floor":27},{"not_picked":["Slimebound:Chomp","Slimebound:LivingWall"],"picked":"Slimebound:SamplingLick+1","floor":29},{"not_picked":["Slimebound:ComboTackle","Slimebound:SlimeBrawl"],"picked":"Slimebound:Dissolve+1","floor":30},{"not_picked":["Slimebound:SplitMire","Slimebound:LeechingTouch"],"picked":"Slimebound:AcidTongue","floor":31},{"not_picked":["Slimebound:LeadByExample","Slimebound:SlimeBrawl"],"picked":"Slimebound:SplitAcid","floor":32}],"player_experience":185951,"relics_obtained":[{"floor":7,"key":"Eternal Feather"},{"floor":11,"key":"Gambling Chip"},{"floor":13,"key":"Ginger"},{"floor":17,"key":"Blood Vial"},{"floor":17,"key":"Mercury Hourglass"},{"floor":17,"key":"Calipers"},{"floor":24,"key":"Sundial"},{"floor":27,"key":"Shuriken"},{"floor":29,"key":"Strawberry"},{"floor":31,"key":"MutagenicStrength"}],"event_choices":[{"damage_healed":0,"gold_gain":0,"player_choice":"Ignored","damage_taken":0,"max_hp_gain":0,"max_hp_loss":0,"event_name":"NoteForYourself","floor":20,"gold_loss":0}],"is_beta":false,"boss_relics":[{"not_picked":["Snecko Eye","Cursed Key"],"picked":"Calling Bell"}],"items_purged_floors":[6,30],"is_endless":false,"potions_floor_spawned":[2,11,12,15,16,21,29],"killed_by":"IC_MUSHROOM_ARCHETYPE","ascension_level":0}}