{"host":"hrvs05np4ys7itky","time":1613100125,"event":{"mods":["BaseMod","Colored Map","Colored Powertips","Downfall","Emptier Cage","Hermit","Highlight Path","Minty Spire (QoL Compilation)","Permanent Neow","Rare Cards Sparkle","Relic Stats","Replay The Spire","StSLib","everything is the same but u backflip on backflip"],"gold_per_floor":[365,365,365,47,62,87,97,110,135,168,168,184,184,198,198,272,272,285,285,300,315,295,324,336,378,390,402,424,50,70,97,97,97,97],"floor_reached":33,"language":"ENG","playtime":2045,"items_purged":["Shame","Strike_R"],"score":564,"play_id":"f5d3eeb9-48aa-49cf-917f-b4d3536881ce","local_time":"20210211222205","is_ascension_mode":true,"campfire_choices":[{"data":"Whirlwind","floor":13,"key":"SMITH"},{"data":"Shockwave","floor":15,"key":"SMITH"},{"data":"Eclipse","floor":24,"key":"SMITH"},{"floor":27,"key":"REST"},{"floor":32,"key":"REST"}],"circlet_count":0,"master_deck":["AscendersBane","Strike_R","Strike_R","Strike_R+1","Defend_R","Defend_R","Defend_R","Defend_R","Bash+1","Shockwave+1","Power Through","Clothesline","Ghostly Armor","Whirlwind+1","Shrug It Off","Pummel","Flex","Eclipse+1","CurseOfTheBell","Armaments+1","Demonic Infusion","Sentinel+1","Battle Trance","Limit Break","True Grit+1","Apotheosis+1","Second Wind+1","Warcry+1","True Grit+1"],"relics":["Burning Blood","Onion Ring","ReplayTheSpireMod:Lightbulb","Orichalcum","Lantern","Lizard Tail","Calling Bell","Akabeko","Ornamental Fan","Shovel","MawBank","StoneCalendar","Toxic Egg 2","Mango"],"acts_visited":["Exordium","TheCity"],"potions_floor_usage":[6,10,16,21,23,23,30],"damage_taken":[{"damage":11,"enemies":"Cultist","floor":1,"turns":4},{"damage":0,"enemies":"2 Louse","floor":5,"turns":2},{"damage":23,"enemies":"3 Sentries","floor":6,"turns":9},{"damage":0,"enemies":"Jaw Worm","floor":7,"turns":3},{"damage":7,"enemies":"Large Slime","floor":8,"turns":6},{"damage":0,"enemies":"Lagavulin","floor":10,"turns":7},{"damage":1,"enemies":"Lots of Slimes","floor":12,"turns":2},{"damage":1,"enemies":"Looter","floor":14,"turns":2},{"damage":45,"enemies":"Hexaghost","floor":16,"turns":15},{"damage":2,"enemies":"Chosen","floor":18,"turns":3},{"damage":0,"enemies":"3 Byrds","floor":20,"turns":1},{"damage":3,"enemies":"Snecko","floor":21,"turns":3},{"damage":16,"enemies":"Replay:Snechameleon","floor":23,"turns":7},{"damage":67,"enemies":"Gremlin Leader","floor":25,"turns":11},{"damage":2,"enemies":"Centurion and Healer","floor":28,"turns":4},{"damage":19,"enemies":"Shelled Parasite and Fungi","floor":30,"turns":7},{"damage":11,"enemies":"Replay:Snechameleon","floor":31,"turns":6},{"damage":3,"enemies":"Collector","floor":33,"turns":3}],"seed_played":"3563218357090006235","potions_obtained":[{"floor":1,"key":"AttackPotion"},{"floor":7,"key":"Toxic Potion"},{"floor":8,"key":"Dexterity Potion"},{"floor":16,"key":"Energy Potion"},{"floor":21,"key":"BlessingOfTheForge"},{"floor":22,"key":"SteroidPotion"},{"floor":25,"key":"SkillPotion"}],"is_trial":false,"path_per_floor":["M","?","?","$","M","E","M","M","T","E","T","M","R","M","R","B",null,"M","?","M","M","?","E","R","E","T","R","M","$","M","E","R","B"],"character_chosen":"IRONCLAD","items_purchased":["Onion Ring","Apotheosis+1","Second Wind+1","Warcry+1"],"campfire_rested":2,"item_purchase_floors":[4,29,29,29],"current_hp_per_floor":[67,67,51,51,57,40,46,45,45,51,51,56,56,61,61,22,66,70,70,76,79,79,69,69,8,8,32,36,36,23,32,60,57,57],"gold":97,"neow_bonus":"TWO_FIFTY_GOLD","is_daily":false,"chose_seed":false,"campfire_upgraded":3,"win_rate":0.0,"timestamp":1613100125,"path_taken":["M","?","?","$","M","E","M","M","T","E","?","M","R","M","R","BOSS","M","?","M","?","?","E","R","E","T","R","M","$","M","E","R","BOSS"],"items_purchased_type":["Relic","Card","Card","Card"],"build_version":"2020-12-22","purchased_purges":2,"victory":false,"max_hp_per_floor":[80,80,80,80,80,80,80,80,80,80,80,80,80,80,80,80,80,80,80,80,80,80,80,80,80,80,80,80,80,80,94,94,94,94],"relic_stats":{"Lizard Tail":0,"Shovel":0,"counters":[18,95],"Ornamental Fan":[48],"StoneCalendar":[0],"Orichalcum":[72],"MawBank":72,"obtain_stats":[{"Lantern":10,"StoneCalendar":25,"Mango":31,"Orichalcum":9,"MawBank":23,"Burning Blood":0,"Akabeko":17,"Calling Bell":17,"Lizard Tail":11,"Shovel":17,"Ornamental Fan":17,"Onion Ring":4,"Toxic Egg 2":26,"ReplayTheSpireMod:Lightbulb":6},{"Lantern":6,"StoneCalendar":14,"Mango":17,"Orichalcum":5,"MawBank":13,"Burning Blood":0,"Akabeko":9,"Calling Bell":9,"Lizard Tail":6,"Shovel":9,"Ornamental Fan":9,"Onion Ring":1,"Toxic Egg 2":14,"ReplayTheSpireMod:Lightbulb":3},{"Lantern":31,"StoneCalendar":75,"Mango":92,"Orichalcum":24,"MawBank":64,"Burning Blood":0,"Akabeko":50,"Calling Bell":50,"Lizard Tail":31,"Shovel":50,"Ornamental Fan":50,"Onion Ring":4,"Toxic Egg 2":75,"ReplayTheSpireMod:Lightbulb":15}],"Burning Blood":102},"card_choices":[{"not_picked":["ReplayTheSpireMod:Muscle Training","Perfected Strike"],"picked":"Shockwave","floor":1},{"not_picked":["Reckless Charge","Sword Boomerang"],"picked":"Clothesline","floor":5},{"not_picked":["Infernal Blade","Flex"],"picked":"Ghostly Armor","floor":6},{"not_picked":["Perfected Strike","Wild Strike"],"picked":"Whirlwind","floor":7},{"not_picked":["Havoc","Dual Wield"],"picked":"Shrug It Off","floor":8},{"not_picked":["ReplayTheSpireMod:Limb From Limb","Abandon"],"picked":"Pummel","floor":10},{"not_picked":["ReplayTheSpireMod:Corrosion Curse","Warcry"],"picked":"Flex","floor":12},{"not_picked":["Hemokinesis","Pommel Strike","ReplayTheSpireMod:Corrosion Curse"],"picked":"SKIP","floor":14},{"not_picked":["Impervious","Fiend Fire"],"picked":"Eclipse","floor":16},{"not_picked":["Replay:Undeath\u0027s Touch","Dropkick"],"picked":"Armaments+1","floor":18},{"not_picked":["Clash+1","Heavy Blade"],"picked":"Sentinel+1","floor":20},{"not_picked":["Power Through","Eclipse"],"picked":"Battle Trance","floor":21},{"not_picked":["ReplayTheSpireMod:Limb From Limb","Armaments+1","Replay:Undeath\u0027s Touch"],"picked":"SKIP","floor":23},{"not_picked":["Dropkick","Run Through"],"picked":"Limit Break","floor":25},{"not_picked":["Pommel Strike","Feel No Pain"],"picked":"True Grit+1","floor":28},{"not_picked":["Replay:Undeath\u0027s Touch","Ghostly Armor+1","Anger"],"picked":"SKIP","floor":30},{"not_picked":["ReplayTheSpireMod:Corrosion Curse+1","Pommel Strike+1"],"picked":"True Grit+1","floor":31}],"player_experience":1059352,"relics_obtained":[{"floor":6,"key":"ReplayTheSpireMod:Lightbulb"},{"floor":9,"key":"Orichalcum"},{"floor":10,"key":"Lantern"},{"floor":11,"key":"Lizard Tail"},{"floor":17,"key":"Akabeko"},{"floor":17,"key":"Ornamental Fan"},{"floor":17,"key":"Shovel"},{"floor":23,"key":"MawBank"},{"floor":25,"key":"StoneCalendar"},{"floor":26,"key":"Toxic Egg 2"},{"floor":31,"key":"Mango"}],"event_choices":[{"damage_healed":0,"gold_gain":0,"cards_transformed":["Strike_R"],"player_choice":"Change","damage_taken":0,"max_hp_gain":0,"max_hp_loss":0,"event_name":"Living Wall","floor":2,"gold_loss":0,"cards_obtained":["Power Through"]},{"damage_healed":0,"gold_gain":0,"player_choice":"Entered Light","damage_taken":16,"max_hp_gain":0,"max_hp_loss":0,"event_name":"Shining Light","floor":3,"gold_loss":0,"cards_upgraded":["Strike_R","Bash"]},{"damage_healed":0,"gold_gain":0,"player_choice":"1 cards matched","damage_taken":0,"max_hp_gain":0,"max_hp_loss":0,"event_name":"Match and Keep!","floor":19,"gold_loss":0,"cards_obtained":["Demonic Infusion"]},{"damage_healed":0,"gold_gain":0,"player_choice":"Bought 1 Potion","damage_taken":0,"max_hp_gain":0,"max_hp_loss":0,"event_name":"The Woman in Blue","floor":22,"gold_loss":0}],"is_beta":false,"boss_relics":[{"not_picked":["bronze:MakeshiftBattery","Philosopher\u0027s Stone"],"picked":"Calling Bell"}],"items_purged_floors":[4,29],"is_endless":false,"potions_floor_spawned":[1,7,8,16,21,25],"killed_by":"Collector","ascension_level":13}}