{"host":"uzcks4yhskks9i02","time":1613097500,"event":{"mods":["BaseMod","Minty Spire (QoL Compilation)","Quick Restart"],"gold_per_floor":[118,118,132,146,221,251,251,280,280,280,84,109,79,52,52,126,126,139,139,139,139,139,139],"floor_reached":22,"language":"ENG","playtime":1946,"items_purged":[],"score":340,"play_id":"24725d32-9351-4cd9-92d0-1d945b6adf15","local_time":"20210211193820","is_ascension_mode":true,"campfire_choices":[{"floor":7.0,"key":"REST"},{"floor":10.0,"key":"REST"},{"floor":15,"key":"REST"}],"circlet_count":0,"master_deck":["AscendersBane","Strike_P+1","Defend_P","Defend_P","Defend_P","Defend_P","Eruption+1","Vigilance","WindmillStrike","LikeWater","Pray","Wish","Magnetism","PathToVictory+1","Collect+1","ConjureBlade+1","Evaluate+1","Alpha+1","ConjureBlade+1"],"relics":["PureWater","Peace Pipe","Yang","Blue Candle","Pantograph","Toxic Egg 2","Astrolabe","HornCleat"],"acts_visited":["Exordium","TheCity"],"potions_floor_usage":[],"damage_taken":[{"damage":0.0,"enemies":"2 Louse","floor":1.0,"turns":1.0},{"damage":0.0,"enemies":"Small Slimes","floor":3.0,"turns":2.0},{"damage":1.0,"enemies":"Jaw Worm","floor":4.0,"turns":4.0},{"damage":19.0,"enemies":"Gremlin Nob","floor":6.0,"turns":4.0},{"damage":11.0,"enemies":"Lagavulin","floor":8.0,"turns":6.0},{"damage":9.0,"enemies":"3 Sentries","floor":12.0,"turns":6.0},{"damage":1.0,"enemies":"Looter","floor":13.0,"turns":4.0},{"damage":8,"enemies":"Exordium Thugs","floor":14,"turns":5},{"damage":48,"enemies":"The Guardian","floor":16,"turns":12},{"damage":27,"enemies":"Shell Parasite","floor":18,"turns":5},{"damage":17,"enemies":"3 Byrds","floor":22,"turns":4}],"seed_played":"6648489707638018700","potions_obtained":[{"floor":4.0,"key":"Strength Potion"},{"floor":8.0,"key":"PowerPotion"},{"floor":12.0,"key":"Weak Potion"},{"floor":16,"key":"AttackPotion"}],"is_trial":false,"path_per_floor":["M","?","M","M","?","E","R","E","T","R","$","E","M","M","R","B",null,"M","?","?","$","M"],"character_chosen":"WATCHER","items_purchased":["Magnetism"],"campfire_rested":3,"item_purchase_floors":[11],"current_hp_per_floor":[61,49,49,48,37,18,36,25,25,43,43,34,33,25,43,14,50,23,12,12,12,0,0],"gold":139,"neow_bonus":"ONE_RARE_RELIC","is_daily":false,"chose_seed":false,"campfire_upgraded":0,"win_rate":0.0,"timestamp":1613097500,"path_taken":["M","?","M","M","?","E","R","E","T","R","?","E","M","M","R","BOSS","M","?","?","$","?"],"items_purchased_type":["Card"],"build_version":"2020-12-22","purchased_purges":0,"victory":false,"max_hp_per_floor":[62,62,62,62,62,62,62,62,62,62,62,62,62,62,62,62,62,62,67,67,67,67,67],"card_choices":[{"not_picked":["PathToVictory","WreathOfFlame"],"picked":"WindmillStrike","floor":1.0},{"not_picked":["Consecrate","Sanctity"],"picked":"LikeWater","floor":3.0},{"not_picked":["FollowUp","CrushJoints","FlyingSleeves"],"picked":"SKIP","floor":4.0},{"not_picked":["Nirvana","Evaluate"],"picked":"Pray","floor":6.0},{"not_picked":["DeceiveReality","Halt"],"picked":"Wish","floor":8.0},{"not_picked":["BowlingBash","SashWhip","CrushJoints"],"picked":"SKIP","floor":12.0},{"not_picked":["FlyingSleeves","Crescendo+1"],"picked":"PathToVictory+1","floor":13.0},{"not_picked":["ClearTheMind+1","FollowUp"],"picked":"Collect+1","floor":14},{"not_picked":["SpiritShield+1","Scrawl+1"],"picked":"ConjureBlade+1","floor":16},{"not_picked":["CrushJoints","CarveReality","Consecrate"],"picked":"SKIP","floor":18}],"player_experience":572129,"relics_obtained":[{"floor":6.0,"key":"Yang"},{"floor":8.0,"key":"Blue Candle"},{"floor":9.0,"key":"Pantograph"},{"floor":12.0,"key":"Toxic Egg 2"}],"event_choices":[{"damage_healed":0.0,"max_hp_gain":0.0,"max_hp_loss":0.0,"gold_gain":0.0,"event_name":"Shining Light","player_choice":"Entered Light","floor":2.0,"gold_loss":0.0,"damage_taken":12.0,"cards_upgraded":["Eruption","Strike_P"]},{"damage_healed":0.0,"max_hp_gain":0.0,"max_hp_loss":0.0,"gold_gain":75.0,"event_name":"World of Goop","player_choice":"Gather Gold","floor":5.0,"gold_loss":0.0,"damage_taken":11.0},{"damage_healed":0,"gold_gain":0,"player_choice":"Shed Blood","damage_taken":16,"max_hp_gain":5,"max_hp_loss":0,"event_name":"Forgotten Altar","floor":19,"gold_loss":0},{"damage_healed":0,"gold_gain":0,"player_choice":"Gave Potion","damage_taken":0,"relics_obtained":["HornCleat"],"max_hp_gain":0,"max_hp_loss":0,"event_name":"WeMeetAgain","floor":20,"gold_loss":0}],"is_beta":false,"boss_relics":[{"not_picked":["Philosopher\u0027s Stone","Cursed Key"],"picked":"Astrolabe"}],"items_purged_floors":[],"is_endless":false,"potions_floor_spawned":[4,8,12,16,18],"killed_by":"3 Byrds","ascension_level":14}}