{"host":"gfxjwtol062e9znw","time":1613172084,"event":{"mods":["BaseMod","Colored Map","Minty Spire (QoL Compilation)","Rare Cards Sparkle"],"gold_per_floor":[115,132,145,115,125,125,156,156,181,206,206,218,235,251,251,353,353,364,377,377,377,377],"floor_reached":21,"language":"ENG","playtime":1213,"items_purged":[],"score":280,"play_id":"645a3d4d-9f31-4b59-abf7-658bad104697","local_time":"20210213102124","is_ascension_mode":true,"campfire_choices":[{"floor":6,"key":"REST"},{"floor":8,"key":"REST"},{"floor":11,"key":"REST"},{"floor":15,"key":"REST"}],"circlet_count":0,"master_deck":["Strike_G","Strike_G","Strike_G","Strike_G","Strike_G","Defend_G","Defend_G","Defend_G","Defend_G","Survivor","Neutralize","Doppelganger","Noxious Fumes","PiercingWail","Dodge and Roll","Backstab","Bane","Poisoned Stab","Backflip","Footwork","Bouncing Flask","Catalyst","Bullet Time","Deflect","Deadly Poison"],"relics":["Ring of the Snake","Tiny Chest","Ancient Tea Set","Art of War","WristBlade"],"acts_visited":["Exordium","TheCity"],"potions_floor_usage":[5,7,16,16,18],"damage_taken":[{"damage":0,"enemies":"Cultist","floor":1,"turns":5},{"damage":12,"enemies":"2 Louse","floor":2,"turns":4},{"damage":1,"enemies":"Small Slimes","floor":3,"turns":4},{"damage":1,"enemies":"Looter","floor":4,"turns":4},{"damage":5,"enemies":"Large Slime","floor":5,"turns":9},{"damage":31,"enemies":"Gremlin Nob","floor":7,"turns":5},{"damage":40,"enemies":"3 Sentries","floor":10,"turns":7},{"damage":0,"enemies":"Red Slaver","floor":12,"turns":3},{"damage":3,"enemies":"Blue Slaver","floor":13,"turns":4},{"damage":9,"enemies":"Looter","floor":14,"turns":4},{"damage":29,"enemies":"Slime Boss","floor":16,"turns":10},{"damage":11,"enemies":"3 Byrds","floor":18,"turns":5},{"damage":0,"enemies":"Spheric Guardian","floor":19,"turns":4},{"damage":46,"enemies":"Masked Bandits","floor":21,"turns":4}],"seed_played":"-8815073271408998560","potions_obtained":[{"floor":1,"key":"Block Potion"},{"floor":5,"key":"FearPotion"},{"floor":10,"key":"PowerPotion"},{"floor":13,"key":"BlessingOfTheForge"},{"floor":16,"key":"Block Potion"}],"is_trial":false,"path_per_floor":["M","M","M","M","M","R","E","R","T","E","R","M","M","M","R","B",null,"M","M","?","?"],"character_chosen":"THE_SILENT","items_purchased":[],"campfire_rested":4,"item_purchase_floors":[],"current_hp_per_floor":[63,51,50,49,44,65,34,55,55,15,36,36,33,24,45,16,57,46,46,46,0,0],"gold":377,"neow_bonus":"ONE_RANDOM_RARE_CARD","is_daily":false,"chose_seed":false,"campfire_upgraded":0,"win_rate":0.0,"timestamp":1613172084,"path_taken":["M","M","?","M","M","R","E","R","T","E","R","M","M","M","R","BOSS","M","M","?","?"],"items_purchased_type":[],"build_version":"2020-12-22","purchased_purges":0,"victory":false,"max_hp_per_floor":[70,70,70,70,70,70,70,70,70,70,70,70,70,70,70,70,70,70,70,70,70,70],"card_choices":[{"not_picked":["Bane","Slice"],"picked":"Noxious Fumes","floor":1},{"not_picked":["A Thousand Cuts","Quick Slash"],"picked":"PiercingWail","floor":2},{"not_picked":["Prepared","Outmaneuver"],"picked":"Dodge and Roll","floor":3},{"not_picked":["Blade Dance","All Out Attack"],"picked":"Backstab","floor":4},{"not_picked":["Deflect","Accuracy"],"picked":"Bane","floor":5},{"not_picked":["Tactician","Backflip"],"picked":"Poisoned Stab","floor":7},{"not_picked":["Deadly Poison","Night Terror"],"picked":"Backflip","floor":10},{"not_picked":["Prepared","Flying Knee"],"picked":"Footwork","floor":12},{"not_picked":["Poisoned Stab","Dodge and Roll"],"picked":"Bouncing Flask","floor":13},{"not_picked":["Predator","Crippling Poison"],"picked":"Catalyst","floor":14},{"not_picked":["Unload","Malaise"],"picked":"Bullet Time","floor":16},{"not_picked":["Backflip","Masterful Stab"],"picked":"Deflect","floor":18},{"not_picked":["Dagger Spray","Bouncing Flask"],"picked":"Deadly Poison","floor":19}],"player_experience":152642,"relics_obtained":[{"floor":7,"key":"Tiny Chest"},{"floor":9,"key":"Ancient Tea Set"},{"floor":10,"key":"Art of War"}],"event_choices":[{"cards_removed":["Defend_G"],"damage_healed":0,"gold_gain":0,"player_choice":"Elegance","damage_taken":0,"max_hp_gain":0,"max_hp_loss":0,"event_name":"Back to Basics","floor":20,"gold_loss":0},{"damage_healed":0,"gold_gain":0,"player_choice":"Fought Bandits","damage_taken":0,"max_hp_gain":0,"max_hp_loss":0,"event_name":"Masked Bandits","floor":21,"gold_loss":0}],"is_beta":false,"boss_relics":[{"not_picked":["Ectoplasm","Runic Pyramid"],"picked":"WristBlade"}],"items_purged_floors":[],"is_endless":false,"potions_floor_spawned":[1,5,10,13,16],"killed_by":"Masked Bandits","ascension_level":9}}