{"host":"5hsgormuu0lj4iiq","time":1613088939,"event":{"mods":["AchievementEnabler","BaseMod","Colored Map","Colored Powertips","Minty Spire (QoL Compilation)","Quick Restart","Relic Stats","SuperFastMode","everything is the same but u backflip on backflip","slay the spire mod where everything is the same but ironclad has a cowboy hat"],"gold_per_floor":[118,118,118,118,132,162,162,162,162,191,39,39,39,73,73,174,174,190,190,111,124,74,107,127,127,127,127,152,152,0,14,14,14,14],"floor_reached":33,"language":"ENG","playtime":850,"items_purged":[],"score":515,"play_id":"630c9177-2990-4d51-8fcd-4ad2578866cf","local_time":"20210211191539","is_ascension_mode":true,"campfire_choices":[{"data":"Ball Lightning","floor":7,"key":"SMITH"},{"floor":15,"key":"REST"},{"floor":25,"key":"REST"},{"data":"Electrodynamics","floor":29,"key":"SMITH"},{"data":"Defragment","floor":32,"key":"SMITH"}],"circlet_count":0,"master_deck":["AscendersBane","Strike_B","Strike_B","Strike_B","Strike_B","Defend_B","Defend_B","Defend_B","Defend_B","Zap+1","Dualcast+1","Ball Lightning+1","Ball Lightning","Zap+1","Zap","Compile Driver","Glacier","Doom and Gloom","Electrodynamics+1","Defragment+1","Conserve Battery","Cold Snap"],"relics":["Cracked Core","NeowsBlessing","Art of War","Bag of Preparation","Gambling Chip","DollysMirror","Cables","Runic Pyramid","MealTicket","Ornamental Fan","Centennial Puzzle","Sling"],"acts_visited":["Exordium","TheCity"],"potions_floor_usage":[],"damage_taken":[{"damage":0,"enemies":"Jaw Worm","floor":1,"turns":1},{"damage":0,"enemies":"2 Louse","floor":5,"turns":1},{"damage":0,"enemies":"Lagavulin","floor":6,"turns":1},{"damage":18,"enemies":"Gremlin Nob","floor":10,"turns":3},{"damage":4,"enemies":"Lagavulin","floor":14,"turns":5},{"damage":15,"enemies":"Slime Boss","floor":16,"turns":8},{"damage":0,"enemies":"Spheric Guardian","floor":18,"turns":2},{"damage":15,"enemies":"Shell Parasite","floor":21,"turns":5},{"damage":24,"enemies":"Slavers","floor":23,"turns":3},{"damage":24,"enemies":"Snake Plant","floor":24,"turns":3},{"damage":29,"enemies":"Gremlin Leader","floor":28,"turns":5},{"damage":2,"enemies":"Centurion and Healer","floor":31,"turns":3},{"damage":78,"enemies":"Champ","floor":33,"turns":7}],"seed_played":"-5771648043449427808","potions_obtained":[{"floor":1,"key":"Block Potion"},{"floor":16,"key":"Swift Potion"},{"floor":18,"key":"FairyPotion"},{"floor":21,"key":"FocusPotion"}],"is_trial":false,"path_per_floor":["M","?","?","$","M","E","R","?","T","E","$","$","?","E","R","B",null,"M","?","$","M","$","E","M","R","T","?","E","R","$","M","R","B"],"character_chosen":"DEFECT","items_purchased":["DollysMirror","Defragment","Conserve Battery","Sling"],"campfire_rested":2,"item_purchase_floors":[11,20,22,30],"current_hp_per_floor":[68,68,68,68,68,68,68,73,73,55,55,55,55,51,75,60,75,75,75,75,60,60,36,12,36,36,62,33,33,48,46,46,0,0],"gold":14,"neow_bonus":"THREE_ENEMY_KILL","is_daily":false,"chose_seed":false,"campfire_upgraded":3,"win_rate":0.0,"timestamp":1613088939,"path_taken":["M","?","?","$","?","E","R","?","T","E","?","$","?","E","R","BOSS","M","?","$","M","$","E","?","R","T","?","E","R","$","M","R","BOSS"],"items_purchased_type":["Relic","Card","Card","Relic"],"build_version":"2020-12-22","purchased_purges":0,"victory":false,"max_hp_per_floor":[75,75,75,75,75,75,75,80,80,80,80,80,80,80,80,80,80,80,80,80,80,80,80,80,80,80,80,80,80,80,80,80,80,80],"relic_stats":{"Centennial Puzzle":[6],"counters":[13,47],"Ornamental Fan":[8],"Gambling Chip":[28],"MealTicket":15,"Art of War":[8],"Bag of Preparation":[20],"obtain_stats":[{"Centennial Puzzle":28,"NeowsBlessing":0,"DollysMirror":11,"Ornamental Fan":26,"Gambling Chip":10,"MealTicket":23,"Art of War":6,"Bag of Preparation":9,"Cracked Core":0,"Sling":30,"Cables":14,"Runic Pyramid":17},{"Centennial Puzzle":11,"NeowsBlessing":0,"DollysMirror":4,"Ornamental Fan":10,"Gambling Chip":4,"MealTicket":9,"Art of War":3,"Bag of Preparation":3,"Cracked Core":0,"Sling":11,"Cables":5,"Runic Pyramid":6},{"Centennial Puzzle":37,"NeowsBlessing":0,"DollysMirror":6,"Ornamental Fan":32,"Gambling Chip":6,"MealTicket":29,"Art of War":3,"Bag of Preparation":3,"Cracked Core":0,"Sling":37,"Cables":11,"Runic Pyramid":19}],"Cables":[29,21,7,1,0]},"card_choices":[{"not_picked":["Scrape","Compile Driver","Streamline"],"picked":"SKIP","floor":1},{"not_picked":["Barrage","Go for the Eyes"],"picked":"Ball Lightning","floor":5},{"not_picked":["Chaos","Rebound"],"picked":"Ball Lightning","floor":6},{"not_picked":["Reinforced Body","Steam Power","Rebound"],"picked":"SKIP","floor":10},{"not_picked":["Rebound","Storm"],"picked":"Doom and Gloom","floor":14},{"not_picked":["Fission","Rainbow"],"picked":"Electrodynamics","floor":16},{"not_picked":["Redo","Beam Cell","Skim+1"],"picked":"SKIP","floor":18},{"not_picked":["Compile Driver+1","Streamline","Rebound"],"picked":"SKIP","floor":21},{"not_picked":["Sweeping Beam","Go for the Eyes","Reboot"],"picked":"SKIP","floor":23},{"not_picked":["Hologram","Reinforced Body","Redo"],"picked":"SKIP","floor":24},{"not_picked":["Beam Cell+1","Streamline"],"picked":"Cold Snap","floor":28},{"not_picked":["Streamline","Compile Driver+1","Amplify"],"picked":"SKIP","floor":31}],"player_experience":728316,"relics_obtained":[{"floor":6,"key":"Art of War"},{"floor":9,"key":"Bag of Preparation"},{"floor":10,"key":"Gambling Chip"},{"floor":14,"key":"Cables"},{"floor":23,"key":"MealTicket"},{"floor":26,"key":"Ornamental Fan"},{"floor":28,"key":"Centennial Puzzle"}],"event_choices":[{"damage_healed":0,"gold_gain":0,"player_choice":"Grow","damage_taken":0,"max_hp_gain":0,"max_hp_loss":0,"event_name":"Living Wall","floor":2,"gold_loss":0,"cards_upgraded":["Zap"]},{"damage_healed":0,"gold_gain":0,"player_choice":"Upgraded","damage_taken":0,"max_hp_gain":0,"max_hp_loss":0,"event_name":"Upgrade Shrine","floor":3,"gold_loss":0,"cards_upgraded":["Dualcast"]},{"damage_healed":0,"gold_gain":0,"player_choice":"Donut","damage_taken":0,"max_hp_gain":5,"max_hp_loss":0,"event_name":"Big Fish","floor":8,"gold_loss":0},{"damage_healed":0,"gold_gain":0,"player_choice":"3 cards matched","damage_taken":0,"max_hp_gain":0,"max_hp_loss":0,"event_name":"Match and Keep!","floor":13,"gold_loss":0,"cards_obtained":["Zap","Compile Driver","Glacier"]},{"damage_healed":0,"gold_gain":0,"player_choice":"Got Potions","damage_taken":0,"max_hp_gain":0,"max_hp_loss":0,"event_name":"Lab","floor":19,"gold_loss":0},{"damage_healed":26,"gold_gain":0,"player_choice":"Heal","damage_taken":0,"max_hp_gain":0,"max_hp_loss":0,"event_name":"The Library","floor":27,"gold_loss":0}],"is_beta":false,"boss_relics":[{"not_picked":["Sozu","Busted Crown"],"picked":"Runic Pyramid"}],"items_purged_floors":[],"is_endless":false,"potions_floor_spawned":[1,16,18,21,24],"killed_by":"Champ","ascension_level":12}}