{"host":"tner83jrcdd0m6a5","time":1613115531,"event":{"mods":["AchievementEnabler","BaseMod","Bestiary","Colored Map","Colored Powertips","DeckTracker","Highlight Path","Keyboard Shortcuts","Minty Spire (QoL Compilation)","Quick Restart","Rare Cards Sparkle","Relic Stats","Slay-I","SuperFastMode"],"gold_per_floor":[112,287,311,325,325,325,356,130,155,195,205,205,205],"floor_reached":12,"language":"ENG","playtime":215,"items_purged":["Doubt"],"score":133,"play_id":"94779abb-38bd-4e26-88fd-a3e46d797f37","local_time":"20210212073851","is_ascension_mode":true,"campfire_choices":[{"data":"Survivor","floor":6,"key":"SMITH"}],"circlet_count":0,"master_deck":["Strike_G","Strike_G","Strike_G","Strike_G","Strike_G","Defend_G","Defend_G","Defend_G","Defend_G","Defend_G","Survivor+1","Neutralize","Noxious Fumes"],"relics":["Ring of the Snake","NeowsBlessing","Juzu Bracelet","Question Card","Regal Pillow","CeramicFish","Anchor"],"acts_visited":["Exordium"],"potions_floor_usage":[10],"damage_taken":[{"damage":0,"enemies":"Small Slimes","floor":1,"turns":1},{"damage":0,"enemies":"Jaw Worm","floor":4,"turns":1},{"damage":0,"enemies":"Gremlin Nob","floor":7,"turns":1},{"damage":60,"enemies":"Lagavulin","floor":10,"turns":11},{"damage":1,"enemies":"Cultist","floor":11,"turns":5},{"damage":14,"enemies":"Gremlin Nob","floor":12,"turns":3}],"seed_played":"187961165733621996","potions_obtained":[{"floor":4,"key":"SpeedPotion"},{"floor":7,"key":"DistilledChaos"}],"is_trial":false,"path_per_floor":["M","?","T","M","?","R","E","$","T","E","M","E"],"character_chosen":"THE_SILENT","items_purchased":["Regal Pillow"],"campfire_rested":0,"item_purchase_floors":[8],"current_hp_per_floor":[70,70,70,70,70,70,70,70,70,10,9,0,0],"gold":205,"neow_bonus":"THREE_ENEMY_KILL","is_daily":false,"chose_seed":false,"campfire_upgraded":1,"win_rate":0.0,"timestamp":1613115531,"path_taken":["M","?","?","M","?","R","E","$","T","E","M","E"],"items_purchased_type":["Relic"],"build_version":"2020-12-22","purchased_purges":1,"victory":false,"max_hp_per_floor":[70,70,70,70,70,70,70,70,70,70,70,70,70],"relic_stats":{"Regal Pillow":0,"counters":[6,22],"CeramicFish":9,"Juzu Bracelet":1,"Question Card":2,"obtain_stats":[{"Regal Pillow":8,"Anchor":10,"NeowsBlessing":0,"CeramicFish":9,"Juzu Bracelet":3,"Question Card":7,"Ring of the Snake":0},{"Regal Pillow":3,"Anchor":4,"NeowsBlessing":0,"CeramicFish":3,"Juzu Bracelet":1,"Question Card":3,"Ring of the Snake":0},{"Regal Pillow":3,"Anchor":14,"NeowsBlessing":0,"CeramicFish":3,"Juzu Bracelet":1,"Question Card":3,"Ring of the Snake":0}],"Ring of the Snake":[12]},"card_choices":[{"not_picked":["Bane","Heel Hook","Concentrate"],"picked":"SKIP","floor":1},{"not_picked":["Dodge and Roll","Accuracy","Dagger Throw"],"picked":"SKIP","floor":4},{"not_picked":["Bane","Sucker Punch","Dagger Spray"],"picked":"SKIP","floor":7},{"not_picked":["Footwork","Distraction","Prepared"],"picked":"Noxious Fumes","floor":10},{"not_picked":["Slice","Flying Knee","Skewer","Poisoned Stab"],"picked":"SKIP","floor":11}],"player_experience":377105,"relics_obtained":[{"floor":3,"key":"Juzu Bracelet"},{"floor":7,"key":"Question Card"},{"floor":9,"key":"CeramicFish"},{"floor":10,"key":"Anchor"}],"event_choices":[{"damage_healed":0,"gold_gain":175,"player_choice":"AGREE","damage_taken":0,"max_hp_gain":0,"max_hp_loss":0,"event_name":"Liars Game","floor":2,"gold_loss":0,"cards_obtained":["Doubt"]},{"damage_healed":0,"gold_gain":0,"player_choice":"Bought 0 Potions","damage_taken":0,"max_hp_gain":0,"max_hp_loss":0,"event_name":"The Woman in Blue","floor":5,"gold_loss":0}],"is_beta":false,"boss_relics":[],"items_purged_floors":[8],"is_endless":false,"potions_floor_spawned":[4,7],"killed_by":"Gremlin Nob","ascension_level":4}}