{"host":"wq5h7jomr5a1xww7","time":1613169505,"event":{"mods":["BaseMod","Beaked The Cultist","Highlight Path","Minty Spire (QoL Compilation)","Relic Stats","StSLib"],"gold_per_floor":[115,115,134,134,209,242,242,280,304,317,317,335,349,390,390,520,520,460,460,17,17,17,17,17,17,17,17,17,17,17,17,17,17,17,17,17,17,17,17,17,17,17,17,17,17,17,17],"floor_reached":46,"language":"ENG","playtime":5184,"items_purged":[],"score":648,"play_id":"955df22e-f09d-41b3-a757-9e1706870308","local_time":"20210212163825","is_ascension_mode":true,"campfire_choices":[{"data":"beaked:CursingBlood","floor":7,"key":"SMITH"},{"data":"beaked:WarriorSpirit","floor":11,"key":"SMITH"},{"data":"beaked:MimicWarrior","floor":15,"key":"SMITH"},{"floor":30,"key":"REST"},{"data":"beaked:Foresight","floor":32,"key":"SMITH"},{"data":"Buffer","floor":40,"key":"SMITH"}],"circlet_count":0,"master_deck":["beaked:Strike_Y+1","beaked:Strike_Y","beaked:Strike_Y","beaked:Strike_Y+1","beaked:Defend_Y","beaked:Defend_Y","beaked:Defend_Y","beaked:Defend_Y","beaked:Ceremony","beaked:Ceremony","beaked:Ceremony","beaked:Evade","beaked:CursingBlood+1","beaked:Foresight+1","beaked:Insight","beaked:WarriorSpirit+1","beaked:MimicWarrior+1","beaked:HuntressSpirit","beaked:DesperateSwing","beaked:FakeOut","beaked:Struggle","beaked:CursingBlood","Pummel","Leap","Headbutt+1","Buffer+1","Undo","ThirdEye+1","Hologram","PiercingWail+1","Good Instincts+1","Shrug It Off","Core Surge"],"relics":["beaked:MendingPlumage","Golden Idol","Orichalcum","Boot","Lantern","Whetstone","Ectoplasm","Torii","PrismaticShard","TungstenRod","FossilizedHelix","Tiny House","Old Coin","Pocketwatch","Bottled Tornado","Gremlin Horn"],"acts_visited":["Exordium","TheCity","TheBeyond"],"potions_floor_usage":[8,12,22,22,23],"damage_taken":[{"damage":2,"enemies":"Small Slimes","floor":1,"turns":7},{"damage":7,"enemies":"Jaw Worm","floor":3,"turns":6},{"damage":18,"enemies":"Lagavulin","floor":6,"turns":10},{"damage":21,"enemies":"Gremlin Nob","floor":8,"turns":7},{"damage":4,"enemies":"Cultist","floor":10,"turns":4},{"damage":20,"enemies":"Exordium Wildlife","floor":12,"turns":6},{"damage":12,"enemies":"Looter","floor":13,"turns":5},{"damage":36,"enemies":"3 Sentries","floor":14,"turns":13},{"damage":21,"enemies":"The Guardian","floor":16,"turns":12},{"damage":23,"enemies":"2 Thieves","floor":18,"turns":4},{"damage":20,"enemies":"Spheric Guardian","floor":19,"turns":5},{"damage":41,"enemies":"3 Cultists","floor":21,"turns":6},{"damage":5,"enemies":"Snake Plant","floor":22,"turns":6},{"damage":2,"enemies":"Gremlin Leader","floor":23,"turns":10},{"damage":21,"enemies":"Snecko","floor":24,"turns":7},{"damage":24,"enemies":"Book of Stabbing","floor":31,"turns":6},{"damage":0,"enemies":"Champ","floor":33,"turns":28},{"damage":0,"enemies":"3 Shapes","floor":35,"turns":11},{"damage":18,"enemies":"3 Darklings","floor":36,"turns":5},{"damage":15,"enemies":"Spire Growth","floor":37,"turns":6},{"damage":16,"enemies":"Jaw Worm Horde","floor":38,"turns":6},{"damage":10,"enemies":"Maw","floor":39,"turns":9},{"damage":49,"enemies":"Giant Head","floor":41,"turns":9},{"damage":0,"enemies":"Mind Bloom Boss Battle","floor":42,"turns":9},{"damage":0,"enemies":"Writhing Mass","floor":44,"turns":7},{"damage":72,"enemies":"Reptomancer","floor":45,"turns":23},{"damage":69,"enemies":"2 Orb Walkers","floor":46,"turns":5}],"seed_played":"7610364549767026076","potions_obtained":[{"floor":3,"key":"Weak Potion"},{"floor":6,"key":"ColorlessPotion"},{"floor":16,"key":"Weak Potion"},{"floor":19,"key":"Explosive Potion"},{"floor":21,"key":"Energy Potion"},{"floor":23,"key":"GamblersBrew"},{"floor":24,"key":"SpeedPotion"},{"floor":34,"key":"CultistPotion"},{"floor":41,"key":"Ancient Potion"},{"floor":45,"key":"SpeedPotion"}],"is_trial":false,"path_per_floor":["M","?","M","?","?","E","R","E","T","M","R","M","M","E","R","B",null,"M","M","$","M","M","E","M","$","T","?","R","?","R","E","R","B",null,"M","M","M","M","M","R","E","?","T","M","E","?"],"character_chosen":"BEAKED_THE_CULTIST","items_purchased":["Torii","PrismaticShard"],"campfire_rested":1,"item_purchase_floors":[20,20],"current_hp_per_floor":[50,38,49,49,38,48,48,38,38,45,45,43,50,44,44,50,50,36,39,39,25,46,50,37,37,37,37,37,32,47,48,48,54,59,59,57,48,59,59,59,27,59,59,59,59,0,0],"gold":17,"neow_bonus":"REMOVE_TWO","is_daily":false,"chose_seed":false,"campfire_upgraded":5,"win_rate":0.0,"timestamp":1613169505,"path_taken":["M","?","M","?","?","E","R","E","T","M","R","M","M","E","R","BOSS","M","M","$","M","M","E","M","$","T","?","R","?","R","E","R","BOSS","M","M","M","M","M","R","E","?","T","M","E","?"],"items_purchased_type":["Relic","Relic"],"build_version":"2020-12-22","purchased_purges":0,"victory":false,"max_hp_per_floor":[50,50,50,50,50,50,50,50,50,50,50,50,50,50,50,50,50,50,50,50,50,50,50,50,50,50,50,50,50,50,50,50,54,59,59,59,59,59,59,59,59,59,59,59,59,59,59],"relic_stats":{"Torii":26,"Gremlin Horn":[0,0],"counters":[27,232],"Golden Idol":202,"Ectoplasm":1002,"Whetstone":["beaked:Strike_Y","beaked:Strike_Y"],"Orichalcum":[282],"Boot":[33],"obtain_stats":[{"Lantern":9,"Tiny House":34,"Torii":20,"Gremlin Horn":45,"Golden Idol":2,"Whetstone":14,"Orichalcum":6,"Bottled Tornado":43,"Boot":8,"PrismaticShard":20,"Old Coin":41,"Ectoplasm":17,"beaked:MendingPlumage":0,"TungstenRod":23,"FossilizedHelix":31,"Pocketwatch":42},{"Lantern":4,"Tiny House":17,"Torii":11,"Gremlin Horn":26,"Golden Idol":1,"Whetstone":8,"Orichalcum":3,"Bottled Tornado":24,"Boot":4,"PrismaticShard":11,"Old Coin":23,"Ectoplasm":9,"beaked:MendingPlumage":0,"TungstenRod":14,"FossilizedHelix":16,"Pocketwatch":24},{"Lantern":30,"Tiny House":142,"Torii":79,"Gremlin Horn":227,"Golden Idol":7,"Whetstone":58,"Orichalcum":23,"Bottled Tornado":197,"Boot":30,"PrismaticShard":79,"Old Coin":188,"Ectoplasm":70,"beaked:MendingPlumage":0,"TungstenRod":101,"FossilizedHelix":114,"Pocketwatch":197}],"TungstenRod":30,"Pocketwatch":[34]},"card_choices":[{"not_picked":["beaked:Replenish","beaked:HuntressEssence"],"picked":"beaked:Evade","floor":1},{"not_picked":["beaked:Windmill","beaked:Tradeoff"],"picked":"beaked:CursingBlood","floor":3},{"not_picked":["beaked:MimicMachine","beaked:RitualOfBody"],"picked":"beaked:Foresight","floor":6},{"not_picked":["beaked:VigorBurst","beaked:Cower"],"picked":"beaked:Insight","floor":8},{"not_picked":["beaked:Overpower","beaked:SurvivalInstinct"],"picked":"beaked:WarriorSpirit","floor":10},{"not_picked":["beaked:Redirect","beaked:Tradeoff"],"picked":"beaked:MimicWarrior","floor":12},{"not_picked":["beaked:BraceForImpact","beaked:Overexert"],"picked":"beaked:HuntressSpirit","floor":13},{"not_picked":["beaked:DigDeep","beaked:FullHouse"],"picked":"beaked:DesperateSwing","floor":14},{"not_picked":["beaked:DarkPact","beaked:CheekyTricks"],"picked":"beaked:FakeOut","floor":16},{"not_picked":["beaked:TuckingFeathers","beaked:Replenish"],"picked":"beaked:Struggle","floor":18},{"not_picked":["beaked:Cower","beaked:BraceForImpact"],"picked":"beaked:CursingBlood","floor":19},{"not_picked":["True Grit","Go for the Eyes"],"picked":"Pummel","floor":21},{"not_picked":["Outmaneuver","Expertise+1"],"picked":"Leap","floor":23},{"not_picked":["Ball Lightning","Skim"],"picked":"Headbutt","floor":24},{"not_picked":["Transmutation","Amplify"],"picked":"Buffer","floor":33},{"not_picked":["Choke","beaked:Poke+1"],"picked":"Undo","floor":34},{"not_picked":["Poisoned Stab+1","Iron Wave"],"picked":"ThirdEye+1","floor":36},{"not_picked":["Endless Agony","beaked:BloodRitual"],"picked":"Hologram","floor":38},{"not_picked":["Sucker Punch+1","Steam+1"],"picked":"PiercingWail+1","floor":39},{"not_picked":["Glass Knife","Reflex+1"],"picked":"Good Instincts+1","floor":41},{"not_picked":["JustLucky+1","beaked:DigDeep+1"],"picked":"Shrug It Off","floor":42},{"not_picked":["Blur+1","Burning Pact"],"picked":"Core Surge","floor":45}],"player_experience":102977,"relics_obtained":[{"floor":6,"key":"Orichalcum"},{"floor":8,"key":"Boot"},{"floor":9,"key":"Lantern"},{"floor":14,"key":"Whetstone"},{"floor":23,"key":"TungstenRod"},{"floor":31,"key":"FossilizedHelix"},{"floor":41,"key":"Old Coin"},{"floor":42,"key":"Pocketwatch"},{"floor":43,"key":"Bottled Tornado"},{"floor":45,"key":"Gremlin Horn"}],"event_choices":[{"damage_healed":0,"gold_gain":0,"player_choice":"Take Damage","damage_taken":12,"relics_obtained":["Golden Idol"],"max_hp_gain":0,"max_hp_loss":0,"event_name":"Golden Idol","floor":2,"gold_loss":0},{"damage_healed":0,"gold_gain":0,"player_choice":"Ignored","damage_taken":0,"max_hp_gain":0,"max_hp_loss":0,"event_name":"Golden Wing","floor":4,"gold_loss":0},{"damage_healed":0,"gold_gain":75,"player_choice":"Gather Gold","damage_taken":11,"max_hp_gain":0,"max_hp_loss":0,"event_name":"World of Goop","floor":5,"gold_loss":0},{"damage_healed":0,"gold_gain":0,"player_choice":"Ignored","damage_taken":0,"max_hp_gain":0,"max_hp_loss":0,"event_name":"The Mausoleum","floor":27,"gold_loss":0},{"damage_healed":0,"gold_gain":0,"player_choice":"","damage_taken":6,"max_hp_gain":0,"max_hp_loss":0,"event_name":"Knowing Skull","floor":29,"potions_obtained":[],"gold_loss":0,"cards_obtained":[]},{"damage_healed":0,"gold_gain":0,"player_choice":"Fight","damage_taken":0,"max_hp_gain":0,"max_hp_loss":0,"event_name":"MindBloom","floor":42,"gold_loss":0},{"damage_healed":0,"gold_gain":0,"player_choice":"Fight","damage_taken":0,"max_hp_gain":0,"max_hp_loss":0,"event_name":"Mysterious Sphere","floor":46,"gold_loss":0}],"is_beta":false,"boss_relics":[{"not_picked":["Busted Crown","Velvet Choker"],"picked":"Ectoplasm"},{"not_picked":["beaked:FlawlessSticks","beaked:SacrificeDoll"],"picked":"Tiny House"}],"items_purged_floors":[],"is_endless":false,"potions_floor_spawned":[3,6,16,19,21,23,24,35,41,45],"killed_by":"2 Orb Walkers","ascension_level":1}}