{"host":"rqs2099buorjjoja","time":1613107439,"event":{"mods":["AchievementEnabler","Act Like it!","Aspiration","BaseMod","Beaked The Cultist","Colored Powertips","Downfall","Googly Eyes","Hallownest","Hermit","Hubris","Infinite Spire","Jorbs\u0027s Wanderer Trilogy","Minty Spire (QoL Compilation)","Quick Restart","Rare Cards Sparkle","Replay The Spire","StSLib","The Bug Knight","The Construct","The Necromancer","The Servant 0.9.4"],"gold_per_floor":[199,199,209,227,239,239,265,291,191,202,102,87,102,102,113,217,217,217,217,237,255,255,273,352,352,183,183,283,457,457,471,490,590,590,590,187,198,218,268,293,346,396,409,422,180,230,130,147,162,162,162,162],"floor_reached":50,"language":"ENG","playtime":4429,"items_purged":[],"score":574,"play_id":"7e97b5dc-4a19-464c-b4d6-4c47f5228632","local_time":"20210212002359","is_ascension_mode":false,"campfire_choices":[{"data":"Slimebound:Split","floor":1,"key":"SMITH"},{"data":"Slimebound:LeadByExample","floor":6,"key":"SMITH"},{"floor":9,"key":"RECALL"},{"data":"Slimebound:SplitSpecialist","floor":11,"key":"SMITH"},{"data":"Slimebound:Gluttony","floor":18,"key":"SMITH"},{"data":"Slimebound:SlimeSpikes","floor":25,"key":"SMITH"},{"data":"Slimebound:MegaLick","floor":30,"key":"SMITH"},{"data":"Slimebound:Prepare","floor":35,"key":"SMITH"},{"floor":47,"key":"DIG"}],"circlet_count":0,"master_deck":["Slimebound:Strike_Slimebound+1","Slimebound:Strike_Slimebound+1","Slimebound:Strike_Slimebound+1","Slimebound:Tackle","Slimebound:Defend_Slimebound","Slimebound:Defend_Slimebound","Slimebound:Defend_Slimebound","Slimebound:Defend_Slimebound","Slimebound:Split+1","Slimebound:CorrosiveSpit","Slimebound:Schlurp","Slimebound:LeadByExample+1","Slimebound:SplitSpecialist+1","Slimebound:SlimeSpikes+1","Slimebound:RejuvenatingLick","Slimebound:MegaLick+1","Slimebound:LeechEnergy","Slimebound:Gluttony+1","Slimebound:MassRepurpose+1","Slimebound:LivingWall+1","Slimebound:Prepare+1","Slimebound:ItLooksTasty+1","Slimebound:RainOfGoop","Slimebound:RejuvenatingLick+1","Slimebound:GoopSpray+1","Slimebound:RainOfGoop","Slimebound:SplitMire","Slimebound:LeechLife","Slimebound:SplitSpecialist","Slimebound:Equalize+1","expansioncontent:Chronoboost","Slimebound:Schlurp+1","Slimebound:SplitAcid+1","Slimebound:LeechingTouch+1"],"relics":["Slimebound:AbsorbEndCombat","InkBottle","downfall:HeartBlessingBlue","downfall:HeartBlessingRed","aspiration:FutureDiary","hubris:SphereOfDissonance","aspiration:FrozenJewel","Sling","downfall:CloakOfManyFaces","CultistMask","FaceOfCleric","NlothsMask","GremlinMask","SsserpentHead","Pet Ghost","SlaversCollar","Juzu Bracelet","Replay:Bottled Eggs","Singing Bowl","Shovel","Kunai","downfall:HeartBlessingGreen","aspiration:HiddenCompartment"],"acts_visited":["Exordium","TheCity","TheBeyond"],"potions_floor_usage":[8,8,10,20,33,33,37,40,48,49,49],"damage_taken":[{"damage":4,"enemies":"2 Louse","floor":3,"turns":3},{"damage":9,"enemies":"Jaw Worm","floor":4,"turns":3},{"damage":0,"enemies":"Cultist","floor":5,"turns":3},{"damage":21,"enemies":"3 Sentries","floor":8,"turns":5},{"damage":9,"enemies":"Gremlin Gang","floor":10,"turns":3},{"damage":0,"enemies":"downfall:FleeingMerchant","floor":12,"turns":4},{"damage":10,"enemies":"3 Louse","floor":13,"turns":4},{"damage":6,"enemies":"Red Slaver","floor":15,"turns":3},{"damage":0,"enemies":"SI_SHIV_ARCHETYPE","floor":16,"turns":7},{"damage":3,"enemies":"3 Byrds","floor":20,"turns":4},{"damage":0,"enemies":"Chosen and Byrds","floor":21,"turns":2},{"damage":6,"enemies":"3 Cultists","floor":23,"turns":5},{"damage":0,"enemies":"downfall:FleeingMerchant","floor":26,"turns":4},{"damage":0,"enemies":"downfall:FaceTrader","floor":28,"turns":5},{"damage":0,"enemies":"downfall:FleeingMerchant","floor":29,"turns":3},{"damage":7,"enemies":"Snecko","floor":31,"turns":6},{"damage":3,"enemies":"Centurion and Healer","floor":32,"turns":4},{"damage":29,"enemies":"DF_ARCHETYPE_CLAW","floor":33,"turns":8},{"damage":17,"enemies":"3 Darklings","floor":37,"turns":4},{"damage":0,"enemies":"Orb Walker","floor":38,"turns":3},{"damage":23,"enemies":"Nemesis","floor":40,"turns":5},{"damage":5,"enemies":"3 Darklings","floor":43,"turns":6},{"damage":14,"enemies":"Maw","floor":44,"turns":6},{"damage":12,"enemies":"Transient","floor":48,"turns":5},{"damage":19,"enemies":"Sphere and 2 Shapes","floor":49,"turns":5},{"damage":140,"enemies":"WA_ARCHETYPE_DIVINITY","floor":50,"turns":7}],"seed_played":"-3900313156248136580","potions_obtained":[{"floor":4,"key":"LiquidMemories"},{"floor":5,"key":"Regen Potion"},{"floor":8,"key":"Explosive Potion"},{"floor":13,"key":"Explosive Potion"},{"floor":16,"key":"champ:CounterPotion"},{"floor":28,"key":"ColorlessPotion"},{"floor":31,"key":"hexamod:SoulburnPotion"},{"floor":33,"key":"BlessingOfTheForge"},{"floor":38,"key":"Adrenaline Potion"},{"floor":43,"key":"Death Potion"},{"floor":44,"key":"Ancient Potion"}],"is_trial":false,"path_per_floor":["R","?","M","M","M","R","T","E","R","M","R","$","M","?","M","B",null,"R","?","M","M","AVR","M","T","R","$","?","?","$","R","M","M","B",null,"R","$","M","M","?","E","T","T","M","M","$","?","R","M","M","B"],"character_chosen":"SLIMEBOUND","items_purchased":["Sling","Pet Ghost","Juzu Bracelet","Replay:Bottled Eggs","Kunai"],"campfire_rested":0,"item_purchase_floors":[26,29,36,36,45],"current_hp_per_floor":[65,68,64,59,63,63,63,57,67,62,62,66,62,62,60,68,78,78,78,78,78,78,78,78,78,78,78,78,79,79,79,81,59,82,82,82,72,77,80,81,81,84,85,73,73,76,76,78,78,0,0,0],"gold":162,"neow_bonus":"HUNDRED_GOLD","is_daily":false,"chose_seed":false,"campfire_upgraded":7,"win_rate":0.0,"timestamp":1613107439,"path_taken":["R","?","M","M","M","R","T","E","R","M","R","$","M","?","M","BOSS","R","?","M","M","AVR","?","T","R","$","?","?","$","R","M","M","BOSS","R","$","M","M","?","E","T","?","M","M","$","?","R","M","M","BOSS"],"items_purchased_type":["Relic","Relic","Relic","Relic","Relic"],"build_version":"2020-12-22","purchased_purges":0,"victory":false,"max_hp_per_floor":[65,68,68,68,68,68,68,68,78,78,78,78,78,78,78,78,78,78,78,78,78,78,78,78,78,78,78,78,79,79,80,81,82,82,82,82,83,84,84,85,85,85,86,87,87,87,87,90,93,93,93,93],"card_choices":[{"not_picked":["Slimebound:Chomp","Slimebound:SlimeTap"],"picked":"Slimebound:Schlurp","floor":3},{"not_picked":["Slimebound:SplitAcid","Slimebound:LevelUp"],"picked":"Slimebound:LeadByExample","floor":4},{"not_picked":["Slimebound:LivingWall","Slimebound:SlimeSpikes"],"picked":"Slimebound:SplitSpecialist","floor":5},{"not_picked":["Slimebound:PressTheAttack","Slimebound:LeechingTouch"],"picked":"Slimebound:SlimeSpikes","floor":8},{"not_picked":["Slimebound:Prepare","Slimebound:DisruptingSlam"],"picked":"Slimebound:RejuvenatingLick","floor":10},{"not_picked":["Slimebound:Repurpose","Slimebound:GrowthPunch"],"picked":"Slimebound:MegaLick","floor":12},{"not_picked":["Slimebound:HauntingLick","Slimebound:CheckThePlaybook"],"picked":"Slimebound:LeechEnergy","floor":13},{"not_picked":["Slimebound:ProtectTheBoss","Slimebound:GrowthPunch"],"picked":"Slimebound:Gluttony","floor":15},{"not_picked":["Slimebound:MinionMaster","Slimebound:DouseInSlime"],"picked":"Slimebound:MassRepurpose","floor":16},{"not_picked":["Slimebound:SplitLeeching","Slimebound:RollThrough+1"],"picked":"Slimebound:LivingWall+1","floor":20},{"not_picked":["Slimebound:BestDefense","Slimebound:DisruptingSlam"],"picked":"Slimebound:Prepare","floor":21},{"not_picked":["Slimebound:FinishingTackle+1","Slimebound:LeechingTouch"],"picked":"Slimebound:ItLooksTasty+1","floor":23},{"not_picked":["Slimebound:AcidTongue","Slimebound:TagTeam"],"picked":"Slimebound:RainOfGoop","floor":26},{"not_picked":["Slimebound:AcidTongue+1","Slimebound:Prepare"],"picked":"Slimebound:RejuvenatingLick+1","floor":28},{"not_picked":["Slimebound:SlimeSpikes+1","Slimebound:DisruptingSlam+1"],"picked":"Slimebound:GoopSpray+1","floor":29},{"not_picked":["Slimebound:LivingWall+1","Slimebound:SplitMire"],"picked":"Slimebound:RainOfGoop","floor":31},{"not_picked":["Slimebound:TongueLash","Slimebound:OneTwoCombo"],"picked":"Slimebound:SplitMire","floor":32},{"not_picked":["Slimebound:DuplicatedForm","Slimebound:FirmFortitude"],"picked":"Slimebound:LeechLife","floor":33},{"not_picked":["Slimebound:SplitAcid","Slimebound:LivingWall"],"picked":"Slimebound:SplitSpecialist","floor":37},{"not_picked":["Slimebound:FlameTackle","Slimebound:LevelUp"],"picked":"Slimebound:Equalize+1","floor":38},{"not_picked":["expansioncontent:InvincibleStrength","expansioncontent:LastStand"],"picked":"expansioncontent:Chronoboost","floor":39},{"not_picked":["Slimebound:LeechingTouch","Slimebound:PressTheAttack"],"picked":"Slimebound:Schlurp+1","floor":40},{"not_picked":["Slimebound:ItLooksTasty+1","Slimebound:DisruptingSlam"],"picked":"Slimebound:SplitAcid+1","floor":43},{"not_picked":["Slimebound:FinishingTackle","Slimebound:ComboTackle"],"picked":"Slimebound:LeechingTouch+1","floor":44},{"not_picked":["Slimebound:MassRepurpose","Slimebound:SplitMire+1","Slimebound:LeechingTouch"],"picked":"Singing Bowl","floor":48},{"not_picked":["Slimebound:SplitLeeching","Slimebound:SplitMire+1","Slimebound:Prepare"],"picked":"Singing Bowl","floor":49}],"player_experience":245890,"relics_obtained":[{"floor":8,"key":"InkBottle"},{"floor":24,"key":"aspiration:FrozenJewel"},{"floor":28,"key":"downfall:CloakOfManyFaces"},{"floor":40,"key":"Singing Bowl"},{"floor":42,"key":"Shovel"},{"floor":47,"key":"aspiration:HiddenCompartment"}],"event_choices":[],"is_beta":false,"boss_relics":[{"not_picked":["Replay:Grab Bag","SacredBark"],"picked":"aspiration:FutureDiary"},{"not_picked":["Velvet Choker","ReplayTheSpireMod:SealedPack"],"picked":"SlaversCollar"}],"items_purged_floors":[],"is_endless":false,"potions_floor_spawned":[4,5,8,13,16,28,31,33,38,43,44],"killed_by":"WA_ARCHETYPE_DIVINITY","ascension_level":0}}