{"host":"r3islh0l1a1ykxfu","time":1613170875,"event":{"mods":["BaseMod","Bestiary","Colored Map","Colored Powertips","Highlight Path","Minty Spire (QoL Compilation)","Relic Stats","Slay-I"],"gold_per_floor":[116,135,145,145,160,160,192,64,64,118,118,133,133,150,150,251,251,271,24,43,59,76,76,91,141,141,141,159,159,171,183,183,183,183],"floor_reached":33,"language":"ENG","playtime":2113,"items_purged":["Defend_B"],"score":277,"play_id":"17f36df8-e36c-4f3e-be9c-cffb508f365c","local_time":"20210212170115","is_ascension_mode":true,"campfire_choices":[{"data":"Loop","floor":6.0,"key":"SMITH"},{"floor":11.0,"key":"REST"},{"floor":13.0,"key":"REST"},{"data":"Streamline","floor":15.0,"key":"SMITH"},{"floor":23.0,"key":"REST"},{"floor":27.0,"key":"REST"},{"floor":29.0,"key":"REST"},{"floor":32,"key":"REST"}],"circlet_count":0,"master_deck":["Strike_B","Strike_B","Strike_B","Strike_B","Defend_B","Zap","Dualcast","BootSequence","Rip and Tear","Leap","Tempest","Static Discharge","Loop+1","Conserve Battery","Streamline+1","Ball Lightning","Rebound","Meteor Strike","Fusion+1","Hologram+1","Lockon","Rebound","Redo+1","Redo+1"],"relics":["Cracked Core","Spirit Poop","Turnip","Toxic Egg 2","Velvet Choker","Cables","StrikeDummy"],"acts_visited":["Exordium","TheCity"],"potions_floor_usage":[33,33,33],"damage_taken":[{"damage":6.0,"enemies":"Cultist","floor":1.0,"turns":3.0},{"damage":0.0,"enemies":"Small Slimes","floor":2.0,"turns":2.0},{"damage":0.0,"enemies":"2 Louse","floor":3.0,"turns":2.0},{"damage":15.0,"enemies":"Gremlin Gang","floor":5.0,"turns":4.0},{"damage":31.0,"enemies":"Lagavulin","floor":7.0,"turns":5.0},{"damage":0.0,"enemies":"2 Fungi Beasts","floor":12.0,"turns":3.0},{"damage":2.0,"enemies":"Large Slime","floor":14.0,"turns":3.0},{"damage":12.0,"enemies":"Slime Boss","floor":16.0,"turns":7.0},{"damage":11.0,"enemies":"3 Byrds","floor":18.0,"turns":2.0},{"damage":12.0,"enemies":"Shell Parasite","floor":20.0,"turns":4.0},{"damage":32.0,"enemies":"Shelled Parasite and Fungi","floor":21.0,"turns":4.0},{"damage":12.0,"enemies":"Cultist and Chosen","floor":22.0,"turns":4.0},{"damage":17.0,"enemies":"Snake Plant","floor":24.0,"turns":3.0},{"damage":16.0,"enemies":"Sentry and Sphere","floor":28.0,"turns":4.0},{"damage":39.0,"enemies":"3 Cultists","floor":30.0,"turns":4.0},{"damage":2,"enemies":"Snecko","floor":31,"turns":3},{"damage":62,"enemies":"Champ","floor":33,"turns":6}],"seed_played":"-7582781752735911647","potions_obtained":[{"floor":1.0,"key":"FearPotion"},{"floor":12.0,"key":"PowerPotion"},{"floor":16.0,"key":"SpeedPotion"},{"floor":22.0,"key":"Block Potion"},{"floor":30.0,"key":"FairyPotion"},{"floor":31,"key":"Dexterity Potion"}],"is_trial":false,"path_per_floor":["M","M","M","?","M","R","E","$","T","?","R","M","R","M","R","B",null,"M","$","M","M","M","R","M","?","T","R","M","R","M","M","R","B"],"character_chosen":"DEFECT","items_purchased":["Streamline","Cables"],"campfire_rested":6,"item_purchase_floors":[8,19],"current_hp_per_floor":[69,69,69,69,54,54,23,23,23,23,45,45,67,65,65,53,75,64,64,52,20,8,30,13,13,13,35,19,41,2,22,44,0,0],"gold":183,"neow_bonus":"TRANSFORM_TWO_CARDS","is_daily":false,"chose_seed":false,"campfire_upgraded":2,"win_rate":0.0,"timestamp":1613170875,"path_taken":["M","M","?","?","M","R","E","?","T","?","R","M","R","M","R","BOSS","M","$","M","M","M","R","M","?","T","R","M","R","M","M","R","BOSS"],"items_purchased_type":["Card","Relic"],"build_version":"2020-12-22","purchased_purges":1,"victory":false,"max_hp_per_floor":[75,75,75,75,75,75,75,75,75,75,75,75,75,75,75,75,75,75,75,75,75,75,75,75,75,75,75,75,75,75,75,75,75,75],"relic_stats":{"counters":[17,62],"Turnip":[13],"obtain_stats":[{"Spirit Poop":4,"Velvet Choker":17,"Turnip":7,"Toxic Egg 2":9,"Cracked Core":0,"StrikeDummy":26,"Cables":19},{"Spirit Poop":3,"Velvet Choker":8,"Turnip":5,"Toxic Egg 2":5,"Cracked Core":0,"StrikeDummy":13,"Cables":9},{"Spirit Poop":7,"Velvet Choker":28,"Turnip":15,"Toxic Egg 2":15,"Cracked Core":0,"StrikeDummy":45,"Cables":30}],"Cables":[27,26,0,0,1]},"card_choices":[{"not_picked":["Beam Cell","Go for the Eyes"],"picked":"Leap","floor":1.0},{"not_picked":["Cold Snap","Rebound"],"picked":"Tempest","floor":2.0},{"not_picked":["Cold Snap","Scrape"],"picked":"Static Discharge","floor":3.0},{"not_picked":["Recycle","Conserve Battery"],"picked":"Loop","floor":5.0},{"not_picked":["Cold Snap","Steam"],"picked":"Conserve Battery","floor":7.0},{"not_picked":["Auto Shields+1","Streamline"],"picked":"Ball Lightning","floor":12.0},{"not_picked":["Reboot+1","Streamline"],"picked":"Rebound","floor":14.0},{"not_picked":["Amplify+1","Hyperbeam"],"picked":"Meteor Strike","floor":16.0},{"not_picked":["Steam+1","Sweeping Beam"],"picked":"Fusion+1","floor":18.0},{"not_picked":["Consume+1","Turbo+1","Compile Driver+1"],"picked":"SKIP","floor":20.0},{"not_picked":["Static Discharge","Tempest+1"],"picked":"Hologram+1","floor":21.0},{"not_picked":["Ball Lightning","Compile Driver+1"],"picked":"Lockon","floor":22.0},{"not_picked":["Steam+1","Rip and Tear+1"],"picked":"Rebound","floor":24.0},{"not_picked":["Coolheaded+1","Hello World","Force Field+1"],"picked":"SKIP","floor":28.0},{"not_picked":["Tempest+1","Cold Snap"],"picked":"Redo+1","floor":30.0},{"not_picked":["Steam Power+1","Genetic Algorithm+1"],"picked":"Redo+1","floor":31}],"player_experience":1262803,"relics_obtained":[{"floor":7.0,"key":"Turnip"},{"floor":9.0,"key":"Toxic Egg 2"},{"floor":26.0,"key":"StrikeDummy"}],"event_choices":[{"cards_removed":["Clumsy"],"damage_healed":0.0,"max_hp_gain":0.0,"max_hp_loss":0.0,"gold_gain":0.0,"event_name":"Bonfire Elementals","player_choice":"Offered Curse","floor":4.0,"gold_loss":0.0,"damage_taken":0.0,"relics_obtained":["Spirit Poop"]},{"damage_healed":0.0,"max_hp_gain":0.0,"max_hp_loss":0.0,"gold_gain":54.0,"event_name":"Golden Wing","player_choice":"Gained Gold","floor":10.0,"gold_loss":0.0,"damage_taken":0.0},{"damage_healed":0.0,"max_hp_gain":0.0,"max_hp_loss":0.0,"gold_gain":100.0,"event_name":"The Joust","player_choice":"Bet on Murderer","floor":25.0,"gold_loss":50.0,"damage_taken":0.0}],"is_beta":false,"boss_relics":[{"not_picked":["Coffee Dripper","SacredBark"],"picked":"Velvet Choker"}],"items_purged_floors":[8],"is_endless":false,"potions_floor_spawned":[1,12,16,20,21,22,30,31],"killed_by":"Champ","ascension_level":2}}