{"host":"sc0o2qwpf9j16a4i","time":1613132433,"event":{"mods":["AchievementEnabler","BaseMod","BetterRewards","Block Reminder","Colored Map","Colored Powertips","Custom Start","Highlight Path","Minty Spire (QoL Compilation)","Relic Stats"],"gold_per_floor":[119,119,138,138,69,100,52,71,98,127,127,155,174,202,202,305,305,318,318,13,13,13,48,48,48,48,76,106,106,106,31,31,127,127,138,1137,1137,240,115,141,141,141,141,64,64,64,94,119,119,119],"floor_reached":51,"language":"ENG","playtime":1571,"items_purged":["Doppelganger","Normality","Normality"],"score":1132,"play_id":"1427df63-3a3d-4855-b938-5d8a0e4191d0","local_time":"20210212142033","daily_mods":["Shiny","Flight","Lethality"],"is_ascension_mode":false,"campfire_choices":[{"data":"Wraith Form v2","floor":15,"key":"SMITH"},{"data":"Night Terror","floor":25,"key":"SMITH"},{"data":"Calculated Gamble","floor":29,"key":"SMITH"},{"data":"Malaise","floor":32,"key":"SMITH"},{"data":"Malaise","floor":41,"key":"SMITH"},{"data":"Catalyst","floor":45,"key":"SMITH"},{"data":"Burst","floor":49,"key":"SMITH"}],"circlet_count":0,"master_deck":["Venomology","Corpse Explosion","Malaise+1","Phantasmal Killer","Die Die Die","Adrenaline+1","Envenom","Burst+1","Wraith Form v2+1","Tools of the Trade","Night Terror+1","Unload+1","After Image+1","Bullet Time","Storm of Steel","Glass Knife","A Thousand Cuts","Dagger Spray+1","Backstab","Terror","Blade Dance","Bane","Calculated Gamble+1","Bane","Dagger Spray","Prepared","Malaise+1","Bite","Bite","Bite","Bite","Bite","Deflect","Writhe","PiercingWail","Master of Strategy","PanicButton","Catalyst+1","Dagger Spray+1"],"relics":["Ring of the Snake","Bronze Scales","Regal Pillow","Whetstone","Torii","Busted Crown","Nloth\u0027s Gift","OrangePellets","Oddly Smooth Stone","StoneCalendar","Sundial","Gambling Chip","Tough Bandages","Art of War","Snecko Eye","Paper Crane","Ice Cream","Toolbox","Juzu Bracelet","Eternal Feather","Vajra","CaptainsWheel","Strawberry"],"acts_visited":["Exordium","TheCity","TheBeyond"],"potions_floor_usage":[10,12,14,18,23,27,33,35,40,47,50,50,50],"damage_taken":[{"damage":0,"enemies":"2 Louse","floor":1,"turns":1},{"damage":0,"enemies":"Cultist","floor":3,"turns":4},{"damage":0,"enemies":"Gremlin Nob","floor":6,"turns":2},{"damage":0,"enemies":"Jaw Worm","floor":8,"turns":1},{"damage":0,"enemies":"3 Sentries","floor":10,"turns":2},{"damage":16,"enemies":"Lagavulin","floor":12,"turns":5},{"damage":13,"enemies":"Red Slaver","floor":13,"turns":2},{"damage":0,"enemies":"3 Sentries","floor":14,"turns":2},{"damage":0,"enemies":"Slime Boss","floor":16,"turns":3},{"damage":7,"enemies":"2 Thieves","floor":18,"turns":1},{"damage":24,"enemies":"Gremlin Leader","floor":23,"turns":3},{"damage":1,"enemies":"Slavers","floor":27,"turns":2},{"damage":8,"enemies":"Gremlin Leader","floor":28,"turns":5},{"damage":30,"enemies":"Collector","floor":33,"turns":6},{"damage":0,"enemies":"3 Darklings","floor":35,"turns":3},{"damage":0,"enemies":"Nemesis","floor":40,"turns":3},{"damage":0,"enemies":"Reptomancer","floor":47,"turns":3},{"damage":0,"enemies":"Giant Head","floor":48,"turns":5},{"damage":33,"enemies":"Time Eater","floor":50,"turns":8}],"seed_played":"3453402715161811627","potions_obtained":[{"floor":1,"key":"Regen Potion"},{"floor":3,"key":"EssenceOfSteel"},{"floor":12,"key":"Fire Potion"},{"floor":13,"key":"FearPotion"},{"floor":18,"key":"LiquidMemories"},{"floor":28,"key":"BlessingOfTheForge"}],"is_trial":true,"path_per_floor":["M","?","M","?","$","E","$","M","T","E","?","E","M","E","R","B",null,"M","?","$","?","?","E","?","R","T","E","E","R","T","$","R","B",null,"M","?","?","$","$","E","R","?","T","$","R","T","E","E","R","B",null],"character_chosen":"THE_SILENT","items_purchased":["Backstab","Blade Dance","OrangePellets","Blood Vial","Paper Crane","Ice Cream","Toolbox","PanicButton","Catalyst"],"campfire_rested":0,"item_purchase_floors":[5,7,20,20,38,38,38,38,44],"current_hp_per_floor":[70,70,70,56,56,56,56,56,56,61,61,45,32,32,32,32,70,63,63,63,63,63,50,50,50,50,55,53,53,53,53,53,29,70,70,70,60,60,60,64,64,64,64,64,70,70,70,77,77,56],"gold":119,"neow_bonus":"","is_daily":false,"chose_seed":false,"campfire_upgraded":7,"win_rate":0.0,"timestamp":1613132433,"path_taken":["M","?","M","?","$","E","?","?","T","E","?","E","?","E","R","BOSS","M","?","?","?","?","E","?","R","T","E","E","R","?","$","R","BOSS","M","?","?","$","$","E","R","?","T","$","R","?","E","E","R","BOSS"],"items_purchased_type":["Card","Card","Relic","Relic","Relic","Relic","Relic","Card","Card"],"build_version":"2020-12-22","purchased_purges":3,"victory":true,"max_hp_per_floor":[70,70,70,70,70,70,70,70,70,70,70,70,70,70,70,70,70,70,70,70,70,70,70,70,70,70,70,70,70,70,70,70,70,70,70,70,70,70,70,70,70,70,70,70,70,70,70,77,77,77],"relic_stats":{"Regal Pillow":0,"Torii":2,"counters":[19,61],"StoneCalendar":[52],"Eternal Feather":6,"Juzu Bracelet":0,"Whetstone":["Unload","Dagger Spray"],"OrangePellets":[20],"Tough Bandages":[234],"Busted Crown":24,"Sundial":[2],"Bronze Scales":[114],"Gambling Chip":[31],"Snecko Eye":[18,11,19,13],"Nloth\u0027s Gift":1,"Art of War":[3],"obtain_stats":[{"Darkstone Periapt":12,"Ice Cream":38,"Regal Pillow":9,"Torii":14,"Vajra":46,"StoneCalendar":24,"Juzu Bracelet":40,"Whetstone":10,"Blood Vial":20,"Tough Bandages":28,"Sundial":26,"Gambling Chip":27,"Strawberry":48,"Toolbox":38,"Ring of the Snake":0,"Oddly Smooth Stone":23,"Eternal Feather":43,"Paper Crane":38,"OrangePellets":20,"CaptainsWheel":47,"Busted Crown":17,"Bronze Scales":6,"Snecko Eye":34,"Nloth\u0027s Gift":19,"Art of War":30},{"Darkstone Periapt":6,"Ice Cream":15,"Regal Pillow":4,"Torii":8,"Vajra":16,"StoneCalendar":11,"Juzu Bracelet":16,"Whetstone":5,"Blood Vial":10,"Tough Bandages":13,"Sundial":11,"Gambling Chip":12,"Strawberry":18,"Toolbox":15,"Ring of the Snake":0,"Oddly Smooth Stone":11,"Eternal Feather":16,"Paper Crane":15,"OrangePellets":10,"CaptainsWheel":17,"Busted Crown":9,"Bronze Scales":3,"Snecko Eye":14,"Nloth\u0027s Gift":10,"Art of War":13},{"Darkstone Periapt":15,"Ice Cream":42,"Regal Pillow":8,"Torii":19,"Vajra":45,"StoneCalendar":26,"Juzu Bracelet":45,"Whetstone":10,"Blood Vial":23,"Tough Bandages":33,"Sundial":26,"Gambling Chip":28,"Strawberry":53,"Toolbox":42,"Ring of the Snake":0,"Oddly Smooth Stone":26,"Eternal Feather":45,"Paper Crane":42,"OrangePellets":23,"CaptainsWheel":48,"Busted Crown":22,"Bronze Scales":7,"Snecko Eye":39,"Nloth\u0027s Gift":23,"Art of War":33}],"Ring of the Snake":[38]},"card_choices":[{"not_picked":["Reflex","Infinite Blades"],"picked":"Dagger Spray","floor":1},{"not_picked":["Finisher","Backflip","Choke"],"picked":"SKIP","floor":3},{"not_picked":["Dagger Throw","Prepared"],"picked":"Terror","floor":6},{"not_picked":["Poisoned Stab","Prepared"],"picked":"Bane","floor":8},{"not_picked":["Dagger Spray","Well Laid Plans"],"picked":"Calculated Gamble","floor":10},{"not_picked":["Blade Dance","Tactician"],"picked":"Bane","floor":12},{"not_picked":["Slice","Flying Knee"],"picked":"Dagger Spray","floor":13},{"not_picked":["Night Terror","Backflip"],"picked":"Prepared","floor":14},{"not_picked":["Venomology","A Thousand Cuts"],"picked":"Malaise","floor":16},{"not_picked":["Bouncing Flask"],"picked":"SKIP","floor":18},{"not_picked":[],"picked":"Deflect","floor":23},{"not_picked":["Doppelganger"],"picked":"SKIP","floor":27},{"not_picked":[],"picked":"PiercingWail","floor":28},{"not_picked":["Sucker Punch"],"picked":"SKIP","floor":35},{"not_picked":[],"picked":"Master of Strategy","floor":37},{"not_picked":["Underhanded Strike"],"picked":"SKIP","floor":40},{"not_picked":[],"picked":"Dagger Spray+1","floor":47},{"not_picked":["Distraction"],"picked":"SKIP","floor":48}],"player_experience":1357835,"relics_obtained":[{"floor":6,"key":"Bronze Scales"},{"floor":9,"key":"Regal Pillow"},{"floor":10,"key":"Whetstone"},{"floor":12,"key":"Darkstone Periapt"},{"floor":14,"key":"Torii"},{"floor":23,"key":"Oddly Smooth Stone"},{"floor":26,"key":"Sundial"},{"floor":27,"key":"Gambling Chip"},{"floor":28,"key":"Tough Bandages"},{"floor":30,"key":"Art of War"},{"floor":40,"key":"Juzu Bracelet"},{"floor":43,"key":"Eternal Feather"},{"floor":46,"key":"Vajra"},{"floor":47,"key":"CaptainsWheel"},{"floor":48,"key":"Strawberry"}],"event_choices":[{"damage_healed":0,"gold_gain":0,"player_choice":"Grow","damage_taken":0,"max_hp_gain":0,"max_hp_loss":0,"event_name":"Living Wall","floor":2,"gold_loss":0,"cards_upgraded":["After Image"]},{"damage_healed":0,"gold_gain":0,"player_choice":"Entered Light","damage_taken":14,"max_hp_gain":0,"max_hp_loss":0,"event_name":"Shining Light","floor":4,"gold_loss":0,"cards_upgraded":["Adrenaline","Grand Finale"]},{"damage_healed":0,"gold_gain":0,"player_choice":"Ignored","damage_taken":0,"max_hp_gain":0,"max_hp_loss":0,"event_name":"NoteForYourself","floor":11,"gold_loss":0},{"damage_healed":0,"gold_gain":0,"player_choice":"Traded Relic","damage_taken":0,"relics_obtained":["Nloth\u0027s Gift"],"max_hp_gain":0,"max_hp_loss":0,"event_name":"N\u0027loth","floor":19,"relics_lost":["Darkstone Periapt"],"gold_loss":0},{"damage_healed":0,"gold_gain":0,"player_choice":"Became a vampire (Vial)","damage_taken":0,"max_hp_gain":0,"max_hp_loss":0,"event_name":"Vampires","floor":21,"relics_lost":["Blood Vial"],"gold_loss":0,"cards_obtained":["Bite","Bite","Bite","Bite","Bite"]},{"cards_removed":["Grand Finale"],"damage_healed":0,"gold_gain":0,"player_choice":"Elegance","damage_taken":0,"max_hp_gain":0,"max_hp_loss":0,"event_name":"Back to Basics","floor":22,"gold_loss":0},{"damage_healed":0,"gold_gain":0,"player_choice":"Opened","damage_taken":0,"relics_obtained":["StoneCalendar"],"max_hp_gain":0,"max_hp_loss":0,"event_name":"The Mausoleum","floor":24,"gold_loss":0,"cards_obtained":["Writhe"]},{"damage_healed":0,"gold_gain":999,"player_choice":"Gold","damage_taken":0,"max_hp_gain":0,"max_hp_loss":0,"event_name":"MindBloom","floor":36,"gold_loss":0,"cards_obtained":["Normality","Normality"]},{"damage_healed":0,"gold_gain":0,"player_choice":"Memory 3","damage_taken":10,"max_hp_gain":0,"max_hp_loss":0,"event_name":"SensoryStone","floor":37,"gold_loss":0},{"damage_healed":0,"gold_gain":0,"player_choice":"Ignored","damage_taken":0,"max_hp_gain":0,"max_hp_loss":0,"event_name":"Tomb of Lord Red Mask","floor":42,"gold_loss":0}],"is_beta":false,"boss_relics":[{"not_picked":["Velvet Choker","Philosopher\u0027s Stone"],"picked":"Busted Crown"},{"not_picked":["Tiny House","Ring of the Serpent"],"picked":"Snecko Eye"}],"items_purged_floors":[31,38,39],"is_endless":false,"potions_floor_spawned":[1,3,12,13,16,18,28,47,48],"ascension_level":0}}