{"host":"wq5h7jomr5a1xww7","time":1613148157,"event":{"mods":["BaseMod","Beaked The Cultist","Highlight Path","Minty Spire (QoL Compilation)","Relic Stats","StSLib"],"gold_per_floor":[116,116,134,309,52,80,80,99,175,204,220,175,175,205,205,300,300,312,20,20,35,46,46,75,90,90,90,90,90],"floor_reached":28,"language":"ENG","playtime":2077,"items_purged":["Doubt"],"score":269,"play_id":"e1ed858d-cc83-4ae5-b4e4-fe99e71aea2f","local_time":"20210212104237","is_ascension_mode":true,"campfire_choices":[{"data":"beaked:WarriorEssence","floor":7,"key":"SMITH"},{"data":"beaked:TuckingFeathers","floor":13,"key":"SMITH"},{"data":"beaked:CursingBlood","floor":15,"key":"SMITH"},{"data":"Limit Break","floor":23,"key":"SMITH"},{"data":"beaked:RitualOfBody","floor":27,"key":"SMITH"}],"circlet_count":0,"master_deck":["beaked:Strike_Y","beaked:Strike_Y","beaked:Strike_Y","beaked:Strike_Y","beaked:Strike_Y","beaked:Defend_Y","beaked:Defend_Y","beaked:Defend_Y","beaked:Defend_Y","beaked:Ceremony","beaked:Ceremony","beaked:Ceremony","beaked:CursingBlood+1","beaked:Insight","beaked:WarriorEssence+1","beaked:SacrificialAttack","beaked:MimicMachine","beaked:Mantra","beaked:Roost","beaked:TuckingFeathers+1","beaked:Brace","beaked:FakeOut","Limit Break+1","beaked:HuntressSpirit+1","beaked:StickSmack","beaked:BraceForImpact+1","beaked:SacrificialScars","beaked:RitualOfBody+1"],"relics":["beaked:MendingPlumage","Dead Branch","Toy Ornithopter","Matryoshka","Question Card","Blood Vial","beaked:SacredDeck","Chemical X","Pear","Molten Egg 2","Bottled Tornado"],"acts_visited":["Exordium","TheCity"],"potions_floor_usage":[6,8,11,18,21,22,24,28,28],"damage_taken":[{"damage":9,"enemies":"Small Slimes","floor":1,"turns":6},{"damage":16,"enemies":"2 Louse","floor":3,"turns":6},{"damage":44,"enemies":"Gremlin Nob","floor":6,"turns":6},{"damage":11,"enemies":"Jaw Worm","floor":8,"turns":5},{"damage":49,"enemies":"3 Sentries","floor":10,"turns":7},{"damage":14,"enemies":"Blue Slaver","floor":11,"turns":6},{"damage":7,"enemies":"Looter","floor":12,"turns":5},{"damage":28,"enemies":"Lagavulin","floor":14,"turns":8},{"damage":25,"enemies":"Hexaghost","floor":16,"turns":10},{"damage":58,"enemies":"3 Byrds","floor":18,"turns":14},{"damage":21,"enemies":"Shell Parasite","floor":21,"turns":8},{"damage":38,"enemies":"Snake Plant","floor":22,"turns":6},{"damage":27,"enemies":"Book of Stabbing","floor":24,"turns":9},{"damage":26,"enemies":"Snecko","floor":25,"turns":7},{"damage":114,"enemies":"Slavers","floor":28,"turns":6}],"seed_played":"-4998360343317683495","potions_obtained":[{"floor":1,"key":"Regen Potion"},{"floor":10,"key":"SkillPotion"},{"floor":11,"key":"EssenceOfSteel"},{"floor":14,"key":"Energy Potion"},{"floor":16,"key":"Fruit Juice"},{"floor":21,"key":"CultistPotion"},{"floor":22,"key":"DuplicationPotion"},{"floor":24,"key":"SteroidPotion"},{"floor":25,"key":"FairyPotion"}],"is_trial":false,"path_per_floor":["M","?","M","?","$","E","R","M","T","E","M","M","R","E","R","B",null,"M","$","?","M","M","R","E","M","T","R","E"],"character_chosen":"BEAKED_THE_CULTIST","items_purchased":["beaked:WarriorEssence","beaked:SacrificialAttack","AttackPotion","Chemical X","beaked:StickSmack","LiquidMemories"],"campfire_rested":0,"item_purchase_floors":[5,5,5,19,19,19],"current_hp_per_floor":[45,38,35,35,35,13,13,45,45,17,30,38,38,37,37,45,45,28,28,28,47,30,30,29,40,40,40,0,0],"gold":90,"neow_bonus":"ONE_RARE_RELIC","is_daily":false,"chose_seed":false,"campfire_upgraded":5,"win_rate":0.0,"timestamp":1613148157,"path_taken":["M","?","M","?","$","E","R","M","T","E","M","M","R","E","R","BOSS","M","$","?","M","M","R","E","M","T","R","E"],"items_purchased_type":["Card","Card","Potion","Relic","Card","Potion"],"build_version":"2020-12-22","purchased_purges":1,"victory":false,"max_hp_per_floor":[45,45,45,45,45,45,45,45,45,45,45,45,45,45,45,45,45,47,47,47,47,47,47,64,64,64,64,64,64],"relic_stats":{"Blood Vial":10,"counters":[15,109],"Dead Branch":[94],"Chemical X":[7],"Question Card":9,"obtain_stats":[{"Blood Vial":14,"Matryoshka":9,"Pear":24,"Dead Branch":0,"beaked:SacredDeck":17,"Molten Egg 2":26,"Chemical X":19,"beaked:MendingPlumage":0,"Bottled Tornado":26,"Question Card":10,"Toy Ornithopter":6},{"Blood Vial":8,"Matryoshka":4,"Pear":13,"Dead Branch":0,"beaked:SacredDeck":9,"Molten Egg 2":14,"Chemical X":10,"beaked:MendingPlumage":0,"Bottled Tornado":14,"Question Card":5,"Toy Ornithopter":3},{"Blood Vial":49,"Matryoshka":23,"Pear":96,"Dead Branch":0,"beaked:SacredDeck":59,"Molten Egg 2":103,"Chemical X":73,"beaked:MendingPlumage":0,"Bottled Tornado":103,"Question Card":30,"Toy Ornithopter":18}],"Toy Ornithopter":30},"card_choices":[{"not_picked":["beaked:Pecker","beaked:HuntressSpirit"],"picked":"beaked:CursingBlood","floor":1},{"not_picked":["beaked:HuntressEssence","beaked:Redirect"],"picked":"beaked:Insight","floor":3},{"not_picked":["beaked:Insight","beaked:Struggle"],"picked":"beaked:MimicMachine","floor":6},{"not_picked":["beaked:Molting","beaked:Recite"],"picked":"beaked:Mantra","floor":8},{"not_picked":["beaked:Overexert","beaked:CursingBlood"],"picked":"beaked:Roost","floor":10},{"not_picked":["beaked:Tweet","beaked:Recite","beaked:HuntressSpirit"],"picked":"beaked:TuckingFeathers","floor":12},{"not_picked":["beaked:Insight","beaked:Poke","beaked:CheekyTricks"],"picked":"beaked:Brace","floor":14},{"not_picked":["beaked:LiftOff","beaked:FullHouse","beaked:VolatileMisfortune"],"picked":"beaked:FakeOut","floor":16},{"not_picked":["beaked:Windmill+1","beaked:BraceForImpact","beaked:Brace"],"picked":"beaked:HuntressSpirit+1","floor":18},{"not_picked":["beaked:StickSmack","beaked:TuckingFeathers+1","beaked:FeelMyPain"],"picked":"beaked:BraceForImpact+1","floor":21},{"not_picked":["beaked:FeelMyPain","beaked:BraceForImpact","beaked:DigDeep"],"picked":"beaked:SacrificialScars","floor":22},{"not_picked":["beaked:Mantra","beaked:FeelMyPain+1","beaked:Devastation","beaked:DarkPact"],"picked":"SKIP","floor":24},{"not_picked":["beaked:WarriorSpirit+1","beaked:Cower","beaked:Windmill"],"picked":"beaked:RitualOfBody","floor":25}],"player_experience":96635,"relics_obtained":[{"floor":6,"key":"Toy Ornithopter"},{"floor":9,"key":"Matryoshka"},{"floor":10,"key":"Question Card"},{"floor":14,"key":"Blood Vial"},{"floor":24,"key":"Pear"},{"floor":26,"key":"Molten Egg 2"},{"floor":26,"key":"Bottled Tornado"}],"event_choices":[{"cards_removed":["beaked:Strike_Y"],"damage_healed":0,"gold_gain":0,"player_choice":"Card Removal","damage_taken":7,"max_hp_gain":0,"max_hp_loss":0,"event_name":"Golden Wing","floor":2,"gold_loss":0},{"damage_healed":0,"gold_gain":175,"player_choice":"AGREE","damage_taken":0,"max_hp_gain":0,"max_hp_loss":0,"event_name":"Liars Game","floor":4,"gold_loss":0,"cards_obtained":["Doubt"]}],"is_beta":false,"boss_relics":[{"not_picked":["Ectoplasm","beaked:MawFillet"],"picked":"beaked:SacredDeck"}],"items_purged_floors":[5],"is_endless":false,"potions_floor_spawned":[1,10,11,14,16,21,22,24,25],"killed_by":"Slavers","ascension_level":1}}