{"host":"j5shy70asow5koz5","time":1613167112,"event":{"mods":["2.2 Compatiblity","Act Like it!","Arknights","BaseMod","Colored Map","Marisa£¨Ùöéë¡¡Øª×âÞÞ£©","Minty Spire (QoL Compilation)","Prisma Mod","StSLib","SuperFastMode","Td1madao Mod","The Disciple","The Gatherer","The Servant 0.9.4","Waifu the Spire"],"gold_per_floor":[114,114,126,142,242,242,255,255,278,96,116,129,129,89,89,185,185,200,214,214,226,151,151,151],"floor_reached":23,"language":"KOR","playtime":777,"items_purged":["Strike_P"],"score":183,"play_id":"98d68f9b-1f50-448b-9e17-5b261685cb1c","local_time":"20210213065832","is_ascension_mode":false,"campfire_choices":[{"data":"Perseverance","floor":6,"key":"SMITH"},{"data":"Eruption","floor":8,"key":"SMITH"},{"data":"Vigilance","floor":13,"key":"SMITH"},{"data":"Defend_P","floor":15,"key":"SMITH"}],"circlet_count":0,"master_deck":["Strike_P","Strike_P","Defend_P","Defend_P","Defend_P","Eruption+1","Vigilance+1","Perseverance+1","DevaForm","ReachHeaven"],"relics":["PureWater","NeowsBlessing","Anchor","Damaru","Membership Card","VioletLotus"],"acts_visited":["Exordium","TheCity"],"potions_floor_usage":[7,16,18,18,18,19,23,23,23],"damage_taken":[{"damage":0,"enemies":"Jaw Worm","floor":1,"turns":1},{"damage":0,"enemies":"Cultist","floor":3,"turns":1},{"damage":0,"enemies":"2 Louse","floor":4,"turns":1},{"damage":7,"enemies":"Exordium Thugs","floor":7,"turns":5},{"damage":0,"enemies":"Exordium Wildlife","floor":11,"turns":4},{"damage":2,"enemies":"Lots of Slimes","floor":12,"turns":6},{"damage":34,"enemies":"The Guardian","floor":16,"turns":15},{"damage":21,"enemies":"Spheric Guardian","floor":18,"turns":10},{"damage":9,"enemies":"Shell Parasite","floor":19,"turns":10},{"damage":21,"enemies":"Snake Plant","floor":21,"turns":10},{"damage":23,"enemies":"Gremlin Leader","floor":23,"turns":9}],"seed_played":"3113538192743241415","potions_obtained":[{"floor":1,"key":"SpeedPotion"},{"floor":4,"key":"FearPotion"},{"floor":14,"key":"Ancient Potion"},{"floor":14,"key":"Weak Potion"},{"floor":14,"key":"Weak Potion"},{"floor":16,"key":"EntropicBrew"},{"floor":18,"key":"AttackPotion"},{"floor":19,"key":"BottledMiracle"}],"is_trial":false,"path_per_floor":["M","?","M","M","?","R","M","R","T","$","M","M","R","?","R","B",null,"M","M","?","M","?","E"],"character_chosen":"WATCHER","items_purchased":["Membership Card"],"campfire_rested":0,"item_purchase_floors":[10],"current_hp_per_floor":[72,72,72,72,72,72,65,65,65,65,65,63,63,63,63,29,72,51,42,42,21,21,0,0],"gold":151,"neow_bonus":"THREE_ENEMY_KILL","is_daily":false,"chose_seed":false,"campfire_upgraded":4,"win_rate":0.0,"timestamp":1613167112,"path_taken":["M","?","?","M","?","R","M","R","T","?","?","M","R","?","R","BOSS","M","?","?","?","?","E"],"items_purchased_type":["Relic"],"build_version":"2020-12-22","purchased_purges":1,"victory":false,"max_hp_per_floor":[72,72,72,72,72,72,72,72,72,72,72,72,72,72,72,72,72,72,72,72,72,72,72,72],"card_choices":[{"not_picked":["Protect","FlyingSleeves","Meditate"],"picked":"SKIP","floor":1},{"not_picked":["FollowUp","Meditate","Study"],"picked":"SKIP","floor":3},{"not_picked":["FlyingSleeves","Halt"],"picked":"Perseverance","floor":4},{"not_picked":["SashWhip","EmptyMind","Sanctity"],"picked":"SKIP","floor":7},{"not_picked":["Meditate","ThirdEye","EmptyMind"],"picked":"SKIP","floor":11},{"not_picked":["Crescendo","PathToVictory","ThirdEye"],"picked":"SKIP","floor":12},{"not_picked":["Scrawl","Vault"],"picked":"DevaForm","floor":16},{"not_picked":["Evaluate","Consecrate","FollowUp"],"picked":"SKIP","floor":18},{"not_picked":["Consecrate+1","Meditate","Study"],"picked":"SKIP","floor":19},{"not_picked":["EmptyFist","Weave"],"picked":"ReachHeaven","floor":21}],"player_experience":105786,"relics_obtained":[{"floor":9,"key":"Damaru"}],"event_choices":[{"damage_healed":0,"gold_gain":0,"player_choice":"Gave Potion","damage_taken":0,"relics_obtained":["Anchor"],"max_hp_gain":0,"max_hp_loss":0,"event_name":"WeMeetAgain","floor":2,"gold_loss":0},{"damage_healed":0,"gold_gain":100,"player_choice":"Pray","damage_taken":0,"max_hp_gain":0,"max_hp_loss":0,"event_name":"Golden Shrine","floor":5,"gold_loss":0},{"damage_healed":0,"gold_gain":0,"player_choice":"Bought 3 Potions","damage_taken":0,"max_hp_gain":0,"max_hp_loss":0,"event_name":"The Woman in Blue","floor":14,"gold_loss":0},{"cards_removed":["Strike_P"],"damage_healed":0,"gold_gain":0,"player_choice":"Offered Basic","damage_taken":0,"max_hp_gain":0,"max_hp_loss":0,"event_name":"Bonfire Elementals","floor":20,"gold_loss":0},{"cards_removed":["Defend_P"],"damage_healed":0,"gold_gain":0,"player_choice":"Gave Gold","damage_taken":0,"max_hp_gain":0,"max_hp_loss":0,"event_name":"Beggar","floor":22,"gold_loss":75}],"is_beta":false,"boss_relics":[{"not_picked":["Cursed Key","Runic Dome"],"picked":"VioletLotus"}],"items_purged_floors":[10],"is_endless":false,"potions_floor_spawned":[1,4,16,18,19,21],"killed_by":"Gremlin Leader","ascension_level":0}}