{"host":"juvwyqk4ifq614bf","time":1613171058,"event":{"mods":["2.2 Compatiblity","Act Like it!","BaseMod","Better Altar","Better Match","Better Note","Better Sensory Stone","Better Third Choice","ChefMod","Conspire","Ekko","Friendly Minions","GifTheSpireLib","Hubris","Infinite Spire","Minty Spire (QoL Compilation)","Mirrors Mod","Replay The Spire","StSLib","Stuff the Spire","The Alterego","TheVelvet"],"gold_per_floor":[117,42,42,60,0,26,48,95,189,232,244,285,297,343,355,471,533,558,32,48,58,58,85,85,118,118,118,118],"floor_reached":27,"language":"ENG","playtime":1750,"items_purged":["Strike_P"],"score":333,"play_id":"99c0988a-9ad1-48a1-aa14-d88e46325c06","local_time":"20210213000418","is_ascension_mode":true,"campfire_choices":[{"data":"StuffTheSpire:Innocence","floor":13,"key":"SMITH"},{"data":"Replay:LoomingThreat","floor":15,"key":"SMITH"},{"data":"FearNoEvil","floor":24,"key":"SMITH"}],"circlet_count":0,"master_deck":["Strike_P","Strike_P","Strike_P","Defend_P","Defend_P","Defend_P","Defend_P","Eruption+1","Vigilance","PathToVictory","FlurryOfBlows","Conclude+1","PathToVictory","Consecrate","Prostrate","Protect","StuffTheSpire:Innocence+1","Replay:LoomingThreat+1","ClearTheMind","SpiritShield","FlurryOfBlows","BowlingBash+1","CutThroughFate+1","Replay:AtTheReady+1","FearNoEvil+1","Halt"],"relics":["PureWater","NeowsBlessing","MawBank","MealTicket","Replay:Bottled Flurry","Art of War","Orichalcum","Mirror","Tiny House","conspire:GlowingRock","Pantograph","ReplayFunnel","Omamori","infinitespire:Satchel"],"acts_visited":["Exordium","TheCity"],"potions_floor_usage":[6,8,10,14,16,23,23,25],"damage_taken":[{"damage":0,"enemies":"Cultist","floor":1,"turns":1},{"damage":0,"enemies":"Small Slimes","floor":4,"turns":1},{"damage":0,"enemies":"Lagavulin","floor":6,"turns":1},{"damage":0,"enemies":"2 Louse","floor":7,"turns":2},{"damage":14,"enemies":"Gremlin Nob","floor":8,"turns":3},{"damage":0,"enemies":"3 Sentries","floor":10,"turns":5},{"damage":25,"enemies":"Gremlin Nob","floor":12,"turns":4},{"damage":9,"enemies":"3 Sentries","floor":14,"turns":4},{"damage":16,"enemies":"The Guardian","floor":16,"turns":9},{"damage":0,"enemies":"Shell Parasite","floor":18,"turns":5},{"damage":5,"enemies":"Chosen","floor":20,"turns":5},{"damage":0,"enemies":"Snecko","floor":21,"turns":3},{"damage":63,"enemies":"Book of Stabbing","floor":23,"turns":6},{"damage":12,"enemies":"conspire:MimicChest","floor":25,"turns":8},{"damage":7,"enemies":"Gremlin Leader","floor":27,"turns":3}],"seed_played":"687861554719749361","potions_obtained":[{"floor":1,"key":"DuplicationPotion"},{"floor":4,"key":"SkillPotion"},{"floor":8,"key":"Block Potion"},{"floor":12,"key":"DistilledChaos"},{"floor":14,"key":"AttackPotion"},{"floor":17,"key":"BlessingOfTheForge"},{"floor":18,"key":"FearPotion"},{"floor":23,"key":"Swift Potion"}],"is_trial":false,"path_per_floor":["M","$","T","M","$","E","M","E","T","E","?","E","R","E","R","B",null,"M","$","M","M","$","E","R","?","T","E"],"character_chosen":"WATCHER","items_purchased":["Conclude+1","conspire:GlowingRock","Pantograph"],"campfire_rested":0,"item_purchase_floors":[5,19,19],"current_hp_per_floor":[72,72,72,72,72,72,72,58,58,58,51,26,26,17,17,1,77,77,77,72,72,77,14,14,2,2,0,0],"gold":118,"neow_bonus":"THREE_ENEMY_KILL","is_daily":false,"chose_seed":false,"campfire_upgraded":3,"win_rate":0.0,"timestamp":1613171058,"path_taken":["M","$","?","M","$","E","M","E","T","E","?","E","R","E","R","BOSS","M","$","M","M","$","E","R","?","T","E"],"items_purchased_type":["Card","Relic","Relic"],"build_version":"2020-12-22","purchased_purges":1,"victory":false,"max_hp_per_floor":[72,72,72,72,72,72,72,72,72,72,72,72,72,72,72,72,77,77,77,77,77,77,77,77,77,77,77,77],"card_choices":[{"not_picked":["EmptyBody","WindmillStrike"],"picked":"PathToVictory","floor":1},{"not_picked":["Adaptation","FlyingSleeves"],"picked":"FlurryOfBlows","floor":4},{"not_picked":["FlurryOfBlows","SashWhip"],"picked":"PathToVictory","floor":6},{"not_picked":["Crescendo","Replay:AtTheReady"],"picked":"Consecrate","floor":7},{"not_picked":["Consecrate","Replay:BluntJabs"],"picked":"Prostrate","floor":8},{"not_picked":["WheelKick","Indignation"],"picked":"Protect","floor":10},{"not_picked":["Indignation","Blasphemy"],"picked":"Replay:LoomingThreat","floor":12},{"not_picked":["FlurryOfBlows","Fasting2"],"picked":"ClearTheMind","floor":14},{"not_picked":["Vault","ConjureBlade"],"picked":"SpiritShield","floor":16},{"not_picked":["SignatureMove","Collect"],"picked":"FlurryOfBlows","floor":17},{"not_picked":["SignatureMove","Replay:ManipulateFuture"],"picked":"BowlingBash+1","floor":18},{"not_picked":["TalkToTheHand","WaveOfTheHand"],"picked":"CutThroughFate+1","floor":20},{"not_picked":["CutThroughFate","Evaluate"],"picked":"Replay:AtTheReady+1","floor":21},{"not_picked":["WaveOfTheHand","BattleHymn"],"picked":"FearNoEvil","floor":23},{"not_picked":["SandsOfTime","Evaluate"],"picked":"Halt","floor":25}],"player_experience":253850,"relics_obtained":[{"floor":6,"key":"MawBank"},{"floor":8,"key":"MealTicket"},{"floor":9,"key":"Replay:Bottled Flurry"},{"floor":10,"key":"Art of War"},{"floor":12,"key":"Orichalcum"},{"floor":14,"key":"Mirror"},{"floor":23,"key":"ReplayFunnel"},{"floor":25,"key":"Omamori"},{"floor":26,"key":"infinitespire:Satchel"}],"event_choices":[],"is_beta":false,"boss_relics":[{"not_picked":["Busted Crown","Replay:Bronze Core"],"picked":"Tiny House"}],"items_purged_floors":[2],"is_endless":false,"potions_floor_spawned":[1,4,8,12,14,18,23],"killed_by":"Gremlin Leader","ascension_level":1}}