{"host":"yans4pr1zf0lm9bx","time":1613152955,"event":{"mods":["AchievementEnabler","BaseMod","Minty Spire (QoL Compilation)","StSLib","SuperFastMode","slay the spire mod where everything is the same but ironclad has a cowboy hat"],"gold_per_floor":[109,128,128,1,1,1,36,36,36,36,59,72,103,103,103,103,103],"floor_reached":16,"language":"ENG","playtime":535,"items_purged":["Strike_R"],"score":160,"play_id":"31c25a5e-ae86-4576-ae08-8f27e956b2bd","local_time":"20210212130235","is_ascension_mode":true,"campfire_choices":[{"data":"Flex","floor":6,"key":"SMITH"},{"data":"Warcry","floor":15,"key":"SMITH"}],"circlet_count":0,"master_deck":["Strike_R","Strike_R+1","Strike_R","Defend_R","Defend_R","Defend_R","Defend_R","Bash+1","Heavy Blade","Flex+1","Warcry+1","Power Through","Dark Embrace","Twin Strike"],"relics":["Burning Blood","Blood Vial","Golden Idol","Unceasing Top","Smiling Mask","Sundial","Pear"],"acts_visited":["Exordium"],"potions_floor_usage":[13,13],"damage_taken":[{"damage":1,"enemies":"Cultist","floor":1,"turns":4},{"damage":12,"enemies":"Small Slimes","floor":2,"turns":3},{"damage":30,"enemies":"Lagavulin","floor":7,"turns":6},{"damage":2,"enemies":"2 Louse","floor":11,"turns":2},{"damage":11,"enemies":"Blue Slaver","floor":12,"turns":4},{"damage":8,"enemies":"3 Sentries","floor":13,"turns":11},{"damage":35,"enemies":"Hexaghost","floor":16,"turns":7}],"seed_played":"-5246024655608282751","potions_obtained":[{"floor":11,"key":"SpeedPotion"},{"floor":12,"key":"HeartOfIron"},{"floor":13,"key":"FearPotion"}],"is_trial":false,"path_per_floor":["M","M","?","$","?","R","E","T","T","?","M","M","E","?","R","B"],"character_chosen":"IRONCLAD","items_purchased":["Flex"],"campfire_rested":0,"item_purchase_floors":[4],"current_hp_per_floor":[80,74,54,54,59,59,37,37,37,20,26,23,33,33,33,0,0],"gold":103,"neow_bonus":"RANDOM_COMMON_RELIC","is_daily":false,"chose_seed":false,"campfire_upgraded":2,"win_rate":0.0,"timestamp":1613152955,"path_taken":["M","?","?","$","?","R","E","?","T","?","M","?","E","?","R","BOSS"],"items_purchased_type":["Card"],"build_version":"2020-12-22","purchased_purges":1,"victory":false,"max_hp_per_floor":[80,80,80,80,85,85,85,85,85,85,85,85,95,95,95,95,95],"card_choices":[{"not_picked":["True Grit","Body Slam"],"picked":"Heavy Blade","floor":1},{"not_picked":["Wild Strike","Cleave","Perfected Strike"],"picked":"SKIP","floor":2},{"not_picked":["Thunderclap","Heavy Blade"],"picked":"Warcry","floor":7},{"not_picked":["Carnage","Sword Boomerang"],"picked":"Power Through","floor":11},{"not_picked":["Body Slam","Clash"],"picked":"Dark Embrace","floor":12},{"not_picked":["Immolate","Bludgeon"],"picked":"Twin Strike","floor":13}],"player_experience":294405,"relics_obtained":[{"floor":7,"key":"Unceasing Top"},{"floor":8,"key":"Smiling Mask"},{"floor":9,"key":"Sundial"},{"floor":13,"key":"Pear"}],"event_choices":[{"damage_healed":0,"gold_gain":0,"player_choice":"Take Damage","damage_taken":20,"relics_obtained":["Golden Idol"],"max_hp_gain":0,"max_hp_loss":0,"event_name":"Golden Idol","floor":3,"gold_loss":0},{"damage_healed":0,"gold_gain":0,"player_choice":"Donut","damage_taken":0,"max_hp_gain":5,"max_hp_loss":0,"event_name":"Big Fish","floor":5,"gold_loss":0},{"damage_healed":0,"gold_gain":0,"player_choice":"Entered Light","damage_taken":17,"max_hp_gain":0,"max_hp_loss":0,"event_name":"Shining Light","floor":10,"gold_loss":0,"cards_upgraded":["Bash","Strike_R"]},{"cards_removed":["Strike_R"],"damage_healed":0,"gold_gain":0,"player_choice":"Forget","damage_taken":0,"max_hp_gain":0,"max_hp_loss":0,"event_name":"Living Wall","floor":14,"gold_loss":0}],"is_beta":false,"boss_relics":[],"items_purged_floors":[4],"is_endless":false,"potions_floor_spawned":[11,12,13],"killed_by":"Hexaghost","ascension_level":5}}