{"host":"sgalrwzurqh5k0u2","time":1613143978,"event":{"mods":["BaseMod","Colored Powertips","Downfall","Lobotomy","Marisa£®ÏF”Í°°ƒß¿Ì…≥£©","Minty Spire (QoL Compilation)","Replay The Spire","StSLib"],"gold_per_floor":[110,110,110,61,61,61,71,89,143,143,218,64,79,98,98,198,198,217,217,217,298,310,322,349,374,386,323,348,360,385,3,3,98,98,115,129,129,129,0,0,15,65,135,183,3,3,22,22,22,117,117,131,144,5,5,5,17,36,52,52,66,66,129,0,10,10,107,107,426,426,426,26,46,46,62,62,90,90,90,106,106,47,47,148,148,166,182,232,232,46,46,64,126,155,155,155,377,377,393,393,505,505,518,581,12,75,75,75,89,104,139,153,92,107,107,118,118,230,230,241,250,175,211,86,86,86,86,130,145,159,159,159,43,43,143,143,159,159,174,201,423,423,454,504,537,537,426,444,394,410,410,508,508,524,599,38,38,38,38,138,178,178,178],"floor_reached":162,"language":"ZHS","playtime":6604,"items_purged":["Blur","Battle Trance"],"score":4492,"play_id":"506ae8fc-62f9-4e2e-87ba-f5b63a97ab26","local_time":"20210212233258","daily_mods":["SealedDeck","Specialized","Vintage","Allstar","Diverse","Heirloom","Time Dilation","Flight"],"is_ascension_mode":false,"campfire_choices":[{"data":"DevaForm","floor":6.0,"key":"SMITH"},{"data":"Double Energy","floor":10.0,"key":"SMITH"},{"data":"Dual Wield","floor":15.0,"key":"SMITH"},{"floor":23.0,"key":"REST"},{"data":"1","floor":32.0,"key":"LIFT"},{"data":"2","floor":40.0,"key":"LIFT"},{"floor":49.0,"key":"REST"},{"data":"Die Die Die","floor":66.0,"key":"SMITH"},{"data":"3","floor":74.0,"key":"LIFT"},{"data":"Infinite Blades","floor":83.0,"key":"SMITH"},{"floor":95.0,"key":"DIG"},{"floor":98.0,"key":"DIG"},{"floor":100.0,"key":"DIG"},{"floor":108.0,"key":"DIG"},{"floor":117.0,"key":"DIG"},{"floor":125.0,"key":"DIG"},{"floor":134.0,"key":"DIG"},{"data":"Echo Form","floor":142.0,"key":"SMITH"},{"data":"Burst","floor":146.0,"key":"SMITH"},{"floor":151.0,"key":"REST"},{"floor":159,"key":"DIG"}],"circlet_count":8,"master_deck":["Demon Form","Echo Form+1","DevaForm+1","Bouncing Flask+1","Bouncing Flask+1","Sucker Punch+1","Finisher","Hologram","Cold Snap+1","Blade Dance+1","Calculated Gamble","Double Energy+1","Steam","Infinite Blades+1","Dual Wield+1","Die Die Die+1","Double Energy+1","Prepared","Phantasmal Killer","Enlightenment","Transmutation","Mind Blast+1","Armaments","Madness","Madness","Double Tap","Dramatic Entrance+1","Double Tap","Dual Wield","Double Energy+1","Necronomicurse","Burst+1","Metamorphosis+1","Thinking Ahead","Madness","Madness","Sword Boomerang+1","Fiend Fire+1","Double Energy+1","Expertise+1","Double Energy+1","Adrenaline+1","Flash of Steel+1","Flash of Steel+1","Transmutation+1","Madness+1","Madness+1","MilkyWay+1"],"relics":["Burning Blood","Champion Belt","HornCleat","Regal Pillow","Bottled Tornado","Bag of Marbles","Juzu Bracelet","Tiny Chest","Smiling Mask","Red Skull","Runic Pyramid","Matryoshka","Enchiridion","MawBank","War Paint","Letter Opener","Girya","The Courier","Meat on the Bone","Ornamental Fan","Bottled Flame","Pocketwatch","Turnip","Happy Flower","Philosopher\u0027s Stone","Darkstone Periapt","Lantern","Molten Egg 2","Red Mask","FossilizedHelix","Unceasing Top","StrikeDummy","Whetstone","Membership Card","Akabeko","Potion Belt","SacredBark","Mercury Hourglass","PreservedInsect","Orichalcum","Vajra","WarpedTongs","Blue Candle","MealTicket","Singing Bowl","Centennial Puzzle","Magic Flower","Bottled Lightning","Kunai","Sozu","Old Coin","Mango","Blood Vial","Strawberry","InkBottle","Art of War","Self Forming Clay","Necronomicon","Omamori","Calling Bell","Oddly Smooth Stone","Gremlin Horn","Prayer Wheel","Bag of Preparation","Eternal Feather","Lizard Tail","CeramicFish","Torii","Shovel","Shuriken","Bronze Scales","Incense Burner","Thread and Needle","Empty Cage","Nunchaku","Strange Spoon","Du-Vu Doll","Pen Nib","Mummified Hand","Pear","Bird Faced Urn","Toxic Egg 2","Dream Catcher","Anchor","Ice Cream","Pantograph","ClockworkSouvenir","Calipers","Paper Frog","Question Card","Snecko Eye","Ginger","Circlet","CaptainsWheel","Gambling Chip","Charon\u0027s Ashes","HandDrill","Runic Dome","Sling","Black Star","White Beast Statue","Medical Kit","Boot","Frozen Egg 2","Sundial","TungstenRod","StoneCalendar","BranchBurnRelic"],"acts_visited":[],"potions_floor_usage":[],"damage_taken":[{"damage":11.0,"enemies":"Jaw Worm","floor":1.0,"turns":2.0},{"damage":1.0,"enemies":"2 Louse","floor":7.0,"turns":2.0},{"damage":0.0,"enemies":"Cultist","floor":8.0,"turns":2.0},{"damage":4.0,"enemies":"2 Fungi Beasts","floor":13.0,"turns":3.0},{"damage":0.0,"enemies":"Large Slime","floor":14.0,"turns":4.0},{"damage":39.0,"enemies":"Slime Boss","floor":16.0,"turns":11.0},{"damage":12.0,"enemies":"3 Byrds","floor":18.0,"turns":5.0},{"damage":8.0,"enemies":"2 Thieves","floor":24.0,"turns":2.0},{"damage":3.0,"enemies":"Sentry and Sphere","floor":25.0,"turns":4.0},{"damage":16.0,"enemies":"Snake Plant","floor":28.0,"turns":3.0},{"damage":6.0,"enemies":"Centurion and Healer","floor":30.0,"turns":2.0},{"damage":4.0,"enemies":"Automaton","floor":33.0,"turns":5.0},{"damage":0.0,"enemies":"3 Shapes","floor":35.0,"turns":1.0},{"damage":12.0,"enemies":"Orb Walker","floor":36.0,"turns":3.0},{"damage":6.0,"enemies":"Jaw Worm Horde","floor":41.0,"turns":3.0},{"damage":4.0,"enemies":"Mind Bloom Boss Battle","floor":42.0,"turns":4.0},{"damage":9.0,"enemies":"4 Shapes","floor":47.0,"turns":2.0},{"damage":21.0,"enemies":"Donu and Deca","floor":50.0,"turns":5.0},{"damage":0.0,"enemies":"Jaw Worm","floor":52.0,"turns":1.0},{"damage":0.0,"enemies":"2 Louse","floor":53.0,"turns":1.0},{"damage":0.0,"enemies":"Small Slimes","floor":57.0,"turns":1.0},{"damage":3.0,"enemies":"Gremlin Gang","floor":58.0,"turns":1.0},{"damage":0.0,"enemies":"Exordium Thugs","floor":59.0,"turns":1.0},{"damage":0.0,"enemies":"2 Fungi Beasts","floor":61.0,"turns":1.0},{"damage":0.0,"enemies":"3 Louse","floor":65.0,"turns":1.0},{"damage":29.0,"enemies":"The Guardian","floor":67.0,"turns":4.0},{"damage":0.0,"enemies":"2 Thieves","floor":69.0,"turns":1.0},{"damage":0.0,"enemies":"3 Byrds","floor":73.0,"turns":1.0},{"damage":0.0,"enemies":"Shelled Parasite and Fungi","floor":75.0,"turns":1.0},{"damage":0.0,"enemies":"Slavers","floor":77.0,"turns":1.0},{"damage":0.0,"enemies":"Snake Plant","floor":80.0,"turns":1.0},{"damage":0.0,"enemies":"Champ","floor":84.0,"turns":2.0},{"damage":3.0,"enemies":"3 Shapes","floor":86.0,"turns":1.0},{"damage":0.0,"enemies":"Orb Walker","floor":87.0,"turns":1.0},{"damage":2.0,"enemies":"Mind Bloom Boss Battle","floor":88.0,"turns":2.0},{"damage":0.0,"enemies":"2 Orb Walkers","floor":93.0,"turns":1.0},{"damage":0.0,"enemies":"Nemesis","floor":94.0,"turns":1.0},{"damage":9.0,"enemies":"4 Shapes","floor":99.0,"turns":1.0},{"damage":44.0,"enemies":"Time Eater","floor":101.0,"turns":5.0},{"damage":2.0,"enemies":"Small Slimes","floor":103.0,"turns":1.0},{"damage":0.0,"enemies":"Gremlin Nob","floor":106.0,"turns":1.0},{"damage":0.0,"enemies":"2 Louse","floor":109.0,"turns":1.0},{"damage":0.0,"enemies":"Cultist","floor":110.0,"turns":1.0},{"damage":0.0,"enemies":"Lagavulin","floor":111.0,"turns":1.0},{"damage":0.0,"enemies":"Red Slaver","floor":112.0,"turns":1.0},{"damage":0.0,"enemies":"Blue Slaver","floor":114.0,"turns":1.0},{"damage":0.0,"enemies":"Exordium Wildlife","floor":116.0,"turns":1.0},{"damage":0.0,"enemies":"Hexaghost","floor":118.0,"turns":2.0},{"damage":0.0,"enemies":"3 Byrds","floor":120.0,"turns":1.0},{"damage":0.0,"enemies":"Masked Bandits","floor":123.0,"turns":1.0},{"damage":0.0,"enemies":"Slavers","floor":128.0,"turns":1.0},{"damage":0.0,"enemies":"2 Thieves","floor":129.0,"turns":1.0},{"damage":0.0,"enemies":"Chosen and Byrds","floor":130.0,"turns":1.0},{"damage":1.0,"enemies":"Champ","floor":135.0,"turns":2.0},{"damage":0.0,"enemies":"3 Shapes","floor":137.0,"turns":1.0},{"damage":0.0,"enemies":"Orb Walker","floor":139.0,"turns":1.0},{"damage":0.0,"enemies":"Reptomancer","floor":143.0,"turns":1.0},{"damage":0.0,"enemies":"Mind Bloom Boss Battle","floor":144.0,"turns":1.0},{"damage":0.0,"enemies":"Giant Head","floor":145.0,"turns":2.0},{"damage":0.0,"enemies":"Sphere and 2 Shapes","floor":150.0,"turns":1.0},{"damage":43.0,"enemies":"Awakened One","floor":152.0,"turns":4.0},{"damage":0.0,"enemies":"Cultist","floor":154.0,"turns":1.0},{"damage":0,"enemies":"3 Sentries","floor":161,"turns":1},{"damage":0,"enemies":"Lagavulin","floor":162,"turns":1}],"seed_played":"-223340667823421427","potions_obtained":[{"floor":8.0,"key":"Block Potion"},{"floor":13.0,"key":"Ancient Potion"},{"floor":24.0,"key":"CultistPotion"},{"floor":42.0,"key":"Weak Potion"},{"floor":47.0,"key":"AttackPotion"},{"floor":53.0,"key":"Weak Potion"},{"floor":57.0,"key":"Energy Potion"},{"floor":58.0,"key":"Regen Potion"}],"is_trial":true,"path_per_floor":["M","?","?","$","T","R","M","M","T","R","?","$","M","M","R","B",null,"M","?","?","T","$","R","M","M","T","?","M","?","M","$","R","B",null,"M","M","T","?","?","R","M","?","T","T","$","?","M","?","R","B",null,"M","M","$","?","?","M","M","M","T","M","?","?","$","M","R","B",null,"M","?","?","$","M","R","M","?","E","?","?","M","?","$","R","B",null,"M","M","?","?","$","?","?","?","E","R","?","?","R","M","R","B",null,"M","?","$","?","?","R","M","M","E","M","$","M","?","M","R","B",null,"M","?","?","?","$","R","?","?","E","M","M","?","?","$","R","B",null,"M","?","M","?","?","R","E","?","E","R","$","?","$","M","R","B",null,"M","?","$","$","?","R","?","E","E"],"character_chosen":"IRONCLAD","items_purchased":["Steam","Infinite Blades","Dual Wield","Turnip","Happy Flower","Prepared","Membership Card","Akabeko","Orichalcum","Vajra","Quick Slash+1","Bottled Lightning","Dramatic Entrance+1","Madness","Mango","Blood Vial","Dead Branch","Strawberry","Omamori","CeramicFish","Torii","Strange Spoon","Du-Vu Doll","Pen Nib","Mummified Hand","Pear","Bird Faced Urn","ClockworkSouvenir","CaptainsWheel","HandDrill","Adrenaline+1","Sling","Medical Kit","Boot","Frozen Egg 2","Sundial","TungstenRod","StoneCalendar"],"campfire_rested":3,"item_purchase_floors":[4,12,12,31,31,31,45,45,54,54,54,64,64,72,72,72,72,72,82,90,90,105,105,105,105,105,105,113,124,133,133,147,156,156,156,156,156,156],"current_hp_per_floor":[75,75,72,72,72,72,77,80,80,80,69,69,71,77,77,44,80,74,58,58,58,58,80,78,80,80,80,70,70,70,70,70,72,80,80,74,74,64,64,64,64,66,66,66,66,66,63,53,80,65,80,80,80,80,80,86,86,86,86,86,86,91,91,91,91,91,71,91,91,91,91,112,112,112,112,112,114,114,90,102,92,107,107,119,125,125,125,127,119,129,129,113,125,131,131,131,131,131,131,131,96,131,131,131,141,143,143,143,143,143,145,145,145,145,145,145,145,145,145,145,145,145,145,145,145,145,131,145,145,145,145,155,155,155,157,157,157,142,157,147,147,157,159,161,163,163,163,143,158,163,165,139,167,167,156,163,167,167,167,167,167,167,167],"gold":178,"neow_bonus":"","is_daily":false,"chose_seed":false,"campfire_upgraded":7,"win_rate":0.0,"timestamp":1613143978,"path_taken":["M","?","?","?","?","R","?","M","T","R","?","$","M","M","R","BOSS","M","?","?","?","?","R","M","M","T","?","M","?","M","$","R","BOSS","M","M","?","?","?","R","M","?","T","?","$","?","M","?","R","BOSS","M","M","$","?","?","M","M","M","T","M","?","?","$","M","R","BOSS","M","?","?","$","M","R","M","?","E","?","?","M","?","?","R","BOSS","M","M","?","?","$","?","?","?","E","R","?","?","R","M","R","BOSS","M","?","$","?","?","R","M","M","E","M","$","M","?","M","R","BOSS","M","?","?","?","$","R","?","?","E","M","M","?","?","$","R","BOSS","M","?","M","?","?","R","E","?","E","R","$","?","$","M","R","BOSS","M","?","$","$","?","R","?","E","E"],"items_purchased_type":["Card","Card","Card","Relic","Relic","Card","Relic","Relic","Relic","Relic","Card","Relic","Card","Card","Relic","Relic","Relic","Relic","Relic","Relic","Relic","Relic","Relic","Relic","Relic","Relic","Relic","Relic","Relic","Relic","Card","Relic","Relic","Relic","Relic","Relic","Relic","Relic"],"build_version":"2020-12-22","purchased_purges":2,"victory":false,"max_hp_per_floor":[80,80,80,80,80,80,80,80,80,80,80,80,80,80,80,80,80,80,80,80,80,80,80,80,80,80,80,80,80,80,80,80,80,80,80,80,80,80,80,80,80,80,80,80,80,80,80,80,80,80,80,80,80,80,80,86,86,86,86,86,86,91,91,91,91,91,91,91,91,91,91,112,112,112,112,112,114,114,119,119,125,125,125,125,125,125,125,127,129,129,129,129,129,131,131,131,131,131,131,131,131,131,131,131,141,143,143,143,143,143,145,145,145,145,145,145,145,145,145,145,145,145,145,145,145,145,145,145,145,145,145,155,155,155,157,157,157,157,157,157,157,157,159,161,163,163,163,163,163,163,165,167,167,167,167,167,167,167,167,167,167,167,167],"card_choices":[{"not_picked":["Fission","Malaise"],"picked":"Die Die Die","floor":16.0},{"not_picked":["Brutality","Seek"],"picked":"Phantasmal Killer","floor":33.0},{"not_picked":["Deep Breath","Madness"],"picked":"Enlightenment","floor":38.0},{"not_picked":["Finesse","Trip"],"picked":"Transmutation","floor":38.0},{"not_picked":["Thinking Ahead","Deep Breath"],"picked":"Mind Blast+1","floor":38.0},{"not_picked":["Bane+1","Leg Sweep+1"],"picked":"Armaments","floor":42.0},{"not_picked":["Malaise","Exhume"],"picked":"Double Tap","floor":50.0},{"not_picked":["Malaise","Reboot"],"picked":"Double Tap","floor":67.0},{"not_picked":["Pommel Strike+1","Cloak And Dagger","Scrape+1"],"picked":"Singing Bowl","floor":77.0},{"not_picked":["Buffer","Offering"],"picked":"Burst","floor":84.0},{"not_picked":["Turbo","Pommel Strike+1","Shrug It Off+1"],"picked":"Singing Bowl","floor":88.0},{"not_picked":["Forethought","Enlightenment","Good Instincts"],"picked":"Singing Bowl","floor":89.0},{"not_picked":["Finesse","Deep Breath"],"picked":"Metamorphosis","floor":89.0},{"not_picked":["Trip","PanicButton"],"picked":"Thinking Ahead","floor":89.0},{"not_picked":["Predator+1","Slice+1"],"picked":"Sword Boomerang+1","floor":93.0},{"not_picked":["Backflip+1","Sucker Punch+1","Body Slam+1"],"picked":"Singing Bowl","floor":94.0},{"not_picked":["Bullet Time","Unload+1"],"picked":"Fiend Fire+1","floor":101.0},{"not_picked":["Acrobatics+1","Outmaneuver+1","Prepared+1"],"picked":"Singing Bowl","floor":106.0},{"not_picked":["Barrage+1","Cloak And Dagger+1","Cold Snap+1"],"picked":"Singing Bowl","floor":111.0},{"not_picked":["Grand Finale+1","Tools of the Trade","Demon Form"],"picked":"Envenom","floor":118.0},{"not_picked":["Sucker Punch+1","Blizzard+1","Sword Boomerang+1"],"picked":"Expertise+1","floor":123.0},{"not_picked":["FTL+1","Defragment","Barricade"],"picked":"Double Energy+1","floor":128.0},{"not_picked":["Unload+1","Night Terror+1","Tools of the Trade","Doppelganger+1"],"picked":"Singing Bowl","floor":135.0},{"not_picked":["Forethought+1","Finesse+1","Good Instincts+1"],"picked":"Flash of Steel+1","floor":140.0},{"not_picked":["Good Instincts+1","Purity+1","Deep Breath+1"],"picked":"Flash of Steel+1","floor":140.0},{"not_picked":["Swift Strike+1","Discovery+1","Sadistic Nature"],"picked":"Transmutation+1","floor":140.0},{"not_picked":["Perfected Strike+1","A Thousand Cuts","Gash+1","Clash+1"],"picked":"Singing Bowl","floor":143.0},{"not_picked":["PiercingWail+1","Deadly Poison+1","Coolheaded+1","Feed+1"],"picked":"Singing Bowl","floor":144.0},{"not_picked":["Heel Hook+1","Barrage+1","Blood for Blood+1","Sever Soul+1"],"picked":"Singing Bowl","floor":145.0},{"not_picked":["Twin Strike+1","Anger+1","Deflect+1","Thunderclap+1"],"picked":"Singing Bowl","floor":151.0},{"not_picked":["Night Terror+1","All For One+1","Creative AI","Envenom"],"picked":"Singing Bowl","floor":152.0},{"not_picked":["Stack+1","Barrage+1","Rebound+1"],"picked":"MilkyWay+1","floor":161}],"player_experience":7527,"relics_obtained":[{"floor":1.0,"key":"HornCleat"},{"floor":5.0,"key":"Bottled Tornado"},{"floor":7.0,"key":"Bag of Marbles"},{"floor":8.0,"key":"Juzu Bracelet"},{"floor":9.0,"key":"Tiny Chest"},{"floor":13.0,"key":"Smiling Mask"},{"floor":14.0,"key":"Red Skull"},{"floor":18.0,"key":"Matryoshka"},{"floor":19.0,"key":"Enchiridion"},{"floor":21.0,"key":"War Paint"},{"floor":21.0,"key":"Letter Opener"},{"floor":24.0,"key":"Girya"},{"floor":25.0,"key":"The Courier"},{"floor":26.0,"key":"Meat on the Bone"},{"floor":26.0,"key":"Ornamental Fan"},{"floor":28.0,"key":"Bottled Flame"},{"floor":30.0,"key":"Pocketwatch"},{"floor":35.0,"key":"Darkstone Periapt"},{"floor":36.0,"key":"Lantern"},{"floor":37.0,"key":"Molten Egg 2"},{"floor":41.0,"key":"FossilizedHelix"},{"floor":42.0,"key":"Unceasing Top"},{"floor":43.0,"key":"StrikeDummy"},{"floor":44.0,"key":"Whetstone"},{"floor":47.0,"key":"Potion Belt"},{"floor":52.0,"key":"Mercury Hourglass"},{"floor":53.0,"key":"PreservedInsect"},{"floor":57.0,"key":"Blue Candle"},{"floor":58.0,"key":"MealTicket"},{"floor":59.0,"key":"Singing Bowl"},{"floor":60.0,"key":"Centennial Puzzle"},{"floor":61.0,"key":"Magic Flower"},{"floor":65.0,"key":"Kunai"},{"floor":69.0,"key":"Old Coin"},{"floor":73.0,"key":"InkBottle"},{"floor":75.0,"key":"Art of War"},{"floor":80.0,"key":"Self Forming Clay"},{"floor":81.0,"key":"Necronomicon"},{"floor":85.0,"key":"Oddly Smooth Stone"},{"floor":85.0,"key":"Gremlin Horn"},{"floor":85.0,"key":"Prayer Wheel"},{"floor":86.0,"key":"Bag of Preparation"},{"floor":87.0,"key":"Eternal Feather"},{"floor":88.0,"key":"Lizard Tail"},{"floor":93.0,"key":"Shovel"},{"floor":95.0,"key":"Shuriken"},{"floor":98.0,"key":"Bronze Scales"},{"floor":99.0,"key":"Incense Burner"},{"floor":100.0,"key":"Thread and Needle"},{"floor":103.0,"key":"Nunchaku"},{"floor":108.0,"key":"Dream Catcher"},{"floor":109.0,"key":"Anchor"},{"floor":110.0,"key":"Ice Cream"},{"floor":112.0,"key":"Pantograph"},{"floor":114.0,"key":"Calipers"},{"floor":116.0,"key":"Paper Frog"},{"floor":117.0,"key":"Question Card"},{"floor":120.0,"key":"Ginger"},{"floor":123.0,"key":"Circlet"},{"floor":125.0,"key":"Gambling Chip"},{"floor":129.0,"key":"Charon\u0027s Ashes"},{"floor":130.0,"key":"Circlet"},{"floor":134.0,"key":"Circlet"},{"floor":137.0,"key":"Circlet"},{"floor":139.0,"key":"Circlet"},{"floor":144.0,"key":"Circlet"},{"floor":150.0,"key":"Circlet"},{"floor":154.0,"key":"White Beast Statue"},{"floor":159,"key":"Circlet"}],"event_choices":[{"damage_healed":0.0,"max_hp_gain":0.0,"max_hp_loss":0.0,"gold_gain":0.0,"event_name":"Living Wall","player_choice":"Grow","floor":2.0,"gold_loss":0.0,"damage_taken":0.0,"cards_upgraded":["Blade Dance"]},{"damage_healed":0.0,"max_hp_gain":0.0,"max_hp_loss":0.0,"gold_gain":0.0,"event_name":"Scrap Ooze","player_choice":"Success","floor":3.0,"gold_loss":0.0,"damage_taken":3.0,"relics_obtained":["Regal Pillow"]},{"damage_healed":0.0,"max_hp_gain":0.0,"max_hp_loss":0.0,"gold_gain":75.0,"event_name":"World of Goop","player_choice":"Gather Gold","floor":11.0,"gold_loss":0.0,"damage_taken":11.0},{"damage_healed":0.0,"max_hp_gain":0.0,"max_hp_loss":0.0,"gold_gain":0.0,"event_name":"Cursed Tome","player_choice":"Obtained Book","floor":19.0,"gold_loss":0.0,"damage_taken":16.0},{"damage_healed":0.0,"max_hp_gain":0.0,"max_hp_loss":0.0,"gold_gain":0.0,"event_name":"The Mausoleum","player_choice":"Opened","floor":20.0,"gold_loss":0.0,"damage_taken":0.0,"relics_obtained":["MawBank"]},{"cards_removed":["Bouncing Flask"],"damage_healed":0.0,"max_hp_gain":0.0,"max_hp_loss":0.0,"gold_gain":0.0,"event_name":"Beggar","player_choice":"Gave Gold","floor":27.0,"gold_loss":75.0,"damage_taken":0.0},{"damage_healed":0.0,"max_hp_gain":0.0,"max_hp_loss":0.0,"gold_gain":0.0,"event_name":"Duplicator","player_choice":"Copied","floor":29.0,"gold_loss":0.0,"damage_taken":0.0,"cards_obtained":["Double Energy"]},{"damage_healed":0.0,"max_hp_gain":0.0,"max_hp_loss":0.0,"gold_gain":0.0,"event_name":"SensoryStone","player_choice":"Memory 3","floor":38.0,"gold_loss":0.0,"damage_taken":10.0},{"damage_healed":0.0,"max_hp_gain":0.0,"max_hp_loss":0.0,"gold_gain":0.0,"event_name":"Tomb of Lord Red Mask","player_choice":"Paid","floor":39.0,"gold_loss":129.0,"damage_taken":0.0,"relics_obtained":["Red Mask"]},{"damage_healed":0.0,"max_hp_gain":0.0,"max_hp_loss":0.0,"gold_gain":0.0,"event_name":"MindBloom","player_choice":"Fight","floor":42.0,"gold_loss":0.0,"damage_taken":0.0},{"damage_healed":0.0,"max_hp_gain":0.0,"max_hp_loss":0.0,"gold_gain":0.0,"cards_transformed":["Wraith Form v2"],"event_name":"Transmorgrifier","player_choice":"Transformed","floor":46.0,"gold_loss":0.0,"damage_taken":0.0,"cards_obtained":["Gash"]},{"damage_healed":0.0,"max_hp_gain":0.0,"max_hp_loss":0.0,"gold_gain":0.0,"event_name":"Winding Halls","player_choice":"Embrace Madness","floor":48.0,"gold_loss":0.0,"damage_taken":10.0,"cards_obtained":["Madness","Madness"]},{"damage_healed":0.0,"max_hp_gain":0.0,"max_hp_loss":0.0,"gold_gain":0.0,"event_name":"Liars Game","player_choice":"Ignored","floor":55.0,"gold_loss":0.0,"damage_taken":0.0},{"damage_healed":0.0,"max_hp_gain":0.0,"max_hp_loss":0.0,"gold_gain":0.0,"event_name":"Accursed Blacksmith","player_choice":"Rummage","floor":56.0,"gold_loss":0.0,"damage_taken":0.0,"relics_obtained":["WarpedTongs"],"cards_obtained":["Pain"]},{"damage_healed":0.0,"max_hp_gain":5.0,"max_hp_loss":0.0,"gold_gain":0.0,"event_name":"Big Fish","player_choice":"Donut","floor":62.0,"gold_loss":0.0,"damage_taken":0.0},{"damage_healed":0.0,"max_hp_gain":0.0,"max_hp_loss":0.0,"gold_gain":63.0,"event_name":"Golden Wing","player_choice":"Gained Gold","floor":63.0,"gold_loss":0.0,"damage_taken":0.0},{"cards_removed":["Bouncing Flask"],"damage_healed":0.0,"max_hp_gain":0.0,"max_hp_loss":0.0,"gold_gain":0.0,"event_name":"Back to Basics","player_choice":"Elegance","floor":70.0,"gold_loss":0.0,"damage_taken":0.0},{"damage_healed":0.0,"max_hp_gain":0.0,"max_hp_loss":0.0,"gold_gain":0.0,"event_name":"N\u0027loth","player_choice":"Ignored","floor":71.0,"gold_loss":0.0,"damage_taken":0.0},{"damage_healed":0.0,"max_hp_gain":0.0,"max_hp_loss":0.0,"gold_gain":0.0,"event_name":"The Library","player_choice":"Read","floor":76.0,"gold_loss":0.0,"damage_taken":0.0,"cards_obtained":["Dual Wield"]},{"damage_healed":0.0,"max_hp_gain":0.0,"max_hp_loss":0.0,"gold_gain":0.0,"event_name":"Duplicator","player_choice":"Copied","floor":78.0,"gold_loss":0.0,"damage_taken":0.0,"cards_obtained":["Double Energy"]},{"damage_healed":0.0,"max_hp_gain":5.0,"max_hp_loss":0.0,"gold_gain":0.0,"event_name":"Forgotten Altar","player_choice":"Shed Blood","floor":79.0,"gold_loss":0.0,"damage_taken":29.0},{"damage_healed":0.0,"max_hp_gain":0.0,"max_hp_loss":0.0,"gold_gain":0.0,"event_name":"Cursed Tome","player_choice":"Obtained Book","floor":81.0,"gold_loss":0.0,"damage_taken":16.0},{"damage_healed":0.0,"max_hp_gain":0.0,"max_hp_loss":0.0,"gold_gain":0.0,"event_name":"MindBloom","player_choice":"Fight","floor":88.0,"gold_loss":0.0,"damage_taken":0.0},{"damage_healed":0.0,"max_hp_gain":0.0,"max_hp_loss":0.0,"gold_gain":0.0,"event_name":"SensoryStone","player_choice":"Memory 3","floor":89.0,"gold_loss":0.0,"damage_taken":10.0},{"cards_removed":["Madness"],"damage_healed":0.0,"max_hp_gain":0.0,"max_hp_loss":0.0,"gold_gain":0.0,"event_name":"Bonfire Elementals","player_choice":"Offered Uncommon","floor":91.0,"gold_loss":0.0,"damage_taken":0.0},{"damage_healed":0.0,"max_hp_gain":0.0,"max_hp_loss":0.0,"gold_gain":0.0,"event_name":"Winding Halls","player_choice":"Embrace Madness","floor":92.0,"gold_loss":0.0,"damage_taken":16.0,"cards_obtained":["Madness","Madness"]},{"damage_healed":0.0,"max_hp_gain":0.0,"max_hp_loss":0.0,"gold_gain":0.0,"event_name":"Mysterious Sphere","player_choice":"Fight","floor":93.0,"gold_loss":0.0,"damage_taken":0.0},{"cards_removed":["Quick Slash"],"damage_healed":0.0,"max_hp_gain":0.0,"max_hp_loss":0.0,"gold_gain":0.0,"event_name":"Falling","player_choice":"Removed Attack","floor":96.0,"gold_loss":0.0,"damage_taken":0.0},{"damage_healed":0.0,"max_hp_gain":0.0,"max_hp_loss":0.0,"gold_gain":222.0,"event_name":"Tomb of Lord Red Mask","player_choice":"Wore Mask","floor":97.0,"gold_loss":0.0,"damage_taken":0.0},{"damage_healed":0.0,"max_hp_gain":0.0,"max_hp_loss":0.0,"gold_gain":63.0,"event_name":"Golden Wing","player_choice":"Gained Gold","floor":104.0,"gold_loss":0.0,"damage_taken":0.0},{"damage_healed":0.0,"max_hp_gain":0.0,"max_hp_loss":0.0,"gold_gain":0.0,"event_name":"Dead Adventurer","player_choice":"Searched \u00273\u0027 times","floor":106.0,"gold_loss":0.0,"damage_taken":0.0,"relics_obtained":["Toxic Egg 2"]},{"damage_healed":0.0,"max_hp_gain":0.0,"max_hp_loss":0.0,"gold_gain":0.0,"event_name":"Liars Game","player_choice":"Ignored","floor":107.0,"gold_loss":0.0,"damage_taken":0.0},{"damage_healed":0.0,"max_hp_gain":0.0,"max_hp_loss":0.0,"gold_gain":0.0,"event_name":"Golden Idol","player_choice":"Ignored","floor":115.0,"gold_loss":0.0,"damage_taken":0.0},{"damage_healed":0.0,"max_hp_gain":0.0,"max_hp_loss":0.0,"gold_gain":0.0,"event_name":"Duplicator","player_choice":"Copied","floor":121.0,"gold_loss":0.0,"damage_taken":0.0,"cards_obtained":["Double Energy"]},{"cards_removed":["Pain"],"damage_healed":0.0,"max_hp_gain":0.0,"max_hp_loss":0.0,"gold_gain":0.0,"event_name":"Beggar","player_choice":"Gave Gold","floor":122.0,"gold_loss":75.0,"damage_taken":0.0},{"damage_healed":0.0,"max_hp_gain":0.0,"max_hp_loss":0.0,"gold_gain":0.0,"event_name":"Masked Bandits","player_choice":"Fought Bandits","floor":123.0,"gold_loss":0.0,"damage_taken":0.0},{"damage_healed":48.0,"max_hp_gain":0.0,"max_hp_loss":0.0,"gold_gain":0.0,"event_name":"The Library","player_choice":"Heal","floor":126.0,"gold_loss":0.0,"damage_taken":0.0},{"damage_healed":0.0,"max_hp_gain":0.0,"max_hp_loss":0.0,"gold_gain":0.0,"event_name":"Wheel of Change","player_choice":"Damaged","floor":127.0,"gold_loss":0.0,"damage_taken":14.0},{"cards_removed":["Gash"],"damage_healed":0.0,"max_hp_gain":0.0,"max_hp_loss":0.0,"gold_gain":0.0,"event_name":"Back to Basics","player_choice":"Elegance","floor":131.0,"gold_loss":0.0,"damage_taken":0.0},{"cards_removed":["Envenom"],"damage_healed":0.0,"max_hp_gain":10.0,"max_hp_loss":0.0,"gold_gain":0.0,"event_name":"Bonfire Elementals","player_choice":"Offered Rare","floor":132.0,"gold_loss":0.0,"damage_taken":0.0},{"damage_healed":0.0,"max_hp_gain":0.0,"max_hp_loss":0.0,"gold_gain":0.0,"event_name":"Wheel of Change","player_choice":"Damaged","floor":138.0,"gold_loss":0.0,"damage_taken":15.0},{"damage_healed":0.0,"max_hp_gain":0.0,"max_hp_loss":0.0,"gold_gain":0.0,"event_name":"SensoryStone","player_choice":"Memory 3","floor":140.0,"gold_loss":0.0,"damage_taken":10.0},{"damage_healed":0.0,"max_hp_gain":0.0,"max_hp_loss":0.0,"gold_gain":222.0,"event_name":"Tomb of Lord Red Mask","player_choice":"Wore Mask","floor":141.0,"gold_loss":0.0,"damage_taken":0.0},{"damage_healed":0.0,"max_hp_gain":0.0,"max_hp_loss":0.0,"gold_gain":0.0,"event_name":"MindBloom","player_choice":"Fight","floor":144.0,"gold_loss":0.0,"damage_taken":0.0},{"damage_healed":0.0,"max_hp_gain":0.0,"max_hp_loss":0.0,"gold_gain":0.0,"event_name":"Winding Halls","player_choice":"Embrace Madness","floor":148.0,"gold_loss":0.0,"damage_taken":20.0,"cards_obtained":["Madness","Madness"]},{"damage_healed":0.0,"max_hp_gain":0.0,"max_hp_loss":0.0,"gold_gain":75.0,"event_name":"World of Goop","player_choice":"Gather Gold","floor":155.0,"gold_loss":0.0,"damage_taken":11.0},{"damage_healed":0.0,"max_hp_gain":0.0,"max_hp_loss":0.0,"gold_gain":0.0,"event_name":"Accursed Blacksmith","player_choice":"Forge","floor":158.0,"gold_loss":0.0,"damage_taken":0.0,"cards_upgraded":["Metamorphosis"]},{"damage_healed":0,"gold_gain":100,"player_choice":"Pray","damage_taken":0,"max_hp_gain":0,"max_hp_loss":0,"event_name":"Golden Shrine","floor":160,"gold_loss":0}],"is_beta":false,"boss_relics":[{"not_picked":["Coffee Dripper","Black Blood"],"picked":"Runic Pyramid"},{"not_picked":["Tiny House","Empty Cage"],"picked":"Philosopher\u0027s Stone"},{"not_picked":["Mark of Pain","Cursed Key"],"picked":"SacredBark"},{"not_picked":["Coffee Dripper","Cursed Key"],"picked":"Sozu"},{"not_picked":["Fusion Hammer","Runic Dome"],"picked":"Calling Bell"},{"not_picked":["Velvet Choker","Busted Crown"],"picked":"Empty Cage"},{"not_picked":["Astrolabe","Black Blood"],"picked":"Snecko Eye"},{"not_picked":["Busted Crown","Velvet Choker"],"picked":"Runic Dome"},{"not_picked":["Cursed Key","Runic Cube"],"picked":"Black Star"}],"items_purged_floors":[147,149],"is_endless":true,"potions_floor_spawned":[8,13,24,28,30,42,47,53,57,58,65,73,80,84,86,87,101,103,106,111,112,116,123,128,135,139,143,145,161],"killed_by":"Lagavulin","ascension_level":0}}