{"host":"d52brwsy6af8zvaq","time":1613162568,"event":{"mods":["AchievementEnabler","BaseMod","Bestiary","Highlight Path","Minty Spire (QoL Compilation)","Quick Restart","Relic Stats","ojb\u0027s Better Paths Mod"],"gold_per_floor":[112,122,122,133,29,62,62,74,98,98,20,48,62,76,76,150,150,168,187,6,6,38,38,38],"floor_reached":23,"language":"ENG","playtime":1951,"items_purged":["Strike_B","Strike_B"],"score":402,"play_id":"86d143df-4f9b-45e3-9cd9-00e0362d38e2","local_time":"20210212134248","is_ascension_mode":true,"campfire_choices":[{"data":"Streamline","floor":7,"key":"SMITH"},{"floor":10,"key":"REST"},{"floor":15,"key":"REST"}],"circlet_count":0,"master_deck":["AscendersBane","Strike_B","Strike_B","Defend_B","Defend_B","Defend_B","Defend_B","Zap","Dualcast","Defragment+1","Auto Shields","Static Discharge","Cold Snap","Streamline+1","Barrage","Leap","Reinforced Body","Coolheaded","Conserve Battery","Steam","Creative AI","Turbo","Glacier","Doom and Gloom","Glacier"],"relics":["Cracked Core","Anchor","Art of War","Tiny Chest","Sozu","Red Mask"],"acts_visited":["Exordium","TheCity"],"potions_floor_usage":[14,23],"damage_taken":[{"damage":12.0,"enemies":"Small Slimes","floor":1.0,"turns":4.0},{"damage":0.0,"enemies":"Cultist","floor":2.0,"turns":3.0},{"damage":0.0,"enemies":"Jaw Worm","floor":4.0,"turns":5.0},{"damage":16.0,"enemies":"3 Sentries","floor":6.0,"turns":7.0},{"damage":15,"enemies":"Large Slime","floor":8,"turns":3},{"damage":24,"enemies":"Gremlin Nob","floor":12,"turns":4},{"damage":7,"enemies":"Exordium Thugs","floor":13,"turns":4},{"damage":0,"enemies":"Gremlin Gang","floor":14,"turns":5},{"damage":16,"enemies":"Hexaghost","floor":16,"turns":12},{"damage":12,"enemies":"Shell Parasite","floor":18,"turns":7},{"damage":4,"enemies":"Chosen","floor":19,"turns":5},{"damage":54,"enemies":"Masked Bandits","floor":22,"turns":6},{"damage":6,"enemies":"Gremlin Leader","floor":23,"turns":4}],"seed_played":"-9138815904410203357","potions_obtained":[{"floor":2.0,"key":"Strength Potion"},{"floor":12,"key":"SteroidPotion"},{"floor":14,"key":"PowerPotion"}],"is_trial":false,"path_per_floor":["M","M","?","M","$","E","R","M","T","R","$","E","M","M","R","B",null,"M","M","$","?","?","E"],"character_chosen":"DEFECT","items_purchased":["Streamline","Reinforced Body","Doom and Gloom"],"campfire_rested":2,"item_purchase_floors":[5,11,20],"current_hp_per_floor":[52,52,52,52,52,36,36,21,21,42,42,18,11,11,32,16,57,45,41,41,55,1,0,0],"gold":38,"neow_bonus":"THREE_CARDS","is_daily":false,"chose_seed":false,"campfire_upgraded":1,"win_rate":0.0,"timestamp":1613162568,"path_taken":["M","M","?","M","$","E","R","M","T","R","$","E","M","M","R","BOSS","M","M","$","?","?","E"],"items_purchased_type":["Card","Card","Card"],"build_version":"2020-12-22","purchased_purges":2,"victory":false,"max_hp_per_floor":[71,71,71,71,71,71,71,71,71,71,71,71,71,71,71,71,71,71,71,71,71,71,71,71],"relic_stats":{"Sozu":0,"counters":[13,69],"Tiny Chest":0,"Art of War":[9],"obtain_stats":[{"Sozu":17,"Anchor":6,"Tiny Chest":12,"Art of War":9,"Red Mask":22,"Cracked Core":0},{"Sozu":9,"Anchor":4,"Tiny Chest":6,"Art of War":5,"Red Mask":12,"Cracked Core":0},{"Sozu":47,"Anchor":19,"Tiny Chest":26,"Art of War":22,"Red Mask":65,"Cracked Core":0}]},"card_choices":[{"not_picked":["Blizzard","Static Discharge"],"picked":"Defragment","floor":0.0},{"not_picked":["Coolheaded","Hologram"],"picked":"Auto Shields","floor":1.0},{"not_picked":["Undo","Redo"],"picked":"Static Discharge","floor":2.0},{"not_picked":["Heatsinks","Capacitor"],"picked":"Cold Snap","floor":4.0},{"not_picked":["Rebound","Consume"],"picked":"Barrage","floor":6.0},{"not_picked":["Redo","Compile Driver"],"picked":"Leap","floor":8},{"not_picked":["Stack","Hyperbeam"],"picked":"Coolheaded","floor":12},{"not_picked":["Beam Cell","Sweeping Beam"],"picked":"Conserve Battery","floor":13},{"not_picked":["Hologram","Barrage"],"picked":"Steam","floor":14},{"not_picked":["Meteor Strike","Machine Learning"],"picked":"Creative AI","floor":16},{"not_picked":["Redo","Cold Snap"],"picked":"Turbo","floor":18},{"not_picked":["Skim+1","Lockon"],"picked":"Glacier","floor":19},{"not_picked":["Rebound","Thunder Strike"],"picked":"Glacier","floor":22}],"player_experience":2242971,"relics_obtained":[{"floor":6.0,"key":"Anchor"},{"floor":9,"key":"Art of War"},{"floor":12,"key":"Tiny Chest"},{"floor":22,"key":"Red Mask"}],"event_choices":[{"damage_healed":0.0,"max_hp_gain":0.0,"max_hp_loss":0.0,"gold_gain":0.0,"event_name":"Living Wall","player_choice":"Grow","floor":3.0,"gold_loss":0.0,"damage_taken":0.0,"cards_upgraded":["Defragment"]},{"damage_healed":14,"gold_gain":0,"player_choice":"Heal","damage_taken":0,"max_hp_gain":0,"max_hp_loss":0,"event_name":"The Library","floor":21,"gold_loss":0},{"damage_healed":0,"gold_gain":0,"player_choice":"Fought Bandits","damage_taken":0,"max_hp_gain":0,"max_hp_loss":0,"event_name":"Masked Bandits","floor":22,"gold_loss":0}],"is_beta":false,"boss_relics":[{"not_picked":["Velvet Choker","Ectoplasm"],"picked":"Sozu"}],"items_purged_floors":[5,20],"is_endless":false,"potions_floor_spawned":[2,12,14],"killed_by":"Gremlin Leader","ascension_level":20}}