{"host":"24j0rle15g8q9bc9","time":1613172783,"event":{"mods":["2.2 Compatiblity","Act Like it!","Bartender","BaseMod","Better Note","Colored Map","Colored Powertips","DeckTracker","Downfall","Elementarium","Hallownest","Hubris","Jorbs\u0027s Wanderer Trilogy","Minty Spire (QoL Compilation)","Rare Cards Sparkle","Remilia??????","StSLib","The Bug Knight","The Death Knight","The Necromancer","Treasure Hunter"],"gold_per_floor":[119,119,45,57,57,57,82,82,82,82,117,133,133,143,143,244,294,305,305,316,316,66,92,139,139,139,168,183,221,141,45,45,148,148,162,6,6,6,6,6],"floor_reached":39,"language":"ENG","playtime":3318,"items_purged":[],"score":425,"play_id":"e30ef3d6-e19f-4002-b9a7-86adef7dc7ac","local_time":"20210212193303","is_ascension_mode":false,"campfire_choices":[{"data":"hubris:CleavingFinish","floor":6,"key":"SMITH"},{"data":"Rage","floor":8,"key":"SMITH"},{"data":"TH:CursedSword","floor":15,"key":"SMITH"},{"floor":25,"key":"REST"},{"floor":32,"key":"REST"}],"circlet_count":0,"master_deck":["Strike_R+1","Strike_R","Strike_R+1","Strike_R","Strike_R","Defend_R+1","Defend_R+1","Defend_R","Defend_R","Bash","Dropkick","hubris:CleavingFinish+1","Flex","TH:Mimic","Rage+1","TH:CursedSword+1","Shockwave","Sword Boomerang","Rampage","TH:TreasureMap","Demon Form+1","Twin Strike","Disarm","Anger","hubris:SharpeningStone","Intimidate","Cleave","TH:DeckOfManyThings","Pommel Strike","Hallownest:attackAdjustingAction","Hallownest:skillCityofTearsMap","Feed","Cleave+1","Pride"],"relics":["Burning Blood","Eternal Feather","Boot","War Paint","Gremlin Horn","Meat on the Bone","Tiny House","Hallownest:UnbreakableCardRelic","Cleaning_Rag","Juzu Bracelet","SlaversCollar","Lantern","hubris:Icosahedron"],"acts_visited":["Exordium","Hallownest:Greenpath","Hallownest:CityofTears"],"potions_floor_usage":[11,16,16,16,16,16,18,27,29,29,33,33,33,33,33],"damage_taken":[{"damage":5,"enemies":"Hallownest:2_Baldur","floor":1,"turns":5},{"damage":5,"enemies":"Hallownest:2_MossCreeps","floor":4,"turns":5},{"damage":14,"enemies":"Hallownest:eliteMossKnight","floor":7,"turns":6},{"damage":6,"enemies":"Hallownest:eliteVengeflyKing","floor":11,"turns":9},{"damage":6,"enemies":"Hallownest:monsterHuskGuard","floor":12,"turns":3},{"damage":8,"enemies":"Hallownest:1_Ooma_and_2_Uuma","floor":14,"turns":4},{"damage":12,"enemies":"Hallownest:BossFalseKnight","floor":16,"turns":9},{"damage":5,"enemies":"Hallownest:3_Youths","floor":18,"turns":5},{"damage":35,"enemies":"Hallownest:2_Mistakes","floor":20,"turns":6},{"damage":3,"enemies":"Hallownest:Nosk","floor":23,"turns":6},{"damage":37,"enemies":"Hallownest:Glutton_and_Coward","floor":24,"turns":4},{"damage":70,"enemies":"Hallownest:eliteSoulWarrior","floor":27,"turns":8},{"damage":9,"enemies":"Hallownest:Warrior_and_Youth","floor":28,"turns":4},{"damage":29,"enemies":"Hallownest:monsterMisterMushroom","floor":29,"turns":9},{"damage":57,"enemies":"Hallownest:BossGrimm","floor":33,"turns":6},{"damage":82,"enemies":"Hallownest:2_Littles","floor":35,"turns":11},{"damage":27,"enemies":"Hallownest:3_Siblings","floor":39,"turns":3}],"seed_played":"3966946717967079378","potions_obtained":[{"floor":7,"key":"Weak Potion"},{"floor":12,"key":"EntropicBrew"},{"floor":14,"key":"DistilledChaos"},{"floor":16,"key":"Energy Potion"},{"floor":17,"key":"Explosive Potion"},{"floor":18,"key":"sneckomod:MuddlingPotion"},{"floor":27,"key":"ColorlessPotion"},{"floor":28,"key":"Regen Potion"},{"floor":35,"key":"hexamod:SoulburnPotion"}],"is_trial":false,"path_per_floor":["M","?","$","M","?","R","E","R","T","?","E","M","$","M","R","B",null,"M","?","M","?","?","E","M","R","T","E","M","M","?","$","R","B",null,"M","$","?","?","M"],"character_chosen":"IRONCLAD","items_purchased":["hubris:CleavingFinish","EntropicBrew","Lantern"],"campfire_rested":2,"item_purchase_floors":[3,31,36],"current_hp_per_floor":[80,80,80,80,71,71,63,72,72,54,69,69,69,67,79,73,85,85,85,56,56,56,59,40,80,80,28,37,41,41,41,84,45,85,21,21,21,21,0,0],"gold":6,"neow_bonus":"UPGRADE_CARD","is_daily":false,"chose_seed":false,"campfire_upgraded":3,"win_rate":0.0,"timestamp":1613172783,"path_taken":["M","?","$","M","?","R","E","R","T","?","E","M","?","?","R","BOSS","M","?","M","?","?","E","?","R","T","E","M","M","?","$","R","BOSS","M","$","?","?","M"],"items_purchased_type":["Card","Potion","Relic"],"build_version":"2020-12-22","purchased_purges":0,"victory":false,"max_hp_per_floor":[80,80,80,80,80,80,80,80,80,80,80,80,80,80,80,80,85,85,85,85,85,85,85,85,85,85,85,85,85,85,85,85,85,85,85,85,85,85,85,85],"card_choices":[{"not_picked":["Sword Boomerang","Perfected Strike"],"picked":"Dropkick","floor":1},{"not_picked":["Clothesline","Seeing Red"],"picked":"Flex","floor":4},{"not_picked":["TH:EnergyPotion"],"picked":"TH:Mimic","floor":7},{"not_picked":["Impervious","Fire Breathing"],"picked":"Rage","floor":7},{"not_picked":["TH:PixieDust"],"picked":"TH:ArmorSpikes","floor":9},{"not_picked":["TH:DeckOfManyThings"],"picked":"TH:CursedSword","floor":11},{"not_picked":["hubris:ReadiedAction","Flame Barrier"],"picked":"Shockwave","floor":11},{"not_picked":["Cleave","Corruption"],"picked":"Sword Boomerang","floor":12},{"not_picked":["Sword Boomerang","Sever Soul"],"picked":"Rampage","floor":14},{"not_picked":["TH:PixieDust"],"picked":"TH:TreasureMap","floor":16},{"not_picked":["Fiend Fire","hubris:StunningStrike"],"picked":"Demon Form","floor":16},{"not_picked":["Second Wind","Flame Barrier"],"picked":"Twin Strike","floor":17},{"not_picked":["Clash","Battle Trance"],"picked":"Disarm","floor":18},{"not_picked":["Combust+1","Clash+1"],"picked":"Anger","floor":19},{"not_picked":["Whirlwind","Shockwave"],"picked":"hubris:SharpeningStone","floor":19},{"not_picked":["Warcry","Clothesline"],"picked":"Intimidate","floor":20},{"not_picked":["TH:ArmorSpikes","TH:Mimic"],"picked":"SKIP","floor":23},{"not_picked":["hubris:StunningStrike","Body Slam","Sever Soul"],"picked":"SKIP","floor":23},{"not_picked":["Shrug It Off","Anger"],"picked":"Cleave","floor":24},{"not_picked":["TH:Mimic"],"picked":"TH:DeckOfManyThings","floor":26},{"not_picked":["True Grit","Fire Breathing+1"],"picked":"Pommel Strike","floor":27},{"not_picked":["TH:DeckOfManyThings","TH:CopperCoins"],"picked":"SKIP","floor":27},{"not_picked":["Reckless Charge","Intimidate","Headbutt"],"picked":"SKIP","floor":28},{"not_picked":["Twin Strike","Dropkick+1","Reckless Charge"],"picked":"SKIP","floor":29},{"not_picked":["Impervious","hubris:StunningStrike"],"picked":"Feed","floor":33},{"not_picked":["True Grit","Second Wind+1"],"picked":"Cleave+1","floor":35}],"player_experience":31524,"relics_obtained":[{"floor":7,"key":"Eternal Feather"},{"floor":9,"key":"Boot"},{"floor":11,"key":"Meat on the Bone"},{"floor":23,"key":"Cleaning_Rag"},{"floor":27,"key":"Juzu Bracelet"}],"event_choices":[],"is_beta":false,"boss_relics":[{"not_picked":["Runic Cube","hubris:BlackHole"],"picked":"Tiny House"},{"not_picked":["Black Star","bronze:MakeshiftBattery"],"picked":"SlaversCollar"}],"items_purged_floors":[],"is_endless":false,"potions_floor_spawned":[7,12,14,16,18,27,28,35],"killed_by":"Hallownest:3_Siblings","ascension_level":0}}