{"host":"5dk97cf2ubw2v967","time":1613149557,"event":{"mods":["AlwaysNeverKeys","BaseMod","Better Altar","Better Vampires","Block Reminder","Card Filter","Colored Powertips","Downfall","Googly Eyes","Highlight Path","Minty Spire (QoL Compilation)","Permanent Neow","Potion Indicator Mod","Quick Restart","Relic Filter","Relic Stats","Say the Spire","Spicy Shops","StSLib","Waifu the Spire","everything is the same but u backflip on backflip"],"gold_per_floor":[13,13,24,42,5,5,5,17,71,103,115,115,34,65,65,144,144,160,179,179,24,24,43,43,58,127,152,152,177,195,195,195],"floor_reached":31,"language":"ENG","playtime":1325,"items_purged":["Strike_R"],"score":720,"play_id":"3cecf438-85b5-4007-97ed-4ed6256e08f2","local_time":"20210212170557","is_ascension_mode":true,"campfire_choices":[{"data":"Apotheosis","floor":6,"key":"SMITH"},{"floor":12,"key":"RECALL"},{"data":"Fire Breathing","floor":15,"key":"SMITH"},{"floor":24,"key":"REST"},{"floor":28,"key":"REST"}],"circlet_count":0,"master_deck":["AscendersBane","Strike_R","Strike_R","Strike_R","Defend_R","Defend_R","Defend_R","Bash","Apotheosis+1","Headbutt","Metallicize","Reckless Charge","Spot Weakness","Seeing Red","Double Tap","Fire Breathing+1","Headbutt","Impervious","CurseOfTheBell","Shrug It Off","Combust+1","Reckless Charge","Brutality","Uppercut","Dropkick","Dual Wield","Second Wind"],"relics":["Burning Blood","NlothsMask","Gremlin Horn","Lantern","Regal Pillow","Calling Bell","Ancient Tea Set","Paper Frog","StoneCalendar","Bottled Lightning","The Courier","Incense Burner"],"acts_visited":["Exordium","TheCity"],"potions_floor_usage":[8,16,23,27,29,31],"damage_taken":[{"damage":4,"enemies":"2 Louse","floor":1,"turns":4},{"damage":3,"enemies":"Cultist","floor":3,"turns":4},{"damage":8,"enemies":"Small Slimes","floor":4,"turns":4},{"damage":11,"enemies":"Looter","floor":8,"turns":2},{"damage":14,"enemies":"3 Sentries","floor":10,"turns":7},{"damage":2,"enemies":"2 Fungi Beasts","floor":11,"turns":3},{"damage":35,"enemies":"Gremlin Nob","floor":14,"turns":4},{"damage":0,"enemies":"Slime Boss","floor":16,"turns":5},{"damage":20,"enemies":"Spheric Guardian","floor":18,"turns":5},{"damage":14,"enemies":"Chosen","floor":19,"turns":5},{"damage":13,"enemies":"Snecko","floor":23,"turns":6},{"damage":14,"enemies":"Centurion and Healer","floor":25,"turns":5},{"damage":48,"enemies":"Slavers","floor":27,"turns":4},{"damage":5,"enemies":"Gremlin Leader","floor":29,"turns":4},{"damage":23,"enemies":"Cultist and Chosen","floor":30,"turns":5},{"damage":37,"enemies":"Book of Stabbing","floor":31,"turns":5}],"seed_played":"984686126246923709","potions_obtained":[{"floor":3,"key":"Guardian:BlockOnCardUsePotion"},{"floor":4,"key":"SteroidPotion"},{"floor":10,"key":"champ:CounterPotion"},{"floor":11,"key":"Regen Potion"},{"floor":18,"key":"LiquidBronze"},{"floor":27,"key":"Swift Potion"},{"floor":29,"key":"bronze:BurnAndBuffPotion"},{"floor":30,"key":"AttackPotion"}],"is_trial":false,"path_per_floor":["M","?","M","M","$","R","?","M","T","E","M","R","$","E","R","B",null,"M","M","?","$","?","M","R","M","T","E","R","E","M","E"],"character_chosen":"IRONCLAD","items_purchased":["Reckless Charge","Fire Breathing","Reckless Charge"],"campfire_rested":2,"item_purchase_floors":[5,13,21],"current_hp_per_floor":[70,70,73,71,71,71,60,55,55,47,51,51,51,22,22,42,67,53,45,45,45,45,38,75,67,67,25,62,63,46,9,9],"gold":195,"neow_bonus":"RANDOM_COLORLESS_2","is_daily":false,"chose_seed":false,"campfire_upgraded":2,"win_rate":0.0,"timestamp":1613149557,"path_taken":["M","?","?","M","$","R","?","M","T","E","M","R","$","E","R","BOSS","M","M","?","$","?","M","R","M","T","E","R","E","M","E"],"items_purchased_type":["Card","Card","Card"],"build_version":"2020-12-22","purchased_purges":1,"victory":false,"max_hp_per_floor":[75,75,75,75,75,75,75,75,75,75,75,75,75,75,75,75,75,75,75,75,75,75,75,75,75,75,75,75,75,75,75,75],"relic_stats":{"Regal Pillow":30,"Gremlin Horn":[11,11],"counters":[16,72],"StoneCalendar":[0],"obtain_stats":[{"Calling Bell":17,"Lantern":10,"Regal Pillow":14,"Gremlin Horn":7,"StoneCalendar":17,"The Courier":27,"Incense Burner":29,"Bottled Lightning":26,"Ancient Tea Set":17,"Burning Blood":0,"NlothsMask":2,"Paper Frog":17},{"Calling Bell":8,"Lantern":5,"Regal Pillow":7,"Gremlin Horn":3,"StoneCalendar":8,"The Courier":13,"Incense Burner":14,"Bottled Lightning":12,"Ancient Tea Set":8,"Burning Blood":0,"NlothsMask":1,"Paper Frog":8},{"Calling Bell":33,"Lantern":21,"Regal Pillow":28,"Gremlin Horn":12,"StoneCalendar":33,"The Courier":58,"Incense Burner":62,"Bottled Lightning":54,"Ancient Tea Set":33,"Burning Blood":0,"NlothsMask":4,"Paper Frog":33}],"Burning Blood":90},"card_choices":[{"not_picked":["Panache","Chrysalis"],"picked":"Apotheosis","floor":0},{"not_picked":["Heavy Blade","Body Slam","Sword Boomerang"],"picked":"SKIP","floor":1},{"not_picked":["Sword Boomerang","True Grit"],"picked":"Headbutt","floor":3},{"not_picked":["Iron Wave","Entrench"],"picked":"Metallicize","floor":4},{"not_picked":["Warcry","Cleave"],"picked":"Spot Weakness","floor":8},{"not_picked":["Sword Boomerang","Body Slam"],"picked":"Seeing Red","floor":10},{"not_picked":["Ghostly Armor","Pommel Strike"],"picked":"Double Tap","floor":11},{"not_picked":["Flex","Hemokinesis"],"picked":"Headbutt","floor":14},{"not_picked":["Limit Break","Bludgeon"],"picked":"Impervious","floor":16},{"not_picked":["Uppercut","Body Slam"],"picked":"Shrug It Off","floor":18},{"not_picked":["Sword Boomerang","Warcry"],"picked":"Combust+1","floor":19},{"not_picked":["Thunderclap+1","Perfected Strike"],"picked":"Dropkick","floor":23},{"not_picked":["Perfected Strike","Double Tap","Warcry"],"picked":"SKIP","floor":25},{"not_picked":["Rage","Reaper","Seeing Red"],"picked":"SKIP","floor":27},{"not_picked":["Perfected Strike+1","Sever Soul"],"picked":"Dual Wield","floor":29},{"not_picked":["Thunderclap","Iron Wave"],"picked":"Second Wind","floor":30}],"player_experience":1311977,"relics_obtained":[{"floor":10,"key":"Lantern"},{"floor":14,"key":"Regal Pillow"},{"floor":17,"key":"Ancient Tea Set"},{"floor":17,"key":"Paper Frog"},{"floor":17,"key":"StoneCalendar"},{"floor":26,"key":"Bottled Lightning"},{"floor":27,"key":"The Courier"},{"floor":29,"key":"Incense Burner"}],"event_choices":[{"damage_healed":0,"gold_gain":0,"player_choice":"Trade","damage_taken":0,"relics_obtained":["NlothsMask"],"max_hp_gain":0,"max_hp_loss":0,"event_name":"FaceTrader","floor":2,"gold_loss":0},{"damage_healed":0,"gold_gain":0,"player_choice":"Success","damage_taken":11,"relics_obtained":["Gremlin Horn"],"max_hp_gain":0,"max_hp_loss":0,"event_name":"Scrap Ooze","floor":7,"gold_loss":0},{"damage_healed":0,"gold_gain":0,"player_choice":"Ignored","damage_taken":0,"max_hp_gain":0,"max_hp_loss":0,"event_name":"Ghosts","floor":20,"gold_loss":0},{"damage_healed":0,"gold_gain":0,"cards_transformed":["Strike_R","Defend_R"],"player_choice":"Became Test Subject","damage_taken":0,"max_hp_gain":0,"max_hp_loss":0,"event_name":"Drug Dealer","floor":22,"gold_loss":0,"cards_obtained":["Brutality","Uppercut"]}],"is_beta":false,"boss_relics":[{"not_picked":["SlaversCollar","Runic Cube"],"picked":"Calling Bell"}],"items_purged_floors":[21],"is_endless":false,"potions_floor_spawned":[3,4,10,11,14,18,27,29,30],"killed_by":"Book of Stabbing","ascension_level":20}}