{"host":"27c7lqff1bu0ydoz","time":1613140835,"event":{"mods":["AchievementEnabler","Act Like it!","Aspiration","BaseMod","Bestiary","Better Third Choice","Block Reminder","CapriCore","Colored Powertips","Conspire","Energized Spire","Friendly Minions","Gensokyo","GifTheSpireLib","Hermit","Highlight Path","Hubris","Infinite Spire","Koishi","Marisa????????","Minty Spire (QoL Compilation)","Rare Cards Sparkle","Reimu??????","Reliquary","Remilia??????","Replay The Spire","StSLib","The Immortal","The Servant 0.9.4","Wandering Minibosses","Yakumo Yukari mod","Yuyuko","yUi"],"gold_per_floor":[118,118,134,147,167,167,117,117,142,175,175,188,188,70,70,171,171,187,187,33,47,146,146,160,160,160,160,160,177,191,221,221,317,317,333,55,55,55,3,3,23,23,93,110,110,120,120,135,135,135],"floor_reached":51,"language":"ENG","playtime":3927,"items_purged":[],"score":640,"play_id":"50d1b0bd-98f7-4a02-a74c-1db0868e90ee","local_time":"20210212154035","is_ascension_mode":false,"campfire_choices":[{"floor":6,"key":"REST"},{"floor":11,"key":"REST"},{"data":"hermit:Showdown","floor":13,"key":"SMITH"},{"data":"hermit:Covet","floor":15,"key":"SMITH"},{"data":"hermit:Dive","floor":23,"key":"SMITH"},{"data":"hermit:ShadowCloak","floor":25,"key":"SMITH"},{"data":"hermit:Snapshot","floor":28,"key":"SMITH"},{"floor":32,"key":"REST"},{"floor":42,"key":"REST"},{"floor":45,"key":"REST"},{"floor":47,"key":"REST"},{"data":"hermit:FullyLoaded","floor":49,"key":"SMITH"}],"circlet_count":0,"master_deck":["hermit:Strike_Hermit","hermit:Strike_Hermit+1","hermit:Strike_Hermit","hermit:Strike_Hermit","hermit:Defend_Hermit+1","hermit:Defend_Hermit","hermit:Defend_Hermit","hermit:Snapshot+1","hermit:Covet+1","hermit:Dive+1","hermit:Deadeye","hermit:LowProfile","hermit:HoleUp","Regret","hermit:Misfire","hermit:Showdown+1","hermit:ShadowCloak+1","hermit:LowProfile","hermit:FinalCanter","hermit:Enervate","hermit:Desperado","hermit:HoleUp+1","hermit:Ricochet","hermit:Gestalt","hermit:TrackingShot","hermit:Adapt","hermit:HighCaliber","hermit:Determination","hermit:TakeCover","hermit:PistolWhip+1","hermit:Manifest","hermit:Manifest+1","hermit:CalledShot+1","hermit:FullyLoaded+1"],"relics":["hermit:Momento","infinitespire:Lucky Rock","reliquary:TatteredRug","reliquary:RosewoodLute","Nunchaku","Replay:Grab Bag","conspire:SlowCooker","Busted Crown","SlaversCollar","Lee\u0027s Waffle","Mirror","Mango","aspiration:PoetsPen_weak","Membership Card","reliquary:Stiletto","hubris:Towel","Question Card"],"acts_visited":["Exordium","TheCity","TheBeyond"],"potions_floor_usage":[5,10,16,33,33,50,50,50],"damage_taken":[{"damage":0.0,"enemies":"2 Louse","floor":1.0,"turns":2.0},{"damage":0.0,"enemies":"Small Slimes","floor":3.0,"turns":3.0},{"damage":0,"enemies":"Jaw Worm","floor":4,"turns":4},{"damage":15,"enemies":"Exordium Thugs","floor":5,"turns":6},{"damage":25,"enemies":"Gremlin Nob","floor":10,"turns":4},{"damage":2,"enemies":"Large Slime","floor":12,"turns":6},{"damage":14,"enemies":"Slime Boss","floor":16,"turns":16},{"damage":6,"enemies":"Spheric Guardian","floor":18,"turns":6},{"damage":7,"enemies":"conspire:FuzzyDice","floor":21,"turns":9},{"damage":3,"enemies":"Centurion and Healer","floor":24,"turns":11},{"damage":1,"enemies":"Snake Plant","floor":29,"turns":5},{"damage":18,"enemies":"Sentry and Sphere","floor":30,"turns":8},{"damage":14,"enemies":"conspire:SneckoGhost","floor":31,"turns":11},{"damage":28,"enemies":"conspire:MysteriousRune","floor":33,"turns":12},{"damage":40,"enemies":"3 Darklings","floor":35,"turns":9},{"damage":0,"enemies":"hubris:Merchant","floor":40,"turns":1},{"damage":19,"enemies":"3 Shapes","floor":41,"turns":6},{"damage":35,"enemies":"Jaw Worm Horde","floor":44,"turns":5},{"damage":8,"enemies":"Sphere and 2 Shapes","floor":46,"turns":4},{"damage":2,"enemies":"Transient","floor":48,"turns":5},{"damage":70,"enemies":"Time Eater","floor":50,"turns":10}],"seed_played":"-1062640373593144046","potions_obtained":[{"floor":3.0,"key":"hermit:BlackBile"},{"floor":5,"key":"Explosive Potion"},{"floor":12,"key":"hermit:Tonic"},{"floor":18,"key":"CultistPotion"},{"floor":21,"key":"ZuzhouPotion:ReiMu"},{"floor":29,"key":"Ancient Potion"},{"floor":30,"key":"Venom Potion"},{"floor":41,"key":"Strength Potion"},{"floor":46,"key":"LiquidBronze"},{"floor":48,"key":"Adrenaline Potion"}],"is_trial":false,"path_per_floor":["M","?","M","M","M","R","?","?","T","E","R","M","R","$","R","B",null,"M","?","$","M","?","R","M","R","T","?","R","M","M","E","R","B",null,"M","$","?","?","$","$","M","R","T","M","R","M","R","M","R","B",null],"character_chosen":"HERMIT","items_purchased":["hermit:ShadowCloak","hermit:LowProfile","Lee\u0027s Waffle","Membership Card","hermit:Determination","reliquary:Stiletto","hermit:TakeCover","hermit:PistolWhip+1","hermit:Manifest"],"campfire_rested":6,"item_purchase_floors":[14,14,20,36,36,36,36,39,39],"current_hp_per_floor":[75,60,60,60,45,67,67,67,67,42,64,62,62,62,62,48,75,69,69,82,75,75,75,72,72,72,82,82,81,63,63,91,63,96,56,56,56,56,56,56,37,65,65,30,58,50,78,76,76,6],"gold":135,"neow_bonus":"RANDOM_COMMON_RELIC","is_daily":false,"chose_seed":false,"campfire_upgraded":6,"win_rate":0.0,"timestamp":1613140835,"path_taken":["M","?","M","M","M","R","?","?","T","E","R","M","R","$","R","BOSS","M","?","$","M","?","R","M","R","T","?","R","M","?","E","R","BOSS","M","$","?","?","?","$","M","R","T","M","R","M","R","?","R","BOSS"],"items_purchased_type":["Card","Card","Relic","Relic","Card","Relic","Card","Card","Card"],"build_version":"2020-12-22","purchased_purges":0,"victory":true,"max_hp_per_floor":[75,75,75,75,75,75,75,75,75,75,75,75,75,75,75,75,75,75,75,82,82,82,82,82,82,82,82,82,82,82,96,96,96,96,96,96,96,96,96,96,96,96,96,96,96,96,96,96,96,96],"card_choices":[{"not_picked":["hermit:Roulette","hermit:SprayPray"],"picked":"hermit:Dive","floor":1.0},{"not_picked":["hermit:Ricochet","hermit:Brawl"],"picked":"hermit:Deadeye","floor":3.0},{"not_picked":["hermit:Roulette","hermit:Brawl"],"picked":"hermit:LowProfile","floor":4},{"not_picked":["hermit:Shortfuse","hermit:LowProfile"],"picked":"hermit:HoleUp","floor":5},{"not_picked":["hermit:TakeCover","hermit:LoneWolf"],"picked":"hermit:Misfire","floor":10},{"not_picked":["hermit:NoHoldsBarred","hermit:LowProfile"],"picked":"hermit:Showdown","floor":12},{"not_picked":["hermit:EternalForm","hermit:BlackWind"],"picked":"hermit:FinalCanter","floor":16},{"not_picked":[],"picked":"hermit:Enervate","floor":18},{"not_picked":[],"picked":"hermit:Desperado","floor":21},{"not_picked":[],"picked":"hermit:HoleUp+1","floor":24},{"not_picked":[],"picked":"hermit:Ricochet","floor":29},{"not_picked":[],"picked":"hermit:Gestalt","floor":30},{"not_picked":[],"picked":"hermit:TrackingShot","floor":31},{"not_picked":[],"picked":"hermit:Adapt","floor":33},{"not_picked":[],"picked":"hermit:HighCaliber","floor":35},{"not_picked":["hermit:DeadMansHand+1"],"picked":"SKIP","floor":41},{"not_picked":["hermit:HoleUp+1"],"picked":"hermit:Manifest+1","floor":44},{"not_picked":["hermit:Midnight"],"picked":"hermit:CalledShot+1","floor":46},{"not_picked":["hermit:Roughhouse"],"picked":"hermit:FullyLoaded","floor":48}],"player_experience":317826,"relics_obtained":[{"floor":9,"key":"reliquary:RosewoodLute"},{"floor":10,"key":"Nunchaku"},{"floor":26,"key":"Mirror"},{"floor":31,"key":"Mango"},{"floor":43,"key":"Question Card"}],"event_choices":[{"damage_healed":75.0,"max_hp_gain":0.0,"max_hp_loss":75.0,"gold_gain":0.0,"event_name":"betterThird:BetterShining","player_choice":"Upgrade","floor":2.0,"gold_loss":0.0,"damage_taken":15.0,"cards_upgraded":["hermit:Strike_Hermit","hermit:Defend_Hermit"]},{"cards_removed":["hermit:Defend_Hermit"],"damage_healed":0,"gold_gain":0,"player_choice":"Card Removal","damage_taken":0,"max_hp_gain":0,"max_hp_loss":0,"event_name":"The Cleric","floor":7,"gold_loss":50},{"damage_healed":0,"gold_gain":0,"player_choice":"Box","damage_taken":0,"relics_obtained":["reliquary:TatteredRug"],"max_hp_gain":0,"max_hp_loss":0,"event_name":"Big Fish","floor":8,"gold_loss":0,"cards_obtained":["Regret"]},{"damage_healed":0,"gold_gain":99,"player_choice":"Steal","damage_taken":0,"max_hp_gain":0,"max_hp_loss":0,"event_name":"betterThird:BetterNest","floor":22,"gold_loss":0},{"damage_healed":27,"gold_gain":0,"player_choice":"Heal","damage_taken":0,"max_hp_gain":0,"max_hp_loss":0,"event_name":"The Library","floor":27,"gold_loss":0},{"damage_healed":0,"gold_gain":0,"player_choice":"Memory 1","damage_taken":0,"max_hp_gain":0,"max_hp_loss":0,"event_name":"SensoryStone","floor":37,"gold_loss":0}],"is_beta":false,"boss_relics":[{"not_picked":["Replay:Wanted Poster","infinitespire:Cupcake"],"picked":"Replay:Grab Bag"},{"not_picked":["Philosopher\u0027s Stone","Ectoplasm"],"picked":"conspire:SlowCooker"},{"not_picked":["hubris:RunicObelisk","Velvet Choker"],"picked":"Busted Crown"},{"not_picked":["hubris:ScarierMask","Kintsugi"],"picked":"SlaversCollar"},{"not_picked":["Replay:Ancient Bell","aspiration:RunicSpoon"],"picked":"aspiration:PoetsPen_weak"}],"items_purged_floors":[],"is_endless":false,"potions_floor_spawned":[3,5,12,18,21,29,30,41,46,48],"ascension_level":0}}