{"host":"fkig9nrckec4xsh0","time":1613169439,"event":{"mods":["Act Like it!","BaseMod","Colored Map","Gensokyo","Hermit","Marisa????????","Minty Spire (QoL Compilation)","Quick Restart","Replay The Spire","StSLib"],"gold_per_floor":[112,112,112,34,49,49,76,76,76,301,316,2,34,63,63,140,140,156,166,166,416,426,426,460,460,460],"floor_reached":25,"language":"ENG","playtime":967,"items_purged":["Strike_R"],"score":484,"play_id":"9385167a-4dd9-4cd9-baab-9ad814681a4e","local_time":"20210212173719","is_ascension_mode":true,"campfire_choices":[{"data":"Cleave","floor":6.0,"key":"SMITH"},{"data":"Replay:Many Hands","floor":23,"key":"SMITH"}],"circlet_count":0,"master_deck":["AscendersBane","Strike_R+1","Strike_R","Strike_R","Strike_R","Defend_R","Defend_R","Defend_R","Defend_R","Bash+1","Cleave+1","Twin Strike+1","Uppercut+1","Carnage+1","Hemokinesis+1","Fiend Fire+1","Replay:Many Hands+1","Thunderclap+1","ReplayTheSpireMod:Limb From Limb+1","Pommel Strike+1"],"relics":["Burning Blood","NeowsBlessing","Happy Flower","Replay:Rubber Ducky","White Beast Statue","Replay:Towering Pillar of Hats","Ginger","Another Sword","Molten Egg 2","Omamori","WingedGreaves","Whetstone","Black Star","Chameleon Ring","Bag of Marbles","Divine Protection"],"acts_visited":["Exordium","Gensokyo:Gensokyo"],"potions_floor_usage":[22,22,22,24,25],"damage_taken":[{"damage":0.0,"enemies":"Gensokyo:Python","floor":1.0,"turns":1.0},{"damage":2.0,"enemies":"Gensokyo:2_Kodama","floor":5.0,"turns":2.0},{"damage":10.0,"enemies":"Gensokyo:Mamizou","floor":7.0,"turns":3.0},{"damage":25.0,"enemies":"Gensokyo:Cirno","floor":10.0,"turns":5.0},{"damage":0.0,"enemies":"Gensokyo:Gryphon","floor":11.0,"turns":1.0},{"damage":0.0,"enemies":"Gensokyo:Mamizou","floor":13.0,"turns":5.0},{"damage":17.0,"enemies":"Gensokyo:Cirno","floor":14.0,"turns":6.0},{"damage":44.0,"enemies":"Gensokyo:Yukari","floor":16.0,"turns":8.0},{"damage":30.0,"enemies":"Gensokyo:CosmicMonolith","floor":18.0,"turns":3.0},{"damage":2,"enemies":"Gensokyo:2_Gloops","floor":19,"turns":2},{"damage":9,"enemies":"Gensokyo:Monolith_and_Dog","floor":22,"turns":2},{"damage":38,"enemies":"Gensokyo:Reisen","floor":24,"turns":3},{"damage":39,"enemies":"Gensokyo:Tenshi","floor":25,"turns":2}],"seed_played":"-4333268797858938115","potions_obtained":[{"floor":5.0,"key":"EssenceOfSteel"},{"floor":7.0,"key":"GamblersBrew"},{"floor":10.0,"key":"SkillPotion"},{"floor":11.0,"key":"BloodPotion"},{"floor":14.0,"key":"EntropicBrew"},{"floor":16.0,"key":"Dexterity Potion"},{"floor":19,"key":"PowerPotion"},{"floor":22,"key":"Energy Potion"},{"floor":24,"key":"SpeedPotion"}],"is_trial":false,"path_per_floor":["M","?","T","COS","M","R","E","?","T","E","M","$","E","?","R_BF","B",null,"M","M","?","?","M","R","E","E"],"character_chosen":"IRONCLAD","items_purchased":["Omamori","Carnage+1"],"campfire_rested":0,"item_purchase_floors":[12,12],"current_hp_per_floor":[74,74,74,74,75,75,71,53,53,34,40,40,46,35,57,34,65,41,45,45,45,42,42,10,0,0],"gold":460,"neow_bonus":"THREE_ENEMY_KILL","is_daily":false,"chose_seed":false,"campfire_upgraded":2,"win_rate":0.0,"timestamp":1613169439,"path_taken":["M","?","?","COS","?","R","E","?","T","E","M","$","E","?","R_BF","BOSS","M","M","?","?","?","R","E","E"],"items_purchased_type":["Relic","Card"],"build_version":"2020-12-22","purchased_purges":1,"victory":false,"max_hp_per_floor":[75,75,75,75,75,75,75,75,75,75,75,75,75,75,75,75,75,75,75,68,63,63,63,63,63,63],"card_choices":[{"not_picked":["Thunderclap","Rage"],"picked":"Clothesline","floor":1.0},{"not_picked":["Clash","Shrug It Off"],"picked":"Cleave","floor":5.0},{"not_picked":["Run Through","ReplayTheSpireMod:Muscle Training"],"picked":"Twin Strike","floor":7.0},{"not_picked":["Flame Barrier","True Grit","Flex"],"picked":"SKIP","floor":10.0},{"not_picked":["Entrench","Iron Wave+1"],"picked":"Uppercut+1","floor":11.0},{"not_picked":["Flex","Seeing Red"],"picked":"Hemokinesis+1","floor":13.0},{"not_picked":["Rampage+1","Armaments"],"picked":"Fiend Fire+1","floor":14.0},{"not_picked":["Limit Break","Brutality"],"picked":"Replay:Many Hands","floor":16.0},{"not_picked":["Clothesline+1","Warcry"],"picked":"Thunderclap+1","floor":18},{"not_picked":["Burning Pact+1","Havoc","Thunderclap+1"],"picked":"SKIP","floor":19},{"not_picked":["ReplayTheSpireMod:Muscle Training","Thunderclap+1"],"picked":"ReplayTheSpireMod:Limb From Limb+1","floor":22},{"not_picked":["Anger+1","Shockwave"],"picked":"Pommel Strike+1","floor":24}],"player_experience":430787,"relics_obtained":[{"floor":3.0,"key":"Replay:Rubber Ducky"},{"floor":7.0,"key":"White Beast Statue"},{"floor":9.0,"key":"Ginger"},{"floor":10.0,"key":"Molten Egg 2"},{"floor":13.0,"key":"WingedGreaves"},{"floor":14.0,"key":"Whetstone"},{"floor":24,"key":"Bag of Marbles"},{"floor":24,"key":"Divine Protection"}],"event_choices":[],"is_beta":false,"boss_relics":[{"not_picked":["Replay:Bronze Core","Replay:Grab Bag"],"picked":"Black Star"}],"items_purged_floors":[12],"is_endless":false,"potions_floor_spawned":[5,7,10,11,13,14,16,18,19,22,24],"killed_by":"Gensokyo:Tenshi","ascension_level":20}}