{"host":"nb3r5a3er9rrnn3n","time":1613109969,"event":{"mods":["BaseMod","Colored Map","Downfall","Minty Spire (QoL Compilation)","Relic Stats","Spire Arcade","StSLib"],"gold_per_floor":[0,11,11,0,16,34,57,57,71,86,118,118,118,145,165,261,261,261,277,289,299,62,95,95,113,113,113,25,25,25,58,77,179,179,179,195,205,205,220,238,238,38,86,104,104,124,213,229,229,229],"floor_reached":51,"language":"ENG","playtime":3574,"items_purged":["Pain"],"score":760,"play_id":"72daccef-26a5-4f3d-98ed-d8d01a8d4fb1","local_time":"20210212170609","is_ascension_mode":true,"campfire_choices":[{"data":"Slimebound:Split","floor":1.0,"key":"SMITH"},{"data":"Slimebound:LeechEnergy","floor":13.0,"key":"SMITH"},{"data":"Slimebound:SlimeSlap","floor":18.0,"key":"SMITH"},{"data":"Slimebound:SpikyOuterGoop","floor":26.0,"key":"SMITH"},{"data":"Slimebound:SpikyOuterGoop","floor":30.0,"key":"SMITH"},{"floor":35.0,"key":"RECALL"},{"data":"Slimebound:RejuvenatingLick","floor":42.0,"key":"SMITH"},{"data":"Slimebound:Gluttony","floor":49,"key":"SMITH"}],"circlet_count":0,"master_deck":["Slimebound:Defend_Slimebound","Slimebound:Defend_Slimebound+1","Slimebound:Defend_Slimebound","Slimebound:Defend_Slimebound+1","Slimebound:Split+1","Slimebound:CorrosiveSpit","Slimebound:TongueLash+1","Slimebound:SamplingLick+1","Slimebound:SpikyOuterGoop+1","Slimebound:DisruptingSlam","Slimebound:LeechEnergy+1","Slimebound:SpikyOuterGoop+1","Slimebound:RejuvenatingLick","Slimebound:Schlurp","Slimebound:Gluttony+1","Slimebound:SlimeSlap+1","Slimebound:Schlurp+1","Slimebound:MegaLick+1","Slimebound:Grow+1","Slimebound:RejuvenatingLick+1","Slimebound:Tackle+1","Slimebound:Tackle+1","Slimebound:Tackle+1","Slimebound:LeechEnergy+1","Slimebound:OozeBath","Slimebound:LeechingTouch+1","Slimebound:ItLooksTasty+1","Slimebound:GoopSpray+1","expansioncontent:Chronoboost+1","expansioncontent:PolyBeam","Slimebound:Prepare","Slimebound:Nibble"],"relics":["Slimebound:AbsorbEndCombat","Ginger","downfall:ShatteredFragment","Calipers","WarpedTongs","Slimebound:SlimedSkullRelic","Runic Dome","champ:Barbells","Akabeko","Blue Candle","Oddly Smooth Stone","Busted Crown","Blood Vial","downfall:HeartBlessingBlue","downfall:HeartBlessingRed","champ:DeflectingBracers","Kunai"],"acts_visited":["Exordium","TheCity","TheBeyond"],"potions_floor_usage":[],"damage_taken":[{"damage":0.0,"enemies":"2 Louse","floor":2.0,"turns":3.0},{"damage":3.0,"enemies":"downfall:FleeingMerchant","floor":4.0,"turns":4.0},{"damage":0.0,"enemies":"Cultist","floor":5.0,"turns":3.0},{"damage":5.0,"enemies":"Small Slimes","floor":6.0,"turns":3.0},{"damage":6.0,"enemies":"Exordium Wildlife","floor":9.0,"turns":4.0},{"damage":0.0,"enemies":"Gremlin Gang","floor":10.0,"turns":3.0},{"damage":19.0,"enemies":"Gremlin Nob","floor":11.0,"turns":4.0},{"damage":17.0,"enemies":"Lagavulin","floor":14.0,"turns":6.0},{"damage":10.0,"enemies":"Exordium Wildlife","floor":15.0,"turns":3.0},{"damage":9.0,"enemies":"WA_ARCHETYPE_RETAIN","floor":16.0,"turns":5.0},{"damage":27.0,"enemies":"Shell Parasite","floor":19.0,"turns":5.0},{"damage":8.0,"enemies":"Chosen","floor":20.0,"turns":4.0},{"damage":13.0,"enemies":"Snake Plant","floor":21.0,"turns":3.0},{"damage":2.0,"enemies":"downfall:FleeingMerchant","floor":22.0,"turns":4.0},{"damage":13.0,"enemies":"Gremlin Leader","floor":23.0,"turns":5.0},{"damage":5.0,"enemies":"Snecko","floor":25.0,"turns":4.0},{"damage":3.0,"enemies":"downfall:FleeingMerchant","floor":28.0,"turns":4.0},{"damage":2.0,"enemies":"Book of Stabbing","floor":31.0,"turns":4.0},{"damage":0.0,"enemies":"Cultist and Chosen","floor":32.0,"turns":4.0},{"damage":1.0,"enemies":"SI_MIRROR_ARCHETYPE","floor":33.0,"turns":6.0},{"damage":10.0,"enemies":"3 Shapes","floor":36.0,"turns":3.0},{"damage":0.0,"enemies":"3 Darklings","floor":37.0,"turns":3.0},{"damage":0.0,"enemies":"Transient","floor":39.0,"turns":5.0},{"damage":1.0,"enemies":"4 Shapes","floor":40.0,"turns":6.0},{"damage":6.0,"enemies":"2 Orb Walkers","floor":43.0,"turns":3.0},{"damage":6.0,"enemies":"3 Darklings","floor":44.0,"turns":3.0},{"damage":0.0,"enemies":"Maw","floor":46.0,"turns":4.0},{"damage":0.0,"enemies":"downfall:FleeingMerchant","floor":47.0,"turns":1.0},{"damage":0.0,"enemies":"Reptomancer","floor":48.0,"turns":5.0},{"damage":18,"enemies":"DF_ARCHETYPE_ORBS","floor":50,"turns":7}],"seed_played":"8038358159924292576","potions_obtained":[{"floor":2.0,"key":"ColorlessPotion"},{"floor":6.0,"key":"FairyPotion"},{"floor":10.0,"key":"SpeedPotion"},{"floor":14.0,"key":"Slimebound:SlimedPotion"},{"floor":19.0,"key":"hexamod:SoulburnPotion"},{"floor":21.0,"key":"Explosive Potion"},{"floor":25.0,"key":"BlessingOfTheForge"},{"floor":33.0,"key":"PowerPotion"},{"floor":37.0,"key":"Dexterity Potion"}],"is_trial":false,"path_per_floor":["R","M","?","$","M","M","T","?","M","M","E","?","R","E","M","B",null,"R","M","M","M","$","E","T","M","R","?","$","?","R","E","M","B",null,"R","M","M","?","M","M","T","R","?","M","?","M","$","E","R","B",null],"character_chosen":"SLIMEBOUND","items_purchased":["champ:Barbells","Slimebound:RejuvenatingLick","Kunai"],"campfire_rested":0,"item_purchase_floors":[22,28,47],"current_hp_per_floor":[65,65,65,65,65,62,62,44,44,48,37,37,37,28,24,23,65,65,40,40,35,41,36,36,39,39,39,44,44,44,50,58,65,65,65,61,65,57,65,65,65,75,71,71,66,75,75,75,75,57],"gold":229,"neow_bonus":"ONE_RARE_RELIC","is_daily":false,"chose_seed":false,"campfire_upgraded":7,"win_rate":0.0,"timestamp":1613109969,"path_taken":["R","M","?","?","M","M","T","?","?","M","E","?","R","E","M","BOSS","R","M","?","M","$","E","T","M","R","?","$","?","R","E","M","BOSS","R","M","M","?","M","?","T","R","?","M","?","M","$","E","R","BOSS"],"items_purchased_type":["Relic","Card","Relic"],"build_version":"2020-12-22","purchased_purges":1,"victory":true,"max_hp_per_floor":[65,65,65,65,65,65,65,65,65,65,65,65,65,65,65,65,65,65,65,65,65,65,65,65,65,65,65,65,65,65,65,65,65,65,65,65,65,65,65,65,65,75,75,75,75,75,75,75,75,75],"relic_stats":{"Blood Vial":4,"Busted Crown":22,"counters":[30,120],"Blue Candle":[0],"Ginger":[21],"Kunai":[9],"obtain_stats":[{"champ:Barbells":22,"downfall:ShatteredFragment":8,"Calipers":11,"downfall:HeartBlessingRed":42,"Blue Candle":24,"Oddly Smooth Stone":31,"champ:DeflectingBracers":43,"Ginger":0,"Akabeko":23,"WarpedTongs":12,"Blood Vial":41,"Runic Dome":17,"Busted Crown":34,"downfall:HeartBlessingBlue":42,"Slimebound:AbsorbEndCombat":0,"Kunai":47,"Slimebound:SlimedSkullRelic":14},{"champ:Barbells":14,"downfall:ShatteredFragment":4,"Calipers":7,"downfall:HeartBlessingRed":24,"Blue Candle":15,"Oddly Smooth Stone":18,"champ:DeflectingBracers":25,"Ginger":0,"Akabeko":15,"WarpedTongs":7,"Blood Vial":24,"Runic Dome":10,"Busted Crown":20,"downfall:HeartBlessingBlue":24,"Slimebound:AbsorbEndCombat":0,"Kunai":28,"Slimebound:SlimedSkullRelic":8},{"champ:Barbells":53,"downfall:ShatteredFragment":12,"Calipers":23,"downfall:HeartBlessingRed":97,"Blue Candle":58,"Oddly Smooth Stone":70,"champ:DeflectingBracers":100,"Ginger":0,"Akabeko":58,"WarpedTongs":23,"Blood Vial":97,"Runic Dome":37,"Busted Crown":80,"downfall:HeartBlessingBlue":97,"Slimebound:AbsorbEndCombat":0,"Kunai":108,"Slimebound:SlimedSkullRelic":29}],"WarpedTongs":[97]},"card_choices":[{"not_picked":["Slimebound:Schlurp","Slimebound:SamplingLick"],"picked":"Slimebound:TongueLash","floor":2.0},{"not_picked":["Slimebound:LeechingTouch","Slimebound:ItLooksTasty"],"picked":"Slimebound:SamplingLick","floor":4.0},{"not_picked":["Slimebound:Chomp","Slimebound:LeechEnergy"],"picked":"Slimebound:SpikyOuterGoop","floor":5.0},{"not_picked":["Slimebound:GoopTackle","Slimebound:LivingWall"],"picked":"Slimebound:DisruptingSlam","floor":6.0},{"not_picked":["Slimebound:SlimeTap","Slimebound:HauntingLick"],"picked":"Slimebound:LeechEnergy","floor":9.0},{"not_picked":["Slimebound:ProtectTheBoss","Slimebound:SplitBruiser"],"picked":"Slimebound:SpikyOuterGoop","floor":10.0},{"not_picked":["Slimebound:SplitLeeching","Slimebound:ViciousTackle"],"picked":"Slimebound:RejuvenatingLick","floor":11.0},{"not_picked":["Slimebound:LevelUp","Slimebound:HauntingLick"],"picked":"Slimebound:Schlurp","floor":14.0},{"not_picked":["Slimebound:LeechEnergy","Slimebound:ServeAndProtect"],"picked":"Slimebound:Gluttony","floor":15.0},{"not_picked":["Slimebound:MassRepurpose","Slimebound:Darklings"],"picked":"Slimebound:SlimeSlap","floor":16.0},{"not_picked":["Slimebound:RollThrough","Slimebound:Grow"],"picked":"Slimebound:Schlurp+1","floor":19.0},{"not_picked":["Slimebound:DisruptingSlam","Slimebound:FlameTackle","Slimebound:GoopTackle"],"picked":"SKIP","floor":20.0},{"not_picked":["Slimebound:SamplingLick","Slimebound:LeechingTouch"],"picked":"Slimebound:MegaLick","floor":21.0},{"not_picked":["Slimebound:Recollect","Slimebound:ServeAndProtect+1"],"picked":"Slimebound:Grow+1","floor":22.0},{"not_picked":["Slimebound:SlimeTap","Slimebound:AcidTongue","Slimebound:LeechingTouch"],"picked":"SKIP","floor":23.0},{"not_picked":["Slimebound:HungryTackle","Slimebound:SlimeBarrage","Slimebound:SlimeSpikes"],"picked":"SKIP","floor":25.0},{"not_picked":["Slimebound:LivingWall","Slimebound:SplitMire","Slimebound:SplitAcid+1"],"picked":"SKIP","floor":28.0},{"not_picked":["Slimebound:Schlurp","Slimebound:Chomp+1"],"picked":"Slimebound:LeechEnergy","floor":31.0},{"not_picked":["Slimebound:RollThrough","Slimebound:Nibble"],"picked":"Slimebound:OozeBath","floor":32.0},{"not_picked":[],"picked":"Slimebound:LeechingTouch+1","floor":36.0},{"not_picked":["Slimebound:SplitLeeching"],"picked":"SKIP","floor":37.0},{"not_picked":["Slimebound:SplitLeeching"],"picked":"SKIP","floor":37.0},{"not_picked":[],"picked":"Slimebound:ItLooksTasty+1","floor":39.0},{"not_picked":["Slimebound:ServeAndProtect"],"picked":"SKIP","floor":40.0},{"not_picked":[],"picked":"Slimebound:GoopSpray+1","floor":44.0},{"not_picked":["expansioncontent:InvincibleStrength","expansioncontent:GuardianWhirl"],"picked":"expansioncontent:Chronoboost","floor":45.0},{"not_picked":["expansioncontent:InvincibleStrength","expansioncontent:LastStand"],"picked":"expansioncontent:PolyBeam","floor":45.0},{"not_picked":[],"picked":"Slimebound:Prepare","floor":46.0},{"not_picked":["Slimebound:Nibble"],"picked":"SKIP","floor":48.0},{"not_picked":[],"picked":"Slimebound:Nibble","floor":48.0}],"player_experience":1983966,"relics_obtained":[{"floor":11.0,"key":"Calipers"},{"floor":14.0,"key":"Slimebound:SlimedSkullRelic"},{"floor":23.0,"key":"Akabeko"},{"floor":24.0,"key":"Blue Candle"},{"floor":31.0,"key":"Oddly Smooth Stone"},{"floor":41.0,"key":"Blood Vial"},{"floor":43.0,"key":"champ:DeflectingBracers"}],"event_choices":[{"damage_healed":0.0,"max_hp_gain":0.0,"max_hp_loss":0.0,"gold_gain":0.0,"event_name":"Accursed Blacksmith","player_choice":"Rummage","floor":12.0,"gold_loss":0.0,"damage_taken":0.0,"relics_obtained":["WarpedTongs"],"cards_obtained":["Pain"]},{"damage_healed":0.0,"max_hp_gain":0.0,"max_hp_loss":0.0,"gold_gain":0.0,"event_name":"Vampires","player_choice":"Ignored","floor":27.0,"gold_loss":0.0,"damage_taken":0.0},{"damage_healed":0.0,"max_hp_gain":0.0,"max_hp_loss":0.0,"gold_gain":0.0,"event_name":"Mysterious Sphere","player_choice":"Fight","floor":43.0,"gold_loss":0.0,"damage_taken":0.0}],"is_beta":false,"boss_relics":[{"not_picked":["Snecko Eye","expansioncontent:StudyCardRelic"],"picked":"Runic Dome"},{"not_picked":["Fusion Hammer","Black Star"],"picked":"Busted Crown"}],"items_purged_floors":[22],"is_endless":false,"potions_floor_spawned":[2,6,10,11,14,19,21,25,33,37,39],"ascension_level":1}}