{"host":"baymyijz6sxaqj5s","time":1613120187,"event":{"mods":["AchievementEnabler","BaseMod","Colored Map","Colored Powertips","DeckTracker","Highlight Path","KOR Keyword Fix","Keyboard Shortcuts","Minty Spire (QoL Compilation)","StSLib","SuperFastMode","everything is the same but u backflip on backflip"],"gold_per_floor":[109,120,120,139,149,149,100,113,158,158,185,260,313,330,330,433,483,503,521,521,571,571,571],"floor_reached":22,"language":"KOR","playtime":535,"items_purged":[],"score":202,"play_id":"bfdf437b-898a-4cb5-a353-77169e874605","local_time":"20210212175627","is_ascension_mode":true,"campfire_choices":[{"data":"Heavy Blade","floor":6,"key":"SMITH"},{"floor":10,"key":"REST"},{"floor":15,"key":"REST"}],"circlet_count":0,"master_deck":["Strike_R","Strike_R","Strike_R","Strike_R","Strike_R","Defend_R","Defend_R","Defend_R","Defend_R","Bash","Shrug It Off","Heavy Blade+1","Sword Boomerang+1","Shrug It Off","Spot Weakness","Entrench","Limit Break"],"relics":["Burning Blood","Happy Flower","Odd Mushroom","Tiny House"],"acts_visited":["Exordium","TheCity"],"potions_floor_usage":[11,14,16,18],"damage_taken":[{"damage":6,"enemies":"Jaw Worm","floor":1,"turns":5},{"damage":4,"enemies":"2 Louse","floor":2,"turns":4},{"damage":7,"enemies":"Small Slimes","floor":4,"turns":4},{"damage":50,"enemies":"Gremlin Gang","floor":5,"turns":6},{"damage":1,"enemies":"Exordium Wildlife","floor":8,"turns":3},{"damage":20,"enemies":"The Mushroom Lair","floor":11,"turns":4},{"damage":21,"enemies":"Blue Slaver","floor":14,"turns":4},{"damage":22,"enemies":"Slime Boss","floor":16,"turns":12},{"damage":56,"enemies":"Spheric Guardian","floor":18,"turns":9},{"damage":15,"enemies":"Chosen","floor":19,"turns":5},{"damage":37,"enemies":"Shelled Parasite and Fungi","floor":22,"turns":4}],"seed_played":"2561487658457255611","potions_obtained":[{"floor":1,"key":"BloodPotion"},{"floor":2,"key":"FearPotion"},{"floor":4,"key":"Weak Potion"},{"floor":8,"key":"Dexterity Potion"},{"floor":17,"key":"SpeedPotion"}],"is_trial":false,"path_per_floor":["M","M","?","M","M","R","$","M","T","R","?","?","?","M","R","B",null,"M","M","?","?","M"],"character_chosen":"IRONCLAD","items_purchased":["Shrug It Off"],"campfire_rested":2,"item_purchase_floors":[7],"current_hp_per_floor":[88,88,88,87,43,43,43,48,48,74,60,49,49,51,77,61,93,43,34,34,34,0,0],"gold":571,"neow_bonus":"TEN_PERCENT_HP_BONUS","is_daily":false,"chose_seed":false,"campfire_upgraded":1,"win_rate":0.0,"timestamp":1613120187,"path_taken":["M","M","?","M","M","R","$","M","T","R","?","?","?","M","R","BOSS","M","M","?","?","?"],"items_purchased_type":["Card"],"build_version":"2020-12-22","purchased_purges":0,"victory":false,"max_hp_per_floor":[88,88,88,88,88,88,88,88,88,88,88,88,88,88,88,88,93,93,93,93,93,93,93],"card_choices":[{"not_picked":["Uppercut","Burning Pact"],"picked":"Shrug It Off","floor":1},{"not_picked":["Twin Strike","Warcry"],"picked":"Heavy Blade","floor":2},{"not_picked":["Combust","Blood for Blood","Infernal Blade"],"picked":"SKIP","floor":4},{"not_picked":["Twin Strike","Feel No Pain"],"picked":"Sword Boomerang","floor":5},{"not_picked":["Hemokinesis","Fire Breathing"],"picked":"Spot Weakness","floor":8},{"not_picked":["Hemokinesis","Anger"],"picked":"Entrench","floor":14},{"not_picked":["Fiend Fire","Feed"],"picked":"Limit Break","floor":16},{"not_picked":["Iron Wave+1","Twin Strike","Feel No Pain+1"],"picked":"SKIP","floor":18},{"not_picked":["Cleave","Clothesline","Feel No Pain"],"picked":"SKIP","floor":19}],"player_experience":85803,"relics_obtained":[{"floor":9,"key":"Happy Flower"},{"floor":11,"key":"Odd Mushroom"}],"event_choices":[{"damage_healed":0,"gold_gain":0,"player_choice":"Ignored","damage_taken":0,"max_hp_gain":0,"max_hp_loss":0,"event_name":"Golden Idol","floor":3,"gold_loss":0},{"damage_healed":0,"gold_gain":0,"player_choice":"Fought Mushrooms","damage_taken":0,"max_hp_gain":0,"max_hp_loss":0,"event_name":"Mushrooms","floor":11,"gold_loss":0},{"damage_healed":0,"gold_gain":75,"player_choice":"Gather Gold","damage_taken":11,"max_hp_gain":0,"max_hp_loss":0,"event_name":"World of Goop","floor":12,"gold_loss":0},{"damage_healed":0,"gold_gain":53,"player_choice":"Gained Gold","damage_taken":0,"max_hp_gain":0,"max_hp_loss":0,"event_name":"Golden Wing","floor":13,"gold_loss":0},{"damage_healed":0,"gold_gain":0,"player_choice":"Ignored","damage_taken":0,"max_hp_gain":0,"max_hp_loss":0,"event_name":"Vampires","floor":20,"gold_loss":0},{"damage_healed":0,"gold_gain":100,"player_choice":"Bet on Murderer","damage_taken":0,"max_hp_gain":0,"max_hp_loss":0,"event_name":"The Joust","floor":21,"gold_loss":50}],"is_beta":false,"boss_relics":[{"not_picked":["Runic Dome","SlaversCollar"],"picked":"Tiny House"}],"items_purged_floors":[],"is_endless":false,"potions_floor_spawned":[1,2,4,8],"killed_by":"Shelled Parasite and Fungi","ascension_level":3}}