{"host":"c6xy0a74zz7y4nf6","time":1613102473,"event":{"mods":["BaseMod","Colored Map","Downfall","Googly Eyes","Minty Spire (QoL Compilation)","Replay The Spire","Spire Arcade","StSLib","The Death Knight","The Exalted"],"gold_per_floor":[113,124,299,311,331,331,356,356,356,383,395,406,176,276,276,377,377,395,395,395,410,61,61,90,90,141,141,159,193,36,69,69,164,214,224,224,23,23,40,40,40,40],"floor_reached":41,"language":"ENG","playtime":2850,"items_purged":["Doubt","downfall:Aged","DeathKnight:Contagion"],"score":505,"play_id":"5b2a005a-6353-4701-8396-24c89ece55ce","local_time":"20210211220113","is_ascension_mode":true,"campfire_choices":[{"data":"DeathKnight:BloodTap","floor":6,"key":"SMITH"},{"data":"DeathKnight:DeathStrike","floor":8,"key":"SMITH"},{"floor":15,"key":"REST"},{"data":"DeathKnight:Runesurge","floor":23,"key":"SMITH"},{"floor":25,"key":"REST"},{"floor":32,"key":"REST"},{"data":"DeathKnight:FrosPresence","floor":40,"key":"SMITH"}],"circlet_count":0,"master_deck":["DeathKnight:Strike_DeathKnight+1","DeathKnight:Strike_DeathKnight+1","DeathKnight:Strike_DeathKnight+1","DeathKnight:Strike_DeathKnight+1","DeathKnight:Strike_DeathKnight+1","DeathKnight:Defend_DeathKnight+1","DeathKnight:Defend_DeathKnight+1","DeathKnight:Defend_DeathKnight+1","DeathKnight:Defend_DeathKnight+1","DeathKnight:Defend_DeathKnight+1","DeathKnight:RuneTap","DeathKnight:RuneStrike","DeathKnight:DeathStrike+1","DeathKnight:Hysteria","DeathKnight:BloodTap+1","DeathKnight:Runesurge+1","DeathKnight:Lichborne+1","DeathKnight:DeathStrike+1","DeathKnight:BoneStorm+1","DeathKnight:MindFreeze+1","DeathKnight:Pestilence+1","DeathKnight:FrosPresence+1","DeathKnight:FrosPresence","DeathKnight:Contagion+1","DeathKnight:MutagenicPlague+1"],"relics":["DeathKnight:BrokenRuneblade","Thread and Needle","Chameleon Ring","Sundial","DollysMirror","Replay:Ancient Bell","DeathKnight:PutricidesVial","Golden Egg","DeathKnight:HelmOfDomination","Spirit Poop","Snack Pack","Onion Ring","Smiling Mask","Calipers","Guide Book","Bromod:ArcanePulse","Tiny House","Chemical X"],"acts_visited":["Exordium","TheCity","TheBeyond"],"potions_floor_usage":[10,16,16,24,24,29,31],"damage_taken":[{"damage":10,"enemies":"Cultist","floor":1,"turns":4},{"damage":10,"enemies":"Jaw Worm","floor":2,"turns":7},{"damage":9,"enemies":"2 Louse","floor":4,"turns":3},{"damage":9,"enemies":"Red Slaver","floor":5,"turns":4},{"damage":38,"enemies":"Replay:BlueRogue","floor":7,"turns":9},{"damage":6,"enemies":"Gremlin Nob","floor":10,"turns":4},{"damage":11,"enemies":"Lots of Slimes","floor":11,"turns":8},{"damage":14,"enemies":"Looter","floor":12,"turns":4},{"damage":31,"enemies":"Fading Forest","floor":16,"turns":11},{"damage":34,"enemies":"Chosen","floor":18,"turns":6},{"damage":26,"enemies":"Shell Parasite","floor":21,"turns":7},{"damage":6,"enemies":"Replay:Snechameleon","floor":24,"turns":4},{"damage":14,"enemies":"Centurion and Healer","floor":28,"turns":6},{"damage":42,"enemies":"Gremlin Leader","floor":29,"turns":14},{"damage":31,"enemies":"Slavers","floor":31,"turns":7},{"damage":37,"enemies":"Collector","floor":33,"turns":14},{"damage":8,"enemies":"Orb Walker","floor":35,"turns":2},{"damage":13,"enemies":"3 Shapes","floor":39,"turns":2},{"damage":67,"enemies":"Reptomancer","floor":41,"turns":2}],"seed_played":"3566725415333318875","potions_obtained":[{"floor":1,"key":"SpeedPotion"},{"floor":2,"key":"bronze:BurnAndBuffPotion"},{"floor":4,"key":"DuplicationPotion"},{"floor":10,"key":"Energy Potion"},{"floor":16,"key":"BlessingOfTheForge"},{"floor":18,"key":"Adrenaline Potion"},{"floor":21,"key":"Dexterity Potion"},{"floor":24,"key":"Guardian:BlockOnCardUsePotion"},{"floor":28,"key":"LiquidMemories"},{"floor":31,"key":"Elixir"},{"floor":34,"key":"DeathKnight:PlagueVial"}],"is_trial":false,"path_per_floor":["M","M","?","M","M","R","E","R","T","E","M","M","$","?","R","B",null,"M","?","?","M","$","R","E","R","T","?","M","E","$","E","R","B",null,"M","?","$","$","M","R","E"],"character_chosen":"DEATH_KNIGHT","items_purchased":["DollysMirror","Snack Pack","Guide Book","Chemical X"],"campfire_rested":3,"item_purchase_floors":[13,22,30,37],"current_hp_per_floor":[72,69,69,67,58,58,27,27,27,32,32,29,29,29,51,42,75,52,52,52,48,48,48,42,64,64,64,63,38,38,29,52,42,80,72,72,72,72,67,67,0,0],"gold":40,"neow_bonus":"THREE_CARDS","is_daily":false,"chose_seed":false,"campfire_upgraded":4,"win_rate":0.0,"timestamp":1613102473,"path_taken":["M","M","?","M","M","R","E","R","T","E","M","M","$","?","R","BOSS","M","?","?","?","?","R","E","R","T","?","M","E","$","E","R","BOSS","M","?","?","$","M","R","E"],"items_purchased_type":["Relic","Relic","Relic","Relic"],"build_version":"2020-12-22","purchased_purges":3,"victory":false,"max_hp_per_floor":[75,75,75,75,75,75,75,75,75,75,75,75,75,75,75,75,75,75,75,75,75,75,75,75,75,75,75,75,75,75,75,75,75,80,80,80,80,80,80,80,80,80],"card_choices":[{"not_picked":["DeathKnight:DreadStrike","DeathKnight:DeathGrip"],"picked":"DeathKnight:DeathStrike","floor":0},{"not_picked":["DeathKnight:BladedArmor","DeathKnight:ThirstingStrike","DeathKnight:RaiseAlly"],"picked":"SKIP","floor":1},{"not_picked":["DeathKnight:Obliterate","DeathKnight:ChainsOfIce","DeathKnight:RaiseAlly"],"picked":"SKIP","floor":2},{"not_picked":["DeathKnight:RaiseAlly","DeathKnight:UnholyFrenzy"],"picked":"DeathKnight:Hysteria","floor":4},{"not_picked":["DeathKnight:DeathsAdvance","DeathKnight:MutagenicPlague"],"picked":"DeathKnight:BloodTap","floor":5},{"not_picked":["DeathKnight:BladedArmor","DeathKnight:RaiseAlly"],"picked":"DeathKnight:Runesurge","floor":7},{"not_picked":["DeathKnight:MutagenicPlague","DeathKnight:RunicCorruption","DeathKnight:SindragosasBreath"],"picked":"SKIP","floor":10},{"not_picked":["DeathKnight:HornOfWinter","DeathKnight:Ossuary","DeathKnight:MutagenicPlague"],"picked":"SKIP","floor":11},{"not_picked":["DeathKnight:DreadStrike","DeathKnight:Parry"],"picked":"DeathKnight:Lichborne","floor":12},{"not_picked":["DeathKnight:Frostscythe","DeathKnight:UnholyExperiment"],"picked":"DeathKnight:BoneStorm","floor":16},{"not_picked":["Pain","Decay"],"picked":"Shame","floor":17},{"not_picked":["Amnesia","downfall:Bewildered"],"picked":"downfall:Aged","floor":17},{"not_picked":["downfall:Bewildered","Shame"],"picked":"Normality","floor":17},{"not_picked":["DeathKnight:Culling","DeathKnight:FrostStrike+1"],"picked":"DeathKnight:MindFreeze","floor":18},{"not_picked":["DeathKnight:BloodTap+1","DeathKnight:RaiseAlly"],"picked":"DeathKnight:Pestilence+1","floor":21},{"not_picked":["DeathKnight:RuneShock","DeathKnight:DeathCoil","DeathKnight:IceboundArmor"],"picked":"SKIP","floor":24},{"not_picked":["DeathKnight:UnholyFrenzy+1","DeathKnight:PathOfFrost"],"picked":"DeathKnight:FrosPresence","floor":28},{"not_picked":["DeathKnight:DarkSuccor+1","DeathKnight:RaiseAlly","DeathKnight:IcyTouch+1"],"picked":"SKIP","floor":29},{"not_picked":["DeathKnight:RaiseAlly","DeathKnight:DeathStrike"],"picked":"DeathKnight:FrosPresence","floor":31},{"not_picked":["DeathKnight:Ossuary","DeathKnight:BludPresence+1"],"picked":"DeathKnight:Contagion","floor":34},{"not_picked":["DeathKnight:PillarOfFrost","DeathKnight:UnholyPresence+1"],"picked":"DeathKnight:Contagion+1","floor":35},{"not_picked":["DeathKnight:FrosPresence","DeathKnight:UnholyFrenzy"],"picked":"DeathKnight:MutagenicPlague+1","floor":39}],"player_experience":113400,"relics_obtained":[{"floor":7,"key":"Thread and Needle"},{"floor":9,"key":"Chameleon Ring"},{"floor":10,"key":"Sundial"},{"floor":24,"key":"Onion Ring"},{"floor":26,"key":"Smiling Mask"},{"floor":29,"key":"Calipers"},{"floor":31,"key":"Bromod:ArcanePulse"}],"event_choices":[{"damage_healed":0,"gold_gain":175,"player_choice":"AGREE","damage_taken":0,"max_hp_gain":0,"max_hp_loss":0,"event_name":"Liars Game","floor":3,"gold_loss":0,"cards_obtained":["Doubt"]},{"damage_healed":0,"gold_gain":100,"player_choice":"Pray","damage_taken":0,"max_hp_gain":0,"max_hp_loss":0,"event_name":"Golden Shrine","floor":14,"gold_loss":0},{"damage_healed":0,"gold_gain":0,"player_choice":"Ignored","damage_taken":0,"max_hp_gain":0,"max_hp_loss":0,"event_name":"Ghosts","floor":19,"gold_loss":0},{"cards_removed":["Normality"],"damage_healed":0,"gold_gain":0,"player_choice":"Offered Curse","damage_taken":0,"relics_obtained":["Spirit Poop"],"max_hp_gain":0,"max_hp_loss":0,"event_name":"Bonfire Elementals","floor":20,"gold_loss":0},{"damage_healed":0,"gold_gain":0,"player_choice":"Simplicity","damage_taken":0,"max_hp_gain":0,"max_hp_loss":0,"event_name":"Back to Basics","floor":27,"gold_loss":0,"cards_upgraded":["DeathKnight:Strike_DeathKnight","DeathKnight:Strike_DeathKnight","DeathKnight:Strike_DeathKnight","DeathKnight:Strike_DeathKnight","DeathKnight:Strike_DeathKnight","DeathKnight:Defend_DeathKnight","DeathKnight:Defend_DeathKnight","DeathKnight:Defend_DeathKnight","DeathKnight:Defend_DeathKnight","DeathKnight:Defend_DeathKnight"]},{"cards_removed":["Shame"],"damage_healed":0,"gold_gain":0,"player_choice":"Removed Curses","damage_taken":0,"max_hp_gain":0,"max_hp_loss":0,"event_name":"Fountain of Cleansing","floor":36,"gold_loss":0}],"is_beta":false,"boss_relics":[{"not_picked":["Honey Jar","Snecko Eye"],"picked":"Replay:Ancient Bell"},{"not_picked":["ReplayFunnel","Replay:Bandana"],"picked":"DeathKnight:PutricidesVial"},{"not_picked":["Molten Egg 2","Divine Protection"],"picked":"Golden Egg"},{"not_picked":["Durian","CaptainsWheel"],"picked":"DeathKnight:HelmOfDomination"},{"not_picked":["Empty Cage","SlaversCollar"],"picked":"Tiny House"}],"items_purged_floors":[13,22,37],"is_endless":false,"potions_floor_spawned":[1,2,4,10,16,18,21,24,28,31,39],"killed_by":"Reptomancer","ascension_level":1}}