{"host":"wuernuywc9gl215o","time":1613145611,"event":{"mods":["2.2 Compatiblity","AchievementEnabler","BaseMod","Bestiary","Block Reminder","Displayed Cursed Tome","Highlight Path","Key Reminder","Minty Spire (QoL Compilation)","Permanent Neow","Potion Indicator Mod","Quick Restart","Rare Cards Sparkle","Relic Stats","ojb\u0027s Info Mod"],"gold_per_floor":[119,129,129,129,141,166,192,192,240,254,254,270,301,311,311,408,408,408,1,0,0,0,0,0,0,0,0,0,0,0,0,0,0,0,0,0,0,0,0],"floor_reached":38,"language":"ENG","playtime":2416,"items_purged":["Strike_B"],"score":580,"play_id":"0a20c1af-06f8-4ac4-af7a-00f5b9a4da00","local_time":"20210212160011","is_ascension_mode":true,"campfire_choices":[{"floor":8.0,"key":"REST"},{"floor":11.0,"key":"REST"},{"data":"Echo Form","floor":15.0,"key":"SMITH"},{"floor":23.0,"key":"REST"},{"floor":28.0,"key":"REST"},{"data":"Echo Form","floor":32.0,"key":"SMITH"}],"circlet_count":0,"master_deck":["Strike_B","Strike_B","Defend_B","Defend_B","Defend_B","Defend_B","Zap","Dualcast","Doom and Gloom","Hologram","Auto Shields","Echo Form+1","Cold Snap","Barrage","Ball Lightning","Chill","Stack","Double Energy","Self Repair","Electrodynamics","Ball Lightning","Capacitor","Thunder Strike","Redo","Steam Power+1","Stack","Steam+1","Loop+1","Echo Form+1","Echo Form","Coolheaded+1","Static Discharge+1"],"relics":["Nuclear Battery","MealTicket","Nunchaku","Dream Catcher","Regal Pillow","Ornamental Fan","Ectoplasm","OrangePellets","Centennial Puzzle","Bottled Tornado","Bottled Lightning","Bottled Flame","SlaversCollar","Turnip"],"acts_visited":["Exordium","TheCity","TheBeyond"],"potions_floor_usage":[38,38],"damage_taken":[{"damage":4.0,"enemies":"2 Louse","floor":1.0,"turns":3.0},{"damage":2.0,"enemies":"Jaw Worm","floor":2.0,"turns":3.0},{"damage":0.0,"enemies":"Cultist","floor":5.0,"turns":4.0},{"damage":30.0,"enemies":"Gremlin Nob","floor":6.0,"turns":5.0},{"damage":14.0,"enemies":"Exordium Thugs","floor":10.0,"turns":3.0},{"damage":0.0,"enemies":"Exordium Wildlife","floor":12.0,"turns":3.0},{"damage":18.0,"enemies":"Lagavulin","floor":13.0,"turns":5.0},{"damage":0.0,"enemies":"Large Slime","floor":14.0,"turns":4.0},{"damage":4.0,"enemies":"The Guardian","floor":16.0,"turns":9.0},{"damage":5.0,"enemies":"Chosen","floor":18.0,"turns":6.0},{"damage":19.0,"enemies":"2 Thieves","floor":20.0,"turns":4.0},{"damage":15.0,"enemies":"Shelled Parasite and Fungi","floor":21.0,"turns":4.0},{"damage":16.0,"enemies":"Snake Plant","floor":22.0,"turns":4.0},{"damage":55.0,"enemies":"Slavers","floor":24.0,"turns":5.0},{"damage":27.0,"enemies":"Book of Stabbing","floor":27.0,"turns":5.0},{"damage":22.0,"enemies":"Sentry and Sphere","floor":29.0,"turns":6.0},{"damage":26.0,"enemies":"Gremlin Leader","floor":30.0,"turns":5.0},{"damage":27.0,"enemies":"Collector","floor":33.0,"turns":7.0},{"damage":0.0,"enemies":"3 Shapes","floor":35.0,"turns":2.0},{"damage":36.0,"enemies":"3 Darklings","floor":36.0,"turns":5.0},{"damage":25.0,"enemies":"2 Orb Walkers","floor":37.0,"turns":4.0},{"damage":44,"enemies":"4 Shapes","floor":38,"turns":3}],"seed_played":"-7143912415884536562","potions_obtained":[{"floor":1.0,"key":"SkillPotion"},{"floor":2.0,"key":"AttackPotion"},{"floor":6.0,"key":"GamblersBrew"},{"floor":14.0,"key":"Block Potion"},{"floor":20.0,"key":"SteroidPotion"},{"floor":29.0,"key":"Block Potion"},{"floor":33.0,"key":"Weak Potion"},{"floor":36.0,"key":"FearPotion"},{"floor":37.0,"key":"Fruit Juice"}],"is_trial":false,"path_per_floor":["M","M","?","?","M","E","T","R","T","M","R","M","E","M","R","B",null,"M","$","M","M","M","R","E","$","T","E","R","M","E","$","R","B",null,"M","M","?","M"],"character_chosen":"DEFECT","items_purchased":["OrangePellets","Capacitor","Thunder Strike"],"campfire_rested":4,"item_purchase_floors":[19,19,19],"current_hp_per_floor":[64,62,55,55,55,25,25,47,47,33,70,70,52,52,52,55,70,72,75,70,55,39,75,34,49,49,36,73,58,46,61,61,34,65,65,43,32,0,0],"gold":0,"neow_bonus":"BOSS_RELIC","is_daily":false,"chose_seed":false,"campfire_upgraded":2,"win_rate":0.0,"timestamp":1613145611,"path_taken":["M","M","?","?","M","E","?","R","T","M","R","M","E","M","R","BOSS","M","?","M","M","M","R","E","?","T","E","R","M","E","?","R","BOSS","M","M","?","M"],"items_purchased_type":["Relic","Card","Card"],"build_version":"2020-12-22","purchased_purges":1,"victory":false,"max_hp_per_floor":[75,75,75,75,75,75,75,75,75,75,75,75,75,75,75,75,75,75,75,75,75,75,75,75,75,75,75,75,75,75,75,75,75,75,75,75,75,80,80],"relic_stats":{"OrangePellets":[7],"Nunchaku":[12],"Dream Catcher":4,"Regal Pillow":44,"Centennial Puzzle":[21],"counters":[22,99],"Ornamental Fan":[68],"MealTicket":33,"Ectoplasm":339,"Turnip":[0],"obtain_stats":[{"Regal Pillow":9,"Bottled Tornado":26,"Nuclear Battery":0,"OrangePellets":19,"SlaversCollar":34,"Nunchaku":6,"Dream Catcher":7,"Centennial Puzzle":24,"Bottled Flame":30,"Ornamental Fan":13,"MealTicket":3,"Ectoplasm":17,"Turnip":37,"Bottled Lightning":27,"Cracked Core":0},{"Regal Pillow":4,"Bottled Tornado":14,"Nuclear Battery":0,"OrangePellets":10,"SlaversCollar":18,"Nunchaku":4,"Dream Catcher":4,"Centennial Puzzle":14,"Bottled Flame":17,"Ornamental Fan":7,"MealTicket":2,"Ectoplasm":9,"Turnip":21,"Bottled Lightning":15,"Cracked Core":0},{"Regal Pillow":15,"Bottled Tornado":62,"Nuclear Battery":0,"OrangePellets":45,"SlaversCollar":85,"Nunchaku":15,"Dream Catcher":15,"Centennial Puzzle":62,"Bottled Flame":78,"Ornamental Fan":26,"MealTicket":6,"Ectoplasm":39,"Turnip":96,"Bottled Lightning":67,"Cracked Core":0}]},"card_choices":[{"not_picked":["Scrape","Conserve Battery"],"picked":"Doom and Gloom","floor":1.0},{"not_picked":["Beam Cell","Compile Driver"],"picked":"Hologram","floor":2.0},{"not_picked":["Rebound","Hologram"],"picked":"Echo Form","floor":5.0},{"not_picked":["FTL","Heatsinks"],"picked":"Cold Snap","floor":6.0},{"not_picked":["Leap","Gash"],"picked":"Barrage","floor":8.0},{"not_picked":["Rip and Tear","Reinforced Body"],"picked":"Ball Lightning","floor":10.0},{"not_picked":["Rip and Tear","Hologram"],"picked":"Chill","floor":11.0},{"not_picked":["Reprogram","Turbo"],"picked":"Stack","floor":12.0},{"not_picked":["Skim","Ball Lightning"],"picked":"Double Energy","floor":13.0},{"not_picked":["BootSequence","Darkness"],"picked":"Self Repair","floor":14.0},{"not_picked":["Biased Cognition","Rainbow"],"picked":"Electrodynamics","floor":16.0},{"not_picked":["Undo","Go for the Eyes"],"picked":"Ball Lightning","floor":18.0},{"not_picked":["Recycle","Leap"],"picked":"Redo","floor":20.0},{"not_picked":["Hello World","Genetic Algorithm"],"picked":"Steam Power+1","floor":21.0},{"not_picked":["Sweeping Beam+1","Beam Cell"],"picked":"Stack","floor":22.0},{"not_picked":["Meteor Strike","Sweeping Beam"],"picked":"Steam+1","floor":23.0},{"not_picked":["Blizzard+1","Darkness","Double Energy"],"picked":"SKIP","floor":24.0},{"not_picked":["Sweeping Beam","Reprogram","Auto Shields"],"picked":"SKIP","floor":27.0},{"not_picked":["Sunder","Sweeping Beam"],"picked":"Loop+1","floor":29.0},{"not_picked":["Doom and Gloom+1","Rebound"],"picked":"Echo Form","floor":30.0},{"not_picked":["Electrodynamics","Creative AI"],"picked":"Echo Form","floor":33.0},{"not_picked":["Turbo","Rip and Tear","Gash+1"],"picked":"SKIP","floor":35.0},{"not_picked":["Recycle+1","Streamline+1"],"picked":"Coolheaded+1","floor":36.0},{"not_picked":["Leap+1","Cold Snap"],"picked":"Static Discharge+1","floor":37.0}],"player_experience":927720,"relics_obtained":[{"floor":6.0,"key":"Nunchaku"},{"floor":7.0,"key":"Dream Catcher"},{"floor":9.0,"key":"Regal Pillow"},{"floor":13.0,"key":"Ornamental Fan"},{"floor":24.0,"key":"Centennial Puzzle"},{"floor":26.0,"key":"Bottled Tornado"},{"floor":27.0,"key":"Bottled Lightning"},{"floor":30.0,"key":"Bottled Flame"},{"floor":37.0,"key":"Turnip"}],"event_choices":[{"damage_healed":0.0,"max_hp_gain":0.0,"max_hp_loss":0.0,"gold_gain":0.0,"event_name":"Scrap Ooze","player_choice":"Success","floor":3.0,"gold_loss":0.0,"damage_taken":7.0,"relics_obtained":["MealTicket"]},{"damage_healed":0.0,"max_hp_gain":0.0,"max_hp_loss":0.0,"gold_gain":0.0,"cards_transformed":["Strike_B"],"event_name":"Living Wall","player_choice":"Change","floor":4.0,"gold_loss":0.0,"damage_taken":0.0,"cards_obtained":["Auto Shields"]},{"damage_healed":0.0,"max_hp_gain":0.0,"max_hp_loss":0.0,"gold_gain":0.0,"event_name":"Mysterious Sphere","player_choice":"Fight","floor":37.0,"gold_loss":0.0,"damage_taken":0.0}],"is_beta":false,"boss_relics":[{"not_picked":["Calling Bell","Velvet Choker"],"picked":"Ectoplasm"},{"not_picked":["Empty Cage","Runic Dome"],"picked":"SlaversCollar"}],"items_purged_floors":[19],"is_endless":false,"potions_floor_spawned":[1,2,6,14,20,29,33,36,37],"killed_by":"4 Shapes","ascension_level":6}}