{"host":"gg","time":1613107534,"event":{"mods":["BaseMod","Colored Map","Googly Eyes","Minty Spire (QoL Compilation)","Relic Stats","The IronCluck"],"gold_per_floor":[110,128,142,142,142,167,167,167,238,265,265,297,317,347,347,424,424,436,326,346,346,395,395,428,448,448,477,477,128,128,53,53,127,127,139,139,158,158,178,212,212,239,239,239,268,291,228,243,243,243,243,243,243,40,70,70],"floor_reached":57,"language":"ENG","playtime":4690,"items_purged":["Writhe","Pray+1"],"score":3029,"play_id":"dfd6476a-1649-4275-95af-6674bfcfff16","local_time":"20210211212534","is_ascension_mode":true,"campfire_choices":[{"data":"Eruption","floor":7.0,"key":"SMITH"},{"data":"Meditate","floor":11.0,"key":"SMITH"},{"data":"CrushJoints","floor":15.0,"key":"SMITH"},{"floor":23.0,"key":"RECALL"},{"floor":32.0,"key":"REST"},{"floor":49,"key":"REST"},{"floor":53,"key":"REST"}],"circlet_count":0,"master_deck":["AscendersBane","Defend_P+1","Eruption+1","Vigilance+1","Judgement+1","Tantrum+1","SashWhip","FlurryOfBlows","Halt","Meditate+1","Tantrum","CrushJoints+1","Wallop","Scrawl","Sanctity","MentalFortress","TalkToTheHand","Prostrate","Fasting2","ClearTheMind","Fasting2","Prostrate+1","DeusExMachina","ThirdEye+1","CutThroughFate","EmptyBody","Prostrate+1","FlurryOfBlows+1","Fasting2","DeceiveReality","Blind","Protect+1"],"relics":["Astrolabe","Bag of Preparation","Kunai","Nunchaku","Bottled Lightning","Juzu Bracelet","Fusion Hammer","StrikeDummy","Dream Catcher","Tiny Chest","MutagenicStrength","OrangePellets","Bag of Marbles","Cursed Key","Regal Pillow","Bird Faced Urn","White Beast Statue","Oddly Smooth Stone","MawBank","Akabeko"],"acts_visited":["Exordium","TheCity","TheBeyond","TheEnding"],"potions_floor_usage":[55,56],"damage_taken":[{"damage":0.0,"enemies":"Cultist","floor":1.0,"turns":2.0},{"damage":2.0,"enemies":"Small Slimes","floor":2.0,"turns":2.0},{"damage":0.0,"enemies":"Jaw Worm","floor":3.0,"turns":1.0},{"damage":3.0,"enemies":"Gremlin Nob","floor":6.0,"turns":3.0},{"damage":12.0,"enemies":"3 Sentries","floor":10.0,"turns":3.0},{"damage":0.0,"enemies":"Gremlin Nob","floor":12.0,"turns":2.0},{"damage":9.0,"enemies":"Lots of Slimes","floor":13.0,"turns":2.0},{"damage":0.0,"enemies":"3 Sentries","floor":14.0,"turns":2.0},{"damage":21.0,"enemies":"The Guardian","floor":16.0,"turns":7.0},{"damage":0.0,"enemies":"3 Byrds","floor":18.0,"turns":2.0},{"damage":11.0,"enemies":"2 Thieves","floor":20.0,"turns":2.0},{"damage":8.0,"enemies":"Gremlin Leader","floor":24.0,"turns":3.0},{"damage":5.0,"enemies":"Centurion and Healer","floor":25.0,"turns":3.0},{"damage":0.0,"enemies":"Slavers","floor":27.0,"turns":2.0},{"damage":43,"enemies":"Collector","floor":33,"turns":5},{"damage":1,"enemies":"Orb Walker","floor":35,"turns":2},{"damage":0,"enemies":"3 Darklings","floor":37,"turns":2},{"damage":0,"enemies":"Spire Growth","floor":39,"turns":3},{"damage":0,"enemies":"Nemesis","floor":40,"turns":3},{"damage":0,"enemies":"Giant Head","floor":42,"turns":4},{"damage":0,"enemies":"Nemesis","floor":45,"turns":1},{"damage":0,"enemies":"Maw","floor":48,"turns":2},{"damage":24,"enemies":"Time Eater","floor":50,"turns":4},{"damage":33,"enemies":"Awakened One","floor":51,"turns":4},{"damage":32,"enemies":"Shield and Spear","floor":55,"turns":4},{"damage":8,"enemies":"The Heart","floor":56,"turns":7}],"seed_played":"-8564488632087017015","potions_obtained":[{"floor":3.0,"key":"Dexterity Potion"},{"floor":6.0,"key":"SkillPotion"},{"floor":10.0,"key":"SteroidPotion"},{"floor":12.0,"key":"StancePotion"},{"floor":20.0,"key":"Swift Potion"},{"floor":25.0,"key":"SneckoOil"},{"floor":35,"key":"Weak Potion"},{"floor":39,"key":"FearPotion"},{"floor":45,"key":"SteroidPotion"},{"floor":55,"key":"Explosive Potion"}],"is_trial":false,"path_per_floor":["M","M","M","?","?","E","R","?","T","E","R","E","M","E","R","B",null,"M","?","M","?","T","R","E","M","T","E","?","$","?","?","R","B",null,"M","T","M","?","M","E","?","E","T","$","E","T","$","M","R","B","B",null,"R","$","E","B",null],"character_chosen":"WATCHER","items_purchased":["OrangePellets","Bag of Marbles","ClearTheMind","Blind"],"campfire_rested":3,"item_purchase_floors":[29,29,29,54],"current_hp_per_floor":[61,59,59,39,61,58,58,58,58,46,46,46,37,37,37,16,55,55,55,44,44,44,44,36,31,31,31,31,31,31,31,51,8,53,52,52,52,52,52,52,52,58,58,58,60,60,60,64,68,48,21,56,68,68,40,40],"gold":70,"neow_bonus":"BOSS_RELIC","is_daily":false,"chose_seed":false,"campfire_upgraded":3,"win_rate":0.0,"timestamp":1613107534,"path_taken":["M","?","M","?","?","E","R","?","T","E","R","E","M","E","R","BOSS","M","?","M","?","?","R","E","M","T","E","?","$","?","?","R","BOSS","M","?","M","?","M","E","?","E","T","?","E","?","$","M","R","BOSS","BOSS","R","$","E","BOSS"],"items_purchased_type":["Relic","Relic","Card","Card"],"build_version":"2020-12-18","purchased_purges":2,"victory":true,"max_hp_per_floor":[68,68,68,68,68,68,68,68,68,68,68,68,68,68,68,68,68,68,68,68,68,68,68,68,68,68,68,68,68,68,68,68,68,68,68,68,68,68,68,68,68,68,68,68,68,68,68,68,68,68,68,68,68,68,68,68],"relic_stats":{"Regal Pillow":0,"counters":[26,77],"Astrolabe":["Judgement","Tantrum","Pray"],"Bag of Preparation":[44],"Juzu Bracelet":3,"Cursed Key":1,"MawBank":12,"OrangePellets":[40],"Nunchaku":[20],"Dream Catcher":3,"Bird Faced Urn":[34],"Tiny Chest":2,"Kunai":[47],"obtain_stats":[{"Regal Pillow":38,"Astrolabe":0,"Oddly Smooth Stone":45,"Bag of Preparation":6,"Juzu Bracelet":14,"Cursed Key":34,"MawBank":46,"White Beast Statue":42,"Akabeko":55,"OrangePellets":29,"Nunchaku":10,"Dream Catcher":26,"MutagenicStrength":28,"Bird Faced Urn":40,"Tiny Chest":27,"Fusion Hammer":17,"Bag of Marbles":29,"Kunai":9,"Bottled Lightning":12,"PureWater":0,"StrikeDummy":24},{"Regal Pillow":17,"Astrolabe":0,"Oddly Smooth Stone":21,"Bag of Preparation":4,"Juzu Bracelet":8,"Cursed Key":15,"MawBank":21,"White Beast Statue":20,"Akabeko":25,"OrangePellets":14,"Nunchaku":5,"Dream Catcher":13,"MutagenicStrength":14,"Bird Faced Urn":19,"Tiny Chest":14,"Fusion Hammer":9,"Bag of Marbles":14,"Kunai":4,"Bottled Lightning":6,"PureWater":0,"StrikeDummy":12},{"Regal Pillow":45,"Astrolabe":0,"Oddly Smooth Stone":56,"Bag of Preparation":8,"Juzu Bracelet":17,"Cursed Key":41,"MawBank":56,"White Beast Statue":55,"Akabeko":70,"OrangePellets":36,"Nunchaku":11,"Dream Catcher":34,"MutagenicStrength":36,"Bird Faced Urn":51,"Tiny Chest":36,"Fusion Hammer":24,"Bag of Marbles":36,"Kunai":8,"Bottled Lightning":13,"PureWater":0,"StrikeDummy":31}]},"card_choices":[{"not_picked":["Halt","ClearTheMind"],"picked":"SashWhip","floor":1.0},{"not_picked":["Weave","Pray"],"picked":"FlurryOfBlows","floor":2.0},{"not_picked":["PathToVictory","WaveOfTheHand"],"picked":"Halt","floor":3.0},{"not_picked":["FlyingSleeves","WindmillStrike"],"picked":"Meditate","floor":6.0},{"not_picked":["ReachHeaven","ThirdEye"],"picked":"Tantrum","floor":10.0},{"not_picked":["Weave","ClearTheMind","Protect"],"picked":"SKIP","floor":12.0},{"not_picked":["Crescendo","ClearTheMind"],"picked":"CrushJoints","floor":13.0},{"not_picked":["Collect","EmptyBody"],"picked":"Wallop","floor":14.0},{"not_picked":["ConjureBlade","LessonLearned"],"picked":"Scrawl","floor":16.0},{"not_picked":["CrushJoints","FollowUp"],"picked":"Sanctity","floor":18.0},{"not_picked":["BattleHymn","ClearTheMind"],"picked":"MentalFortress","floor":20.0},{"not_picked":["Meditate","CutThroughFate"],"picked":"TalkToTheHand","floor":24.0},{"not_picked":["EmptyBody","Crescendo"],"picked":"Prostrate","floor":25.0},{"not_picked":["Swivel","FlyingSleeves"],"picked":"Fasting2","floor":27.0},{"not_picked":["FlyingSleeves","Nirvana"],"picked":"Prostrate+1","floor":32.0},{"not_picked":["ConjureBlade","Scrawl"],"picked":"DeusExMachina","floor":33},{"not_picked":["FlyingSleeves","Crescendo+1"],"picked":"ThirdEye+1","floor":35},{"not_picked":["ClearTheMind","SashWhip"],"picked":"CutThroughFate","floor":37},{"not_picked":["Swivel","EmptyBody","SignatureMove+1"],"picked":"SKIP","floor":39},{"not_picked":["Halt","CrushJoints","WindmillStrike+1"],"picked":"SKIP","floor":40},{"not_picked":["SignatureMove","BowlingBash"],"picked":"EmptyBody","floor":42},{"not_picked":["Judgement","EmptyFist"],"picked":"Prostrate+1","floor":45},{"not_picked":["Prostrate","BattleHymn"],"picked":"FlurryOfBlows+1","floor":48},{"not_picked":["PathToVictory","ForeignInfluence"],"picked":"Fasting2","floor":49},{"not_picked":["CutThroughFate","ForeignInfluence+1"],"picked":"DeceiveReality","floor":53},{"not_picked":["Conclude+1","FlyingSleeves+1"],"picked":"Protect+1","floor":55}],"player_experience":1319160,"relics_obtained":[{"floor":6.0,"key":"Bag of Preparation"},{"floor":9.0,"key":"Kunai"},{"floor":10.0,"key":"Nunchaku"},{"floor":12.0,"key":"Bottled Lightning"},{"floor":14.0,"key":"Juzu Bracelet"},{"floor":24.0,"key":"StrikeDummy"},{"floor":26.0,"key":"Dream Catcher"},{"floor":27.0,"key":"Tiny Chest"},{"floor":38,"key":"Regal Pillow"},{"floor":40,"key":"Bird Faced Urn"},{"floor":42,"key":"White Beast Statue"},{"floor":45,"key":"Oddly Smooth Stone"},{"floor":46,"key":"MawBank"},{"floor":55,"key":"Akabeko"}],"event_choices":[{"damage_healed":0.0,"max_hp_gain":0.0,"max_hp_loss":0.0,"gold_gain":0.0,"event_name":"Shining Light","player_choice":"Entered Light","floor":4.0,"gold_loss":0.0,"damage_taken":20.0,"cards_upgraded":["Defend_P","Strike_P"]},{"damage_healed":22.0,"max_hp_gain":0.0,"max_hp_loss":0.0,"gold_gain":0.0,"event_name":"Big Fish","player_choice":"Banana","floor":5.0,"gold_loss":0.0,"damage_taken":0.0},{"cards_removed":["Defend_P"],"damage_healed":0.0,"max_hp_gain":0.0,"max_hp_loss":0.0,"gold_gain":0.0,"event_name":"Purifier","player_choice":"Purged","floor":8.0,"gold_loss":0.0,"damage_taken":0.0},{"cards_removed":["Strike_P"],"damage_healed":0.0,"max_hp_gain":0.0,"max_hp_loss":0.0,"gold_gain":0.0,"event_name":"Designer","player_choice":"Upgrade and Remove","floor":19.0,"gold_loss":110.0,"damage_taken":0.0,"cards_upgraded":["Vigilance"]},{"damage_healed":0.0,"max_hp_gain":0.0,"max_hp_loss":0.0,"gold_gain":0.0,"cards_transformed":["Strike_P"],"event_name":"Transmorgrifier","player_choice":"Transformed","floor":21.0,"gold_loss":0.0,"damage_taken":0.0,"cards_obtained":["ReachHeaven"]},{"damage_healed":0.0,"max_hp_gain":0.0,"max_hp_loss":0.0,"gold_gain":0.0,"event_name":"Drug Dealer","player_choice":"Inject Mutagens","floor":28.0,"gold_loss":0.0,"damage_taken":0.0,"relics_obtained":["MutagenicStrength"]},{"damage_healed":0.0,"max_hp_gain":0.0,"max_hp_loss":0.0,"gold_gain":0.0,"event_name":"Duplicator","player_choice":"Copied","floor":30.0,"gold_loss":0.0,"damage_taken":0.0,"cards_obtained":["Fasting2"]},{"cards_removed":["ReachHeaven"],"damage_healed":0.0,"max_hp_gain":0.0,"max_hp_loss":0.0,"gold_gain":0.0,"event_name":"Beggar","player_choice":"Gave Gold","floor":31.0,"gold_loss":75.0,"damage_taken":0.0},{"damage_healed":0,"gold_gain":0,"player_choice":"Relic","damage_taken":0,"max_hp_gain":0,"max_hp_loss":0,"event_name":"Wheel of Change","floor":38,"gold_loss":0},{"cards_removed":["Strike_P"],"damage_healed":0,"gold_gain":0,"player_choice":"Purged","damage_taken":0,"max_hp_gain":0,"max_hp_loss":0,"event_name":"Purifier","floor":41,"gold_loss":0}],"is_beta":true,"boss_relics":[{"not_picked":["Calling Bell","Tiny House"],"picked":"Fusion Hammer"},{"not_picked":["Velvet Choker","Coffee Dripper"],"picked":"Cursed Key"}],"items_purged_floors":[47,54],"is_endless":false,"potions_floor_spawned":[3,6,10,12,20,25,35,39,45,48,55],"ascension_level":20}}