{"host":"sian7qp8a9pc9xwd","time":1613154841,"event":{"mods":["BaseMod","Minty Spire (QoL Compilation)","StSLib","SuperFastMode"],"gold_per_floor":[365,365,384,384,27,27,43,43,43,81,99,99,134,20,20,140,140,163,95,111,111,134,134,134],"floor_reached":23,"language":"ENG","playtime":698,"items_purged":["Defend_P"],"score":374,"play_id":"243b366d-2761-4c5d-b194-7c04b3b81b3d","local_time":"20210212133401","is_ascension_mode":true,"campfire_choices":[{"data":"Blind","floor":6,"key":"SMITH"},{"floor":8,"key":"REST"},{"data":"BattleHymn","floor":15,"key":"SMITH"}],"circlet_count":0,"master_deck":["AscendersBane","Strike_P","Strike_P","Strike_P","Strike_P","Defend_P","Defend_P","Defend_P","Eruption","Vigilance","BattleHymn+1","Good Instincts","Pray","Blind+1","WindmillStrike","FlurryOfBlows","Scrawl","Establishment","FlurryOfBlows+1","Swift Strike+1","Devotion","Conclude+1","Necronomicurse","Study+1"],"relics":["PureWater","Golden Idol","Lantern","Orichalcum","Vajra","Molten Egg 2","Black Star","Necronomicon"],"acts_visited":["Exordium","TheCity"],"potions_floor_usage":[10,11,22,22,23],"damage_taken":[{"damage":14,"enemies":"Jaw Worm","floor":1,"turns":4},{"damage":12,"enemies":"Cultist","floor":3,"turns":4},{"damage":0,"enemies":"2 Louse","floor":7,"turns":3},{"damage":6,"enemies":"Lagavulin","floor":10,"turns":7},{"damage":0,"enemies":"2 Fungi Beasts","floor":11,"turns":2},{"damage":4,"enemies":"3 Sentries","floor":13,"turns":5},{"damage":0,"enemies":"Slime Boss","floor":16,"turns":3},{"damage":17,"enemies":"Chosen","floor":18,"turns":5},{"damage":9,"enemies":"Shell Parasite","floor":20,"turns":3},{"damage":0,"enemies":"Chosen and Byrds","floor":22,"turns":4},{"damage":20,"enemies":"Slavers","floor":23,"turns":1}],"seed_played":"6955473344668704925","potions_obtained":[{"floor":1,"key":"Block Potion"},{"floor":3,"key":"Energy Potion"},{"floor":13,"key":"BlessingOfTheForge"},{"floor":18,"key":"Swift Potion"},{"floor":22,"key":"DistilledChaos"}],"is_trial":false,"path_per_floor":["M","?","M","?","$","R","M","R","T","E","M","?","E","$","R","B",null,"M","$","M","?","M","E"],"character_chosen":"WATCHER","items_purchased":["Blind","Lantern","WindmillStrike","FlurryOfBlows+1","Swift Strike+1","Conclude+1"],"campfire_rested":1,"item_purchase_floors":[5,5,5,14,14,19],"current_hp_per_floor":[51,51,39,23,23,23,23,42,42,36,36,41,37,37,37,37,62,45,45,36,20,20,0,0],"gold":134,"neow_bonus":"TWO_FIFTY_GOLD","is_daily":false,"chose_seed":false,"campfire_upgraded":2,"win_rate":0.0,"timestamp":1613154841,"path_taken":["M","?","?","?","?","R","M","R","T","E","M","?","E","$","R","BOSS","M","$","M","?","M","E"],"items_purchased_type":["Card","Relic","Card","Card","Card","Card"],"build_version":"2020-12-22","purchased_purges":1,"victory":false,"max_hp_per_floor":[65,65,65,65,65,65,65,65,65,65,65,70,70,70,70,70,70,70,70,70,70,70,70,70],"card_choices":[{"not_picked":["WreathOfFlame","CrushJoints"],"picked":"BattleHymn","floor":1},{"not_picked":["Protect","JustLucky","ForeignInfluence"],"picked":"SKIP","floor":3},{"not_picked":["Consecrate","PathToVictory"],"picked":"FlurryOfBlows","floor":7},{"not_picked":["EmptyFist","CarveReality"],"picked":"Scrawl","floor":10},{"not_picked":["Halt","BowlingBash","JustLucky"],"picked":"SKIP","floor":11},{"not_picked":["JustLucky+1","FlyingSleeves+1"],"picked":"Establishment","floor":13},{"not_picked":["Wish","Alpha"],"picked":"Devotion","floor":16},{"not_picked":["Protect","WaveOfTheHand","SashWhip+1"],"picked":"SKIP","floor":18},{"not_picked":["SandsOfTime+1","Indignation","PathToVictory"],"picked":"SKIP","floor":20},{"not_picked":["SignatureMove+1","EmptyBody"],"picked":"Study+1","floor":22}],"player_experience":979816,"relics_obtained":[{"floor":9,"key":"Orichalcum"},{"floor":10,"key":"Vajra"},{"floor":13,"key":"Molten Egg 2"},{"floor":21,"key":"Necronomicon"}],"event_choices":[{"damage_healed":0,"gold_gain":0,"player_choice":"2 cards matched","damage_taken":0,"max_hp_gain":0,"max_hp_loss":0,"event_name":"Match and Keep!","floor":2,"gold_loss":0,"cards_obtained":["Good Instincts","Pray"]},{"damage_healed":0,"gold_gain":0,"player_choice":"Take Damage","damage_taken":16,"relics_obtained":["Golden Idol"],"max_hp_gain":0,"max_hp_loss":0,"event_name":"Golden Idol","floor":4,"gold_loss":0},{"damage_healed":0,"gold_gain":0,"player_choice":"Donut","damage_taken":0,"max_hp_gain":5,"max_hp_loss":0,"event_name":"Big Fish","floor":12,"gold_loss":0},{"damage_healed":0,"gold_gain":0,"player_choice":"Obtained Book","damage_taken":16,"max_hp_gain":0,"max_hp_loss":0,"event_name":"Cursed Tome","floor":21,"gold_loss":0}],"is_beta":false,"boss_relics":[{"not_picked":["Astrolabe","Pandora\u0027s Box"],"picked":"Black Star"}],"items_purged_floors":[5],"is_endless":false,"potions_floor_spawned":[1,3,13,18,22],"killed_by":"Slavers","ascension_level":10}}