{"host":"Bilverbakes","time":1613173228,"event":{"mods":["2.2 Compatiblity","AchievementEnabler","BaseMod","Bestiary","Colored Map","Minty Spire (QoL Compilation)","Relic Stats","StSLib","ojb\u0027s Info Mod"],"gold_per_floor":[110,260,260,30,41,67,80,100,153,153,166,198,253,74,74,146,146,161,361,94,109,121,121,121,121,121,121,121],"floor_reached":27,"language":"ENG","playtime":1055,"items_purged":["Doubt","Strike_G"],"score":542,"play_id":"0bf51cb7-52f5-473a-9b13-60cd95b42bda","local_time":"20210212174028","is_ascension_mode":true,"campfire_choices":[{"data":"Phantasmal Killer","floor":10.0,"key":"SMITH"},{"data":"Eviscerate","floor":15.0,"key":"SMITH"},{"data":"After Image","floor":23,"key":"SMITH"},{"data":"Terror","floor":25,"key":"SMITH"}],"circlet_count":0,"master_deck":["AscendersBane","Strike_G","Strike_G","Strike_G","Strike_G","Defend_G","Defend_G","Defend_G","Defend_G","Survivor","Neutralize","Blade Dance","Phantasmal Killer+1","Backstab","Masterful Stab","Eviscerate+1","PiercingWail","Blade Dance","Adrenaline","After Image+1","Terror+1"],"relics":["Ring of the Snake","NeowsBlessing","Darkstone Periapt","Orichalcum","StoneCalendar","Ornamental Fan","WristBlade","Potion Belt","CaptainsWheel"],"acts_visited":["Exordium","TheCity"],"potions_floor_usage":[27,27],"damage_taken":[{"damage":0.0,"enemies":"Jaw Worm","floor":1.0,"turns":1.0},{"damage":0.0,"enemies":"Cultist","floor":5.0,"turns":1.0},{"damage":0.0,"enemies":"Lagavulin","floor":6.0,"turns":1.0},{"damage":0.0,"enemies":"2 Louse","floor":7.0,"turns":2.0},{"damage":0.0,"enemies":"Exordium Thugs","floor":8.0,"turns":3.0},{"damage":0.0,"enemies":"2 Fungi Beasts","floor":11.0,"turns":3.0},{"damage":0.0,"enemies":"Gremlin Nob","floor":12.0,"turns":3.0},{"damage":8.0,"enemies":"3 Sentries","floor":13.0,"turns":5.0},{"damage":43.0,"enemies":"The Guardian","floor":16.0,"turns":9.0},{"damage":0.0,"enemies":"Chosen","floor":18.0,"turns":2.0},{"damage":6,"enemies":"Shell Parasite","floor":21,"turns":3},{"damage":0,"enemies":"Centurion and Healer","floor":22,"turns":5},{"damage":12,"enemies":"Gremlin Leader","floor":27,"turns":4}],"seed_played":"2719349746488215768","potions_obtained":[{"floor":1.0,"key":"AttackPotion"},{"floor":5.0,"key":"BlessingOfTheForge"},{"floor":13.0,"key":"BlessingOfTheForge"},{"floor":16.0,"key":"ColorlessPotion"}],"is_trial":false,"path_per_floor":["M","?","T","$","M","E","M","M","T","R","M","E","?","$","R","B",null,"M","?","$","M","M","R","?","R","T","E"],"character_chosen":"THE_SILENT","items_purchased":["Phantasmal Killer","Backstab","Adrenaline","Potion Belt"],"campfire_rested":0,"item_purchase_floors":[4,4,14,20],"current_hp_per_floor":[59,59,59,59,59,59,59,59,59,59,59,59,51,51,51,8,52,52,52,52,46,46,46,46,46,46,34,34],"gold":121,"neow_bonus":"THREE_ENEMY_KILL","is_daily":false,"chose_seed":false,"campfire_upgraded":4,"win_rate":0.0,"timestamp":1613173228,"path_taken":["M","?","?","$","M","E","?","M","T","R","M","E","?","?","R","BOSS","M","?","$","?","M","R","?","R","T","E"],"items_purchased_type":["Card","Card","Card","Relic"],"build_version":"2020-12-18","purchased_purges":2,"victory":false,"max_hp_per_floor":[66,66,66,66,66,66,66,66,66,66,66,66,66,66,66,66,66,66,66,66,66,66,66,66,66,66,66,66],"relic_stats":{"Darkstone Periapt":0,"counters":[13,42],"Ornamental Fan":[64],"StoneCalendar":[52],"Orichalcum":[60],"obtain_stats":[{"Darkstone Periapt":3,"Potion Belt":20,"CaptainsWheel":26,"NeowsBlessing":0,"WristBlade":17,"Ornamental Fan":13,"StoneCalendar":12,"Orichalcum":6,"Ring of the Snake":0},{"Darkstone Periapt":1,"Potion Belt":10,"CaptainsWheel":12,"NeowsBlessing":0,"WristBlade":9,"Ornamental Fan":7,"StoneCalendar":7,"Orichalcum":3,"Ring of the Snake":0},{"Darkstone Periapt":1,"Potion Belt":30,"CaptainsWheel":38,"NeowsBlessing":0,"WristBlade":28,"Ornamental Fan":14,"StoneCalendar":14,"Orichalcum":3,"Ring of the Snake":0}],"Ring of the Snake":[26]},"card_choices":[{"not_picked":["Sucker Punch","Deadly Poison"],"picked":"Blade Dance","floor":1.0},{"not_picked":["Cloak And Dagger","Deadly Poison"],"picked":"Masterful Stab","floor":5.0},{"not_picked":["Accuracy","Deadly Poison","Backflip"],"picked":"SKIP","floor":6.0},{"not_picked":["Dagger Spray","Noxious Fumes"],"picked":"Eviscerate","floor":7.0},{"not_picked":["Deflect","Cloak And Dagger","Bouncing Flask"],"picked":"SKIP","floor":8.0},{"not_picked":["Slice","Masterful Stab","Dodge and Roll"],"picked":"SKIP","floor":11.0},{"not_picked":["Accuracy","Quick Slash"],"picked":"PiercingWail","floor":12.0},{"not_picked":["Expertise","Acrobatics"],"picked":"Blade Dance","floor":13.0},{"not_picked":["Unload","Adrenaline"],"picked":"After Image","floor":16.0},{"not_picked":["Setup","Poisoned Stab","Flying Knee"],"picked":"SKIP","floor":18.0},{"not_picked":["Accuracy","Dagger Spray","Underhanded Strike"],"picked":"SKIP","floor":21},{"not_picked":["Slice","Bane"],"picked":"Terror","floor":22}],"player_experience":948938,"relics_obtained":[{"floor":3.0,"key":"Darkstone Periapt"},{"floor":6.0,"key":"Orichalcum"},{"floor":12.0,"key":"StoneCalendar"},{"floor":26,"key":"CaptainsWheel"}],"event_choices":[{"damage_healed":0.0,"max_hp_gain":0.0,"max_hp_loss":0.0,"gold_gain":150.0,"event_name":"Liars Game","player_choice":"AGREE","floor":2.0,"gold_loss":0.0,"damage_taken":0.0,"cards_obtained":["Doubt"]},{"damage_healed":0.0,"max_hp_gain":0.0,"max_hp_loss":0.0,"gold_gain":0.0,"event_name":"Dead Adventurer","player_choice":"Searched \u00273\u0027 times","floor":13.0,"gold_loss":0.0,"damage_taken":0.0,"relics_obtained":["Ornamental Fan"]},{"damage_healed":0.0,"max_hp_gain":0.0,"max_hp_loss":0.0,"gold_gain":250.0,"event_name":"The Joust","player_choice":"Bet on Owner","floor":19.0,"gold_loss":50.0,"damage_taken":0.0},{"cards_removed":["Defend_G"],"damage_healed":0,"gold_gain":0,"player_choice":"Offered Basic","damage_taken":0,"max_hp_gain":0,"max_hp_loss":0,"event_name":"Bonfire Elementals","floor":24,"gold_loss":0}],"is_beta":true,"boss_relics":[{"not_picked":["Runic Pyramid","Busted Crown"],"picked":"WristBlade"}],"items_purged_floors":[4,20],"is_endless":false,"potions_floor_spawned":[1,5,13,16],"killed_by":"Gremlin Leader","ascension_level":20}}