{"host":"u8f6oqzdc7r6igag","time":1613116388,"event":{"mods":["BaseMod","Minty Spire (QoL Compilation)","Relic Stats"],"gold_per_floor":[111,127,141,160,14,25,56,56,79,113,125,136,136,153,153,250,250,267,267,192,192,209,209,239,239,318,330,341,341,81,92,92,190,190,202,213,0,19,34,34,69,86,113,139,139,155,10,10,10,10,10,10,10,38,38,38],"floor_reached":55,"language":"ENG","playtime":3249,"items_purged":["Strike_G"],"score":992,"play_id":"3e34e973-5727-476f-ac37-fc1819a5de30","local_time":"20210212015308","is_ascension_mode":true,"campfire_choices":[{"data":"Noxious Fumes","floor":8.0,"key":"SMITH"},{"data":"Backflip","floor":13.0,"key":"SMITH"},{"data":"Bouncing Flask","floor":15.0,"key":"SMITH"},{"data":"Catalyst","floor":23.0,"key":"SMITH"},{"data":"Footwork","floor":25.0,"key":"SMITH"},{"floor":29.0,"key":"REST"},{"data":"Corpse Explosion","floor":32.0,"key":"SMITH"},{"data":"Footwork","floor":40.0,"key":"SMITH"},{"floor":45.0,"key":"RECALL"},{"data":"Dash","floor":49.0,"key":"SMITH"},{"data":"Poisoned Stab","floor":52,"key":"SMITH"}],"circlet_count":0,"master_deck":["Strike_G","Strike_G","Strike_G","Strike_G","Defend_G","Defend_G","Defend_G+1","Survivor+1","Neutralize+1","CurseOfTheBell","Footwork+1","Bouncing Flask+1","Flying Knee","Bane","Noxious Fumes+1","Quick Slash+1","Dash+1","Backflip+1","Poisoned Stab+1","Footwork+1","Predator+1","Corpse Explosion+1","Noxious Fumes+1","Catalyst+1","Underhanded Strike","Bullet Time","PiercingWail+1","Venomology","Bullet Time","Terror+1"],"relics":["Calling Bell","Boot","Matryoshka","Thread and Needle","Gambling Chip","Oddly Smooth Stone","Bag of Preparation","Whetstone","HoveringKite","Omamori","MealTicket","Gremlin Horn","Kunai","Snecko Eye","Red Mask","Paper Crane","War Paint","Pen Nib"],"acts_visited":["Exordium","TheCity","TheBeyond","TheEnding"],"potions_floor_usage":[50,54,55,55,55,55,55],"damage_taken":[{"damage":0.0,"enemies":"Cultist","floor":1.0,"turns":5.0},{"damage":0.0,"enemies":"2 Louse","floor":2.0,"turns":3.0},{"damage":0.0,"enemies":"Small Slimes","floor":3.0,"turns":4.0},{"damage":0.0,"enemies":"Looter","floor":4.0,"turns":4.0},{"damage":5.0,"enemies":"Exordium Wildlife","floor":6.0,"turns":5.0},{"damage":12.0,"enemies":"3 Sentries","floor":7.0,"turns":8.0},{"damage":0.0,"enemies":"Lagavulin","floor":10.0,"turns":6.0},{"damage":0.0,"enemies":"Gremlin Gang","floor":11.0,"turns":4.0},{"damage":0.0,"enemies":"Blue Slaver","floor":12.0,"turns":4.0},{"damage":5.0,"enemies":"Lots of Slimes","floor":14.0,"turns":3.0},{"damage":8.0,"enemies":"Slime Boss","floor":16.0,"turns":10.0},{"damage":0.0,"enemies":"Chosen","floor":18.0,"turns":5.0},{"damage":0.0,"enemies":"3 Byrds","floor":22.0,"turns":3.0},{"damage":26.0,"enemies":"Gremlin Leader","floor":24.0,"turns":6.0},{"damage":0.0,"enemies":"Centurion and Healer","floor":27.0,"turns":5.0},{"damage":8.0,"enemies":"Cultist and Chosen","floor":28.0,"turns":4.0},{"damage":0.0,"enemies":"3 Cultists","floor":31.0,"turns":2.0},{"damage":45.0,"enemies":"Automaton","floor":33.0,"turns":10.0},{"damage":0.0,"enemies":"3 Shapes","floor":35.0,"turns":4.0},{"damage":7.0,"enemies":"3 Darklings","floor":36.0,"turns":4.0},{"damage":0.0,"enemies":"Jaw Worm Horde","floor":38.0,"turns":3.0},{"damage":0.0,"enemies":"Writhing Mass","floor":39.0,"turns":4.0},{"damage":1.0,"enemies":"Nemesis","floor":41.0,"turns":5.0},{"damage":0.0,"enemies":"Maw","floor":42.0,"turns":5.0},{"damage":2.0,"enemies":"Giant Head","floor":44.0,"turns":6.0},{"damage":0.0,"enemies":"Sphere and 2 Shapes","floor":46.0,"turns":2.0},{"damage":19,"enemies":"Time Eater","floor":50,"turns":7},{"damage":30,"enemies":"Shield and Spear","floor":54,"turns":3},{"damage":82,"enemies":"The Heart","floor":55,"turns":3}],"seed_played":"2101346716761351679","potions_obtained":[{"floor":1.0,"key":"ColorlessPotion"},{"floor":6.0,"key":"SkillPotion"},{"floor":7.0,"key":"EssenceOfSteel"},{"floor":10.0,"key":"Fire Potion"},{"floor":16.0,"key":"Weak Potion"},{"floor":22.0,"key":"Swift Potion"},{"floor":24.0,"key":"Block Potion"},{"floor":31.0,"key":"SpeedPotion"},{"floor":33.0,"key":"GhostInAJar"},{"floor":35.0,"key":"LiquidBronze"},{"floor":41.0,"key":"Strength Potion"},{"floor":46.0,"key":"Swift Potion"}],"is_trial":false,"path_per_floor":["M","M","M","M","$","M","E","R","T","E","M","M","R","M","R","B",null,"M","?","?","?","M","R","E","R","T","M","M","R","$","M","R","B",null,"M","M","?","M","M","R","E","M","T","E","R","M","$","?","R","B",null,"R","$","E","B"],"character_chosen":"THE_SILENT","items_purchased":["Noxious Fumes","Kunai","Bullet Time"],"campfire_rested":1,"item_purchase_floors":[5,30,47],"current_hp_per_floor":[63,63,63,63,63,58,46,46,46,46,46,46,46,41,41,33,61,61,61,61,61,61,61,35,35,35,35,27,48,63,63,63,18,57,57,50,50,50,50,50,49,49,49,47,47,47,62,62,62,43,63,63,70,40,0,0],"gold":38,"neow_bonus":"BOSS_RELIC","is_daily":false,"chose_seed":false,"campfire_upgraded":9,"win_rate":0.0,"timestamp":1613116388,"path_taken":["M","M","M","M","$","M","E","R","T","E","M","?","R","M","R","BOSS","M","?","?","?","M","R","E","R","T","?","M","R","$","?","R","BOSS","M","M","?","M","M","R","E","M","T","E","R","M","$","?","R","BOSS","R","$","E","BOSS"],"items_purchased_type":["Card","Relic","Card"],"build_version":"2020-12-22","purchased_purges":1,"victory":false,"max_hp_per_floor":[70,70,70,70,70,70,70,70,70,70,70,70,70,70,70,70,70,70,70,70,70,70,70,70,70,70,70,70,70,70,70,70,70,70,70,70,70,70,70,70,70,70,70,70,70,70,70,70,70,70,70,70,70,70,70,70],"relic_stats":{"Gremlin Horn":[7,8],"counters":[29,137],"HoveringKite":[24],"Pen Nib":[0],"Bag of Preparation":[46],"Whetstone":["Neutralize","Quick Slash"],"War Paint":["Survivor","Defend_G"],"Boot":[70],"Gambling Chip":[76],"Snecko Eye":[94,98,112,94],"MealTicket":37,"Kunai":[21],"obtain_stats":[{"Gremlin Horn":26,"Oddly Smooth Stone":9,"HoveringKite":17,"Thread and Needle":0,"Pen Nib":54,"Bag of Preparation":9,"Omamori":24,"Whetstone":10,"Paper Crane":41,"War Paint":44,"Boot":0,"Calling Bell":0,"Matryoshka":0,"Gambling Chip":7,"Snecko Eye":34,"MealTicket":26,"Red Mask":37,"Kunai":30,"Ring of the Snake":0},{"Gremlin Horn":14,"Oddly Smooth Stone":6,"HoveringKite":11,"Thread and Needle":0,"Pen Nib":28,"Bag of Preparation":6,"Omamori":14,"Whetstone":7,"Paper Crane":23,"War Paint":25,"Boot":0,"Calling Bell":0,"Matryoshka":0,"Gambling Chip":6,"Snecko Eye":18,"MealTicket":14,"Red Mask":20,"Kunai":16,"Ring of the Snake":0},{"Gremlin Horn":70,"Oddly Smooth Stone":29,"HoveringKite":56,"Thread and Needle":0,"Pen Nib":134,"Bag of Preparation":29,"Omamori":70,"Whetstone":35,"Paper Crane":111,"War Paint":122,"Boot":0,"Calling Bell":0,"Matryoshka":0,"Gambling Chip":29,"Snecko Eye":91,"MealTicket":70,"Red Mask":99,"Kunai":79,"Ring of the Snake":0}]},"card_choices":[{"not_picked":["Deadly Poison","Blur"],"picked":"Footwork","floor":1.0},{"not_picked":["Leg Sweep","Endless Agony"],"picked":"Bouncing Flask","floor":2.0},{"not_picked":["Endless Agony","Tactician"],"picked":"Flying Knee","floor":3.0},{"not_picked":["Reflex","Dodge and Roll"],"picked":"Bane","floor":4.0},{"not_picked":["Slice","Dodge and Roll"],"picked":"Quick Slash","floor":6.0},{"not_picked":["Cloak And Dagger","Malaise"],"picked":"Dash","floor":7.0},{"not_picked":["Noxious Fumes","Eviscerate"],"picked":"Backflip","floor":10.0},{"not_picked":["Underhanded Strike","Distraction"],"picked":"Poisoned Stab","floor":11.0},{"not_picked":["Deadly Poison","Dagger Spray"],"picked":"Footwork","floor":12.0},{"not_picked":["Quick Slash","Infinite Blades"],"picked":"Predator","floor":14.0},{"not_picked":["Phantasmal Killer","Glass Knife"],"picked":"Corpse Explosion","floor":16.0},{"not_picked":["Poisoned Stab","Sucker Punch"],"picked":"Noxious Fumes+1","floor":18.0},{"not_picked":["Dash","Riddle With Holes"],"picked":"Catalyst","floor":22.0},{"not_picked":["Tactician","Bane","Reflex"],"picked":"SKIP","floor":24.0},{"not_picked":["Concentrate","Deadly Poison"],"picked":"Underhanded Strike","floor":27.0},{"not_picked":["Predator+1","Setup","Expertise"],"picked":"SKIP","floor":28.0},{"not_picked":["Expertise","Finisher","Predator"],"picked":"SKIP","floor":31.0},{"not_picked":["Tools of the Trade","Grand Finale"],"picked":"Bullet Time","floor":33.0},{"not_picked":["Blur","Masterful Stab","Quick Slash"],"picked":"SKIP","floor":35.0},{"not_picked":["Blur","Masterful Stab","Quick Slash"],"picked":"SKIP","floor":35.0},{"not_picked":["Acrobatics","Well Laid Plans+1"],"picked":"PiercingWail+1","floor":36.0},{"not_picked":["Slice+1","Flying Knee+1","Bane"],"picked":"SKIP","floor":38.0},{"not_picked":["Flying Knee+1","Sucker Punch","Slice"],"picked":"SKIP","floor":39.0},{"not_picked":["Accuracy+1","Prepared","Bane+1"],"picked":"SKIP","floor":41.0},{"not_picked":["Cloak And Dagger+1","Bane+1","Dagger Spray+1"],"picked":"SKIP","floor":42.0},{"not_picked":["Well Laid Plans+1","Footwork+1"],"picked":"Venomology","floor":44.0},{"not_picked":["Skewer+1","Eviscerate","Acrobatics+1"],"picked":"SKIP","floor":46.0},{"not_picked":["Sucker Punch","Venomology"],"picked":"Terror+1","floor":54}],"player_experience":166616,"relics_obtained":[{"floor":0.0,"key":"Boot"},{"floor":0.0,"key":"Matryoshka"},{"floor":0.0,"key":"Thread and Needle"},{"floor":7.0,"key":"Gambling Chip"},{"floor":9.0,"key":"Oddly Smooth Stone"},{"floor":9.0,"key":"Bag of Preparation"},{"floor":10.0,"key":"Whetstone"},{"floor":24.0,"key":"Omamori"},{"floor":26.0,"key":"MealTicket"},{"floor":26.0,"key":"Gremlin Horn"},{"floor":41.0,"key":"Paper Crane"},{"floor":44.0,"key":"War Paint"},{"floor":54,"key":"Pen Nib"}],"event_choices":[{"cards_removed":["Defend_G"],"damage_healed":0.0,"max_hp_gain":0.0,"max_hp_loss":0.0,"gold_gain":0.0,"event_name":"Back to Basics","player_choice":"Elegance","floor":19.0,"gold_loss":0.0,"damage_taken":0.0},{"cards_removed":["Defend_G"],"damage_healed":0.0,"max_hp_gain":0.0,"max_hp_loss":0.0,"gold_gain":0.0,"event_name":"Beggar","player_choice":"Gave Gold","floor":20.0,"gold_loss":75.0,"damage_taken":0.0},{"damage_healed":0.0,"max_hp_gain":0.0,"max_hp_loss":0.0,"gold_gain":0.0,"event_name":"Vampires","player_choice":"Ignored","floor":21.0,"gold_loss":0.0,"damage_taken":0.0},{"damage_healed":0.0,"max_hp_gain":0.0,"max_hp_loss":0.0,"gold_gain":0.0,"event_name":"Tomb of Lord Red Mask","player_choice":"Paid","floor":37.0,"gold_loss":213.0,"damage_taken":0.0,"relics_obtained":["Red Mask"]},{"damage_healed":0.0,"max_hp_gain":0.0,"max_hp_loss":0.0,"gold_gain":0.0,"event_name":"Upgrade Shrine","player_choice":"Upgraded","floor":48.0,"gold_loss":0.0,"damage_taken":0.0,"cards_upgraded":["Predator"]}],"is_beta":false,"boss_relics":[{"not_picked":["SacredBark","Fusion Hammer"],"picked":"HoveringKite"},{"not_picked":["Philosopher\u0027s Stone","Pandora\u0027s Box"],"picked":"Snecko Eye"}],"items_purged_floors":[5],"is_endless":false,"potions_floor_spawned":[1,6,7,10,16,22,24,31,33,35,36,41,46],"killed_by":"The Heart","ascension_level":6}}