{"host":"d0btaf6p0msba79e","time":1613148605,"event":{"mods":["BaseMod","BetterRewards","Minty Spire (QoL Compilation)"],"gold_per_floor":[365,377,377,452,452,465,475,532,532,532,609,609,625,575,575,575,575],"floor_reached":16,"language":"ENG","playtime":1093,"items_purged":[],"score":95,"play_id":"b45a5c83-9873-47d7-9f4a-a9e5b354089f","local_time":"20210213035005","is_ascension_mode":true,"campfire_choices":[{"floor":10,"key":"REST"},{"floor":12,"key":"DIG"},{"floor":15,"key":"DIG"}],"circlet_count":0,"master_deck":["Strike_P","Strike_P","Strike_P+1","Strike_P","Defend_P","Defend_P","Defend_P","Eruption+1","Vigilance","Conclude+1","Swivel","ThirdEye","FollowUp","Prostrate+1"],"relics":["PureWater","Shovel","Toxic Egg 2","HornCleat","Turnip","Happy Flower"],"acts_visited":["Exordium"],"potions_floor_usage":[16,16],"damage_taken":[{"damage":0,"enemies":"Jaw Worm","floor":1,"turns":3},{"damage":0,"enemies":"Small Slimes","floor":2,"turns":2},{"damage":0,"enemies":"2 Louse","floor":6,"turns":1},{"damage":0,"enemies":"2 Fungi Beasts","floor":7,"turns":2},{"damage":19,"enemies":"3 Sentries","floor":8,"turns":7},{"damage":0,"enemies":"Large Slime","floor":13,"turns":3},{"damage":41,"enemies":"The Guardian","floor":16,"turns":14}],"seed_played":"4815320378770463140","potions_obtained":[{"floor":1,"key":"PowerPotion"},{"floor":2,"key":"SpeedPotion"}],"is_trial":false,"path_per_floor":["M","M","?","?","?","M","M","?","T","R","T","R","M","?","R","B"],"character_chosen":"WATCHER","items_purchased":[],"campfire_rested":1,"item_purchase_floors":[],"current_hp_per_floor":[65,65,52,41,41,41,41,22,22,41,41,41,41,41,41,0,0],"gold":575,"neow_bonus":"TWO_FIFTY_GOLD","is_daily":false,"chose_seed":false,"campfire_upgraded":0,"win_rate":0.0,"timestamp":1613148605,"path_taken":["M","M","?","?","?","M","M","?","T","R","?","R","M","?","R","BOSS"],"items_purchased_type":[],"build_version":"2020-12-22","purchased_purges":0,"victory":false,"max_hp_per_floor":[65,65,65,65,65,65,65,65,65,65,65,65,65,65,65,65,65],"card_choices":[{"not_picked":["WheelKick","Sanctity"],"picked":"Conclude","floor":1},{"not_picked":["PathToVictory","ClearTheMind"],"picked":"Swivel","floor":2},{"not_picked":["Halt","Consecrate","BowlingBash"],"picked":"SKIP","floor":6},{"not_picked":["Crescendo","SignatureMove"],"picked":"ThirdEye","floor":7},{"not_picked":["EmptyFist","SashWhip"],"picked":"FollowUp","floor":8},{"not_picked":["FlurryOfBlows","Wireheading"],"picked":"Prostrate+1","floor":13}],"player_experience":989474,"relics_obtained":[{"floor":8,"key":"Shovel"},{"floor":9,"key":"Toxic Egg 2"},{"floor":11,"key":"HornCleat"},{"floor":12,"key":"Turnip"},{"floor":15,"key":"Happy Flower"}],"event_choices":[{"damage_healed":0,"gold_gain":0,"player_choice":"Entered Light","damage_taken":13,"max_hp_gain":0,"max_hp_loss":0,"event_name":"Shining Light","floor":3,"gold_loss":0,"cards_upgraded":["Strike_P","Conclude"]},{"damage_healed":0,"gold_gain":75,"player_choice":"Gather Gold","damage_taken":11,"max_hp_gain":0,"max_hp_loss":0,"event_name":"World of Goop","floor":4,"gold_loss":0},{"damage_healed":0,"gold_gain":0,"player_choice":"Grow","damage_taken":0,"max_hp_gain":0,"max_hp_loss":0,"event_name":"Living Wall","floor":5,"gold_loss":0,"cards_upgraded":["Eruption"]},{"damage_healed":0,"gold_gain":0,"player_choice":"Searched \u00272\u0027 times","damage_taken":0,"max_hp_gain":0,"max_hp_loss":0,"event_name":"Dead Adventurer","floor":8,"gold_loss":0},{"cards_removed":["Defend_P"],"damage_healed":0,"gold_gain":0,"player_choice":"Card Removal","damage_taken":0,"max_hp_gain":0,"max_hp_loss":0,"event_name":"The Cleric","floor":14,"gold_loss":50}],"is_beta":false,"boss_relics":[],"items_purged_floors":[],"is_endless":false,"potions_floor_spawned":[1,2],"killed_by":"The Guardian","ascension_level":1}}