{"host":"ssr6lqbm1ig5yrzu","time":1613130751,"event":{"mods":["BaseMod","Better Altar","Better Note","Better Third Choice","Downfall","Hermit","Jorbs\u0027s Wanderer Trilogy","Minty Spire (QoL Compilation)","Rare Cards Sparkle","Reliquary","Replay The Spire","Robot Space Explorer","Shedinja","StSLib","The Cursed","The Runesmith"],"gold_per_floor":[112,153,153,164,164,197,197,209,209,222,232,290,310,106,106,211,211,211,211],"floor_reached":18,"language":"ENG","playtime":3000,"items_purged":[],"score":187,"play_id":"760bf44e-dbe8-42e9-8006-be387a80228e","local_time":"20210212195231","is_ascension_mode":false,"campfire_choices":[{"data":"Runesmith:BackupBattery","floor":7.0,"key":"SMITH"},{"data":"Runesmith:CraftMagma","floor":15.0,"key":"SMITH"}],"circlet_count":0,"master_deck":["Runesmith:Strike_RS","Runesmith:Strike_RS","Runesmith:Strike_RS","Runesmith:Strike_RS","Runesmith:Defend_RS","Runesmith:Defend_RS","Runesmith:Defend_RS","Runesmith:Defend_RS","Runesmith:CraftFirestone","Runesmith:Fortify","Runesmith:BackupBattery+1","Runesmith:HeatExchange","Runesmith:HammerThrow","Regret","Runesmith:Empowerment","Runesmith:LithiumIon","Runesmith:ChiselStab","Runesmith:CraftMagma+1","Runesmith:Reinforce","Runesmith:UnstableHammer","Runesmith:LightningRod","Runesmith:Repurpose","Runesmith:CraftIndustria"],"relics":["Runesmith:BrokenRuby","NeowsBlessing","reliquary:Firecrackers","Runesmith:Nanobots","ReplayTheSpireMod:Ring of Challenge","Mercury Hourglass","Garlic","Counterbalance","ReplayTheSpireMod:TigerMarble","Ring of Chaos"],"acts_visited":["Exordium","TheCity"],"potions_floor_usage":[],"damage_taken":[{"damage":0.0,"enemies":"Small Slimes","floor":1.0,"turns":1.0},{"damage":0.0,"enemies":"Jaw Worm","floor":4.0,"turns":1.0},{"damage":0.0,"enemies":"Lagavulin","floor":6.0,"turns":1.0},{"damage":2.0,"enemies":"2 Louse","floor":8.0,"turns":2.0},{"damage":0.0,"enemies":"2 Fungi Beasts","floor":10.0,"turns":1.0},{"damage":0.0,"enemies":"3 Louse","floor":11.0,"turns":3.0},{"damage":17.0,"enemies":"Gremlin Nob","floor":12.0,"turns":4.0},{"damage":10.0,"enemies":"Looter","floor":13.0,"turns":2.0},{"damage":30.0,"enemies":"The Guardian","floor":16.0,"turns":9.0},{"damage":0,"enemies":"2 Thieves","floor":18,"turns":1}],"seed_played":"-4673311724798355991","potions_obtained":[{"floor":4.0,"key":"ColorlessPotion"},{"floor":6.0,"key":"hexamod:SoulburnPotion"},{"floor":8.0,"key":"Milkshake"},{"floor":13.0,"key":"hexamod:SoulburnPotion"}],"is_trial":false,"path_per_floor":["M","?","?","M","?","E","R","M","T","M","M","?","M","$","R","B",null,"M"],"character_chosen":"RUNESMITH_CLASS","items_purchased":["ReplayTheSpireMod:TigerMarble","Runesmith:Repurpose"],"campfire_rested":0,"item_purchase_floors":[14,14],"current_hp_per_floor":[70,70,70,70,70,70,70,68,68,68,68,51,41,41,41,11,70,70,70],"gold":211,"neow_bonus":"THREE_ENEMY_KILL","is_daily":false,"chose_seed":false,"campfire_upgraded":2,"win_rate":0.0,"timestamp":1613130751,"path_taken":["M","?","?","M","?","E","R","M","T","M","M","?","M","$","R","BOSS","M"],"items_purchased_type":["Relic","Card"],"build_version":"2020-12-22","purchased_purges":0,"victory":false,"max_hp_per_floor":[70,70,70,70,70,70,70,70,70,70,70,70,70,70,70,70,70,70,70],"card_choices":[{"not_picked":["Runesmith:EnergizedChisel","Runesmith:EarthShield"],"picked":"Runesmith:BackupBattery","floor":1.0},{"not_picked":["Runesmith:CraftVitae","Runesmith:Discharge"],"picked":"Runesmith:HeatExchange","floor":2.0},{"not_picked":["Runesmith:RuneHurl","Runesmith:Attraction"],"picked":"Runesmith:HammerThrow","floor":2.0},{"not_picked":["Runesmith:RuneHurl","Runesmith:Prism"],"picked":"Runesmith:Empowerment","floor":4.0},{"not_picked":["Runesmith:ReplicatingBarrier","Runesmith:RuneHurl"],"picked":"Runesmith:LithiumIon","floor":6.0},{"not_picked":["Runesmith:HeatExchange","Runesmith:FieryHammer"],"picked":"Runesmith:ChiselStab","floor":8.0},{"not_picked":["Runesmith:WhiteBalance","Runesmith:Retool"],"picked":"Runesmith:CraftMagma","floor":10.0},{"not_picked":["Runesmith:CraftProtectio","Runesmith:UnstableHammer"],"picked":"Runesmith:Reinforce","floor":11.0},{"not_picked":["Runesmith:Attraction","Runesmith:Empowerment"],"picked":"Runesmith:UnstableHammer","floor":12.0},{"not_picked":["Runesmith:OneForEveryone","Runesmith:UnstableHammer"],"picked":"Runesmith:LightningRod","floor":13.0},{"not_picked":["Runesmith:ArcReactor","Runesmith:CraftMedicinae"],"picked":"Runesmith:CraftIndustria","floor":16.0}],"player_experience":218721,"relics_obtained":[{"floor":2.0,"key":"reliquary:Firecrackers"},{"floor":5.0,"key":"ReplayTheSpireMod:Ring of Challenge"},{"floor":6.0,"key":"Mercury Hourglass"},{"floor":9.0,"key":"Garlic"}],"event_choices":[{"damage_healed":0.0,"max_hp_gain":0.0,"max_hp_loss":0.0,"gold_gain":0.0,"event_name":"Big Fish","player_choice":"Box","floor":3.0,"gold_loss":0.0,"damage_taken":0.0,"relics_obtained":["Runesmith:Nanobots"],"cards_obtained":["Regret"]},{"damage_healed":0.0,"max_hp_gain":0.0,"max_hp_loss":0.0,"gold_gain":30.0,"event_name":"Dead Adventurer","player_choice":"Searched \u00273\u0027 times","floor":12.0,"gold_loss":0.0,"damage_taken":0.0,"relics_obtained":["Counterbalance"]}],"is_beta":false,"boss_relics":[{"not_picked":["SlaversCollar","Tiny House"],"picked":"Ring of Chaos"}],"items_purged_floors":[],"is_endless":false,"potions_floor_spawned":[4,6,8,13,16],"killed_by":"2 Thieves","ascension_level":0}}