{"host":"2n2g1vowfllvjtvi","time":1613136445,"event":{"mods":["AchievementEnabler","BaseMod","Custom Start","GifTheSpireLib","Keyboard Shortcuts","Minty Spire (QoL Compilation)","Permanent Neow","Quick Restart","StSLib","SuperFastMode"],"gold_per_floor":[113,113,113,126,126,126,153,153,153,184,184,214,225,242,242,342,342,358,358,370,295,310,310,337,337,337,337,337,337,351,378,378,475,475,487,507,240,259,259,289,289,322,322,337,371,249,259,28,28,28],"floor_reached":51,"language":"KOR","playtime":1168,"items_purged":["Writhe","Strike_P+1","Vigilance","CarveReality+1"],"score":1312,"play_id":"4ca0a723-fb39-4e1c-86bc-be8399b6252b","local_time":"20210212222725","is_ascension_mode":true,"campfire_choices":[{"data":"Prostrate","floor":6.0,"key":"SMITH"},{"data":"MentalFortress","floor":8.0,"key":"SMITH"},{"floor":11.0,"key":"REST"},{"data":"CarveReality","floor":15.0,"key":"SMITH"},{"data":"Devotion","floor":25.0,"key":"SMITH"},{"data":"Wallop","floor":28.0,"key":"SMITH"},{"data":"WheelKick","floor":32.0,"key":"SMITH"},{"floor":41.0,"key":"REST"},{"data":"DeusExMachina","floor":49,"key":"SMITH"}],"circlet_count":0,"master_deck":["AscendersBane","Defend_P","Defend_P","Defend_P+1","Eruption+1","MentalFortress+1","Prostrate+1","Brilliance+1","Devotion+1","Wallop+1","EmptyFist","WheelKick+1","TalkToTheHand+1","MentalFortress+1","InnerPeace+1","DeusExMachina+1","FearNoEvil+1"],"relics":["PureWater","Tiny Chest","Toy Ornithopter","Pen Nib","Strawberry","Runic Pyramid","White Beast Statue","Question Card","Prayer Wheel","Sundial","Happy Flower","Empty Cage","Membership Card","PreservedInsect","The Courier","Anchor","Akabeko","Shovel","Nunchaku","Orrery","Mummified Hand"],"acts_visited":["Exordium","TheCity","TheBeyond"],"potions_floor_usage":[42,44,50,50],"damage_taken":[{"damage":0.0,"enemies":"2 Louse","floor":1.0,"turns":3.0},{"damage":0.0,"enemies":"Cultist","floor":4.0,"turns":3.0},{"damage":19.0,"enemies":"Lagavulin","floor":7.0,"turns":6.0},{"damage":10.0,"enemies":"Gremlin Nob","floor":10.0,"turns":3.0},{"damage":15.0,"enemies":"3 Sentries","floor":12.0,"turns":6.0},{"damage":0.0,"enemies":"Small Slimes","floor":13.0,"turns":3.0},{"damage":0.0,"enemies":"Looter","floor":14.0,"turns":1.0},{"damage":9.0,"enemies":"Hexaghost","floor":16.0,"turns":7.0},{"damage":0.0,"enemies":"Chosen","floor":18.0,"turns":3.0},{"damage":0.0,"enemies":"Shell Parasite","floor":20.0,"turns":2.0},{"damage":24.0,"enemies":"Snake Plant","floor":22.0,"turns":3.0},{"damage":3.0,"enemies":"Book of Stabbing","floor":24.0,"turns":4.0},{"damage":8.0,"enemies":"Centurion and Healer","floor":30.0,"turns":3.0},{"damage":22.0,"enemies":"Gremlin Leader","floor":31.0,"turns":6.0},{"damage":0.0,"enemies":"Automaton","floor":33.0,"turns":7.0},{"damage":10.0,"enemies":"3 Shapes","floor":35.0,"turns":3.0},{"damage":17.0,"enemies":"3 Darklings","floor":36.0,"turns":5.0},{"damage":21.0,"enemies":"Maw","floor":38.0,"turns":6.0},{"damage":22.0,"enemies":"Reptomancer","floor":40.0,"turns":3.0},{"damage":31,"enemies":"Nemesis","floor":42,"turns":9},{"damage":0,"enemies":"4 Shapes","floor":44,"turns":5},{"damage":0,"enemies":"Giant Head","floor":45,"turns":5},{"damage":0,"enemies":"Sphere and 2 Shapes","floor":47,"turns":3},{"damage":29,"enemies":"Awakened One","floor":50,"turns":8}],"seed_played":"-1081220718720461498","potions_obtained":[{"floor":7.0,"key":"Swift Potion"},{"floor":10.0,"key":"SkillPotion"},{"floor":13.0,"key":"FairyPotion"},{"floor":16.0,"key":"DuplicationPotion"},{"floor":20.0,"key":"Energy Potion"},{"floor":22.0,"key":"EssenceOfSteel"},{"floor":23.0,"key":"EssenceOfSteel"},{"floor":24.0,"key":"BlessingOfTheForge"},{"floor":30.0,"key":"SteroidPotion"},{"floor":31.0,"key":"Energy Potion"},{"floor":33.0,"key":"BottledMiracle"},{"floor":35.0,"key":"Fire Potion"},{"floor":36.0,"key":"Energy Potion"},{"floor":38.0,"key":"Ambrosia"},{"floor":40.0,"key":"SneckoOil"},{"floor":42,"key":"CultistPotion"},{"floor":44,"key":"Swift Potion"},{"floor":45,"key":"DistilledChaos"},{"floor":47,"key":"PowerPotion"}],"is_trial":false,"path_per_floor":["M","?","?","M","?","R","E","R","T","E","R","E","M","M","R","B",null,"M","?","M","$","M","?","E","R","T","T","R","?","M","E","R","B",null,"M","M","$","M","?","E","R","E","T","M","E","$","M","$","R","B",null],"character_chosen":"WATCHER","items_purchased":["Membership Card","PreservedInsect","Nunchaku","Orrery","Mummified Hand"],"campfire_rested":2,"item_purchase_floors":[37,37,46,48,48],"current_hp_per_floor":[65,52,52,52,52,52,33,33,33,28,47,39,44,44,44,35,63,63,63,68,68,49,49,56,56,56,56,56,56,53,36,36,36,63,58,46,46,35,35,18,38,12,12,17,17,17,17,17,17,25],"gold":28,"neow_bonus":"TRANSFORM_TWO_CARDS","is_daily":false,"chose_seed":false,"campfire_upgraded":7,"win_rate":0.0,"timestamp":1613136445,"path_taken":["M","?","?","?","?","R","E","R","T","E","R","E","?","M","R","BOSS","M","?","M","$","M","?","E","R","T","?","R","?","?","E","R","BOSS","M","M","$","M","?","E","R","E","T","M","E","$","M","$","R","BOSS"],"items_purchased_type":["Relic","Relic","Relic","Relic","Relic"],"build_version":"2020-12-22","purchased_purges":4,"victory":true,"max_hp_per_floor":[65,65,65,65,65,65,65,65,65,65,65,72,72,72,72,72,72,72,72,72,72,72,72,72,72,72,72,72,72,72,72,72,72,72,72,72,72,72,68,68,68,68,68,68,68,68,68,68,68,68],"card_choices":[{"not_picked":["Crescendo","FlyingSleeves"],"picked":"Prostrate","floor":1.0},{"not_picked":["FlurryOfBlows","Meditate","PathToVictory"],"picked":"SKIP","floor":4.0},{"not_picked":["FlurryOfBlows","SandsOfTime","CarveReality"],"picked":"SKIP","floor":7.0},{"not_picked":["JustLucky","MasterReality"],"picked":"Brilliance","floor":10.0},{"not_picked":["Crescendo","WaveOfTheHand","ClearTheMind"],"picked":"SKIP","floor":12.0},{"not_picked":["JustLucky","Halt","BowlingBash"],"picked":"SKIP","floor":13.0},{"not_picked":["Fasting2","ClearTheMind","FlurryOfBlows"],"picked":"SKIP","floor":14.0},{"not_picked":["DeusExMachina","SpiritShield"],"picked":"Devotion","floor":16.0},{"not_picked":["FlurryOfBlows+1","PathToVictory","CrushJoints"],"picked":"SKIP","floor":18.0},{"not_picked":["Weave","CrushJoints","BattleHymn"],"picked":"SKIP","floor":20.0},{"not_picked":["FlurryOfBlows","ThirdEye+1"],"picked":"Wallop","floor":22.0},{"not_picked":["SashWhip","CutThroughFate","FlurryOfBlows"],"picked":"SKIP","floor":24.0},{"not_picked":["FlurryOfBlows","WindmillStrike","SignatureMove"],"picked":"EmptyFist","floor":30.0},{"not_picked":["ThirdEye","FlurryOfBlows+1","SashWhip+1","FlyingSleeves"],"picked":"SKIP","floor":30.0},{"not_picked":["Ragnarok","Vengeance","SashWhip"],"picked":"WheelKick","floor":31.0},{"not_picked":["CutThroughFate+1","SashWhip+1","Worship+1"],"picked":"TalkToTheHand+1","floor":35.0},{"not_picked":["Tantrum","EmptyFist+1","SashWhip"],"picked":"MentalFortress+1","floor":35.0},{"not_picked":["Vengeance","Perseverance","JustLucky"],"picked":"InnerPeace+1","floor":36.0},{"not_picked":["ClearTheMind+1","Crescendo","SandsOfTime","PathToVictory+1"],"picked":"SKIP","floor":36.0},{"not_picked":["LessonLearned","SashWhip","Protect+1","ReachHeaven"],"picked":"SKIP","floor":38.0},{"not_picked":["EmptyFist+1","ThirdEye","PathToVictory+1","Crescendo+1"],"picked":"SKIP","floor":38.0},{"not_picked":["EmptyFist+1","EmptyBody","SignatureMove+1","ClearTheMind"],"picked":"SKIP","floor":40.0},{"not_picked":["SashWhip+1","Worship","Meditate+1"],"picked":"DeusExMachina","floor":42},{"not_picked":["FlurryOfBlows","CarveReality+1","FlyingSleeves","BowlingBash"],"picked":"SKIP","floor":44},{"not_picked":["Conclude","ThirdEye","DeceiveReality+1","CutThroughFate"],"picked":"SKIP","floor":44},{"not_picked":["Study+1","Tantrum","ThirdEye","EmptyFist+1"],"picked":"SKIP","floor":45},{"not_picked":["FlurryOfBlows+1","CarveReality","Protect+1","Halt"],"picked":"SKIP","floor":47},{"not_picked":["EmptyFist+1","FollowUp+1","Wireheading+1","WaveOfTheHand"],"picked":"SKIP","floor":47},{"not_picked":["FlurryOfBlows+1","CarveReality","Protect+1","Halt"],"picked":"SKIP","floor":47},{"not_picked":["EmptyFist+1","FollowUp+1","Wireheading+1","WaveOfTheHand"],"picked":"SKIP","floor":47},{"not_picked":["FlyingSleeves","ThirdEye","EmptyFist+1"],"picked":"FearNoEvil+1","floor":48}],"player_experience":230759,"relics_obtained":[{"floor":7.0,"key":"Tiny Chest"},{"floor":9.0,"key":"Toy Ornithopter"},{"floor":10.0,"key":"Pen Nib"},{"floor":12.0,"key":"Strawberry"},{"floor":24.0,"key":"Question Card"},{"floor":26.0,"key":"Prayer Wheel"},{"floor":27.0,"key":"Sundial"},{"floor":31.0,"key":"Happy Flower"},{"floor":40.0,"key":"The Courier"},{"floor":42,"key":"Anchor"},{"floor":43,"key":"Akabeko"},{"floor":45,"key":"Shovel"}],"event_choices":[{"damage_healed":0.0,"max_hp_gain":0.0,"max_hp_loss":0.0,"gold_gain":0.0,"event_name":"Shining Light","player_choice":"Entered Light","floor":2.0,"gold_loss":0.0,"damage_taken":13.0,"cards_upgraded":["Strike_P","Defend_P"]},{"damage_healed":0.0,"max_hp_gain":0.0,"max_hp_loss":0.0,"gold_gain":0.0,"event_name":"The Woman in Blue","player_choice":"Bought 0 Potions","floor":3.0,"gold_loss":0.0,"damage_taken":0.0},{"damage_healed":0.0,"max_hp_gain":0.0,"max_hp_loss":0.0,"gold_gain":0.0,"event_name":"Accursed Blacksmith","player_choice":"Forge","floor":5.0,"gold_loss":0.0,"damage_taken":0.0,"cards_upgraded":["Eruption"]},{"damage_healed":0.0,"max_hp_gain":0.0,"max_hp_loss":0.0,"gold_gain":0.0,"event_name":"The Mausoleum","player_choice":"Opened","floor":19.0,"gold_loss":0.0,"damage_taken":0.0,"relics_obtained":["White Beast Statue"],"cards_obtained":["Writhe"]},{"damage_healed":0.0,"max_hp_gain":0.0,"max_hp_loss":0.0,"gold_gain":0.0,"event_name":"Lab","player_choice":"Got Potions","floor":23.0,"gold_loss":0.0,"damage_taken":0.0},{"damage_healed":0.0,"max_hp_gain":0.0,"max_hp_loss":0.0,"gold_gain":0.0,"event_name":"Upgrade Shrine","player_choice":"Upgraded","floor":29.0,"gold_loss":0.0,"damage_taken":0.0,"cards_upgraded":["Brilliance"]},{"damage_healed":0.0,"max_hp_gain":0.0,"max_hp_loss":4.0,"gold_gain":0.0,"event_name":"Winding Halls","player_choice":"Max HP","floor":39.0,"gold_loss":0.0,"damage_taken":0.0}],"is_beta":false,"boss_relics":[{"not_picked":["Philosopher\u0027s Stone","Calling Bell"],"picked":"Runic Pyramid"},{"not_picked":["Sozu","HolyWater"],"picked":"Empty Cage"}],"items_purged_floors":[21,37,46,48],"is_endless":false,"potions_floor_spawned":[7,10,13,16,20,22,24,30,31,33,35,36,38,40,42,44,45,47],"ascension_level":10}}