{"host":"2pffx5rqbod9ds0c","time":1613106079,"event":{"mods":["BaseMod","Better Altar","Better Match","Better Note","Better Sensory Stone","Better Skull","Better Third Choice","Bossed Relics","Custom Start","Hubris","Minty Spire (QoL Compilation)","Quick Restart","Relic Stats","Spicy Shops","StSLib","The Edgeheg"],"gold_per_floor":[89,110159,110159,110159,108699,108699,108673,108699,108725,107027,107055,107076,107107,107123,107123,107218,107218,107238,107130,107040,105718,105732,105732,105767,105767,105792,105802,105207,105261,105274,105294,105294,105394,105394,105405,105405,105424,104675,104685,104713,104101,104101,104181,104200,104226,104226,104126,104126,104126,104126],"floor_reached":51,"language":"ENG","playtime":2335,"items_purged":["theEdgeheg:StarterShootAttack","theEdgeheg:StarterShootAttack","theEdgeheg:StarterShootAttack","theEdgeheg:MasterEmerald","theEdgeheg:QuickKatana","Pain","theEdgeheg:GatherChaos"],"score":1215,"play_id":"e9b5bf94-db2a-40cb-aeff-85f054db7826","local_time":"20210211210119","is_ascension_mode":true,"campfire_choices":[{"data":"theEdgeheg:SephirotKatana","floor":6.0,"key":"SMITH"},{"data":"Apotheosis","floor":15.0,"key":"SMITH"},{"data":"hubris:DuctTapeCard","floor":23.0,"key":"SMITH"},{"data":"theEdgeheg:FastRevolver","floor":25.0,"key":"SMITH"},{"data":"theEdgeheg:DualPistols","floor":32.0,"key":"SMITH"},{"floor":49,"key":"RECALL"}],"circlet_count":0,"master_deck":["theEdgeheg:StarterDodgeSkill","theEdgeheg:StarterDodgeSkill","theEdgeheg:StarterDodgeSkill","theEdgeheg:ChaosControlSkill+1","theEdgeheg:HappiestTimmy","theEdgeheg:Butt","theEdgeheg:TimmyBackflip","theEdgeheg:DualPistols+1","theEdgeheg:SephirotKatana+1","theEdgeheg:UnplayableBomb+1","Apotheosis+1","theEdgeheg:FastRevolver+1","theEdgeheg:BetterDodge+1","theEdgeheg:SuperDodge+1","theEdgeheg:BlankCard","theEdgeheg:Fastness+1","theEdgeheg:CSGun","theEdgeheg:GunFu","hubris:DuctTapeCard","theEdgeheg:BlockingGF","DevaForm","theEdgeheg:CSGun"],"relics":["theEdgeheg:UltimateLifeformRelic","theEdgeheg:CSGunRelic","hubris:Teleporter","Gremlin Horn","Orichalcum","theEdgeheg:SilverEmeraldRelic","Art of War","Orrery","hubris:Towel","hubris:Icosahedron","hubris:OldNail","TheAbacus","InkBottle","Du-Vu Doll","hubris:MysteriousPyramids","Vajra","Regal Pillow","CaptainsWheel","hubris:TinFlute","OrangePellets","Tiny Chest","Ornamental Fan","hubris:DuctTape","Odd Mushroom","hubris:MedicalManual","Coffee Dripper","Turnip","Mummified Hand","Happy Flower","Anchor","hubris:EmptyBottle","Bag of Marbles","Oddly Smooth Stone","Membership Card","hubris:AstralHammer","Potion Belt","Sundial","hubris:PeanutButter","hubris:ToyBattleship","Fusion Hammer","theEdgeheg:YellowEmeraldRelic","Sling","PreservedInsect","Pen Nib","Dream Catcher","War Paint","theEdgeheg:CyanEmeraldRelic","Chemical X","HornCleat","HandDrill","Whetstone","hubris:DisguiseKit","Bottled Tornado","hubris:CuriousFeather","Letter Opener","Bottled Lightning","hubris:SphereOfDissonance"],"acts_visited":["Exordium","TheCity","TheBeyond"],"potions_floor_usage":[50,50,50,50],"damage_taken":[{"damage":1.0,"enemies":"2 Louse","floor":1.0,"turns":5.0},{"damage":0.0,"enemies":"3 Sentries","floor":8.0,"turns":9.0},{"damage":0.0,"enemies":"Lagavulin","floor":11.0,"turns":6.0},{"damage":0.0,"enemies":"The Mushroom Lair","floor":12.0,"turns":4.0},{"damage":0.0,"enemies":"Gremlin Nob","floor":13.0,"turns":6.0},{"damage":0.0,"enemies":"Jaw Worm","floor":14.0,"turns":2.0},{"damage":0.0,"enemies":"Slime Boss","floor":16.0,"turns":12.0},{"damage":0.0,"enemies":"Shell Parasite","floor":18.0,"turns":5.0},{"damage":0.0,"enemies":"Chosen","floor":22.0,"turns":4.0},{"damage":0.0,"enemies":"Book of Stabbing","floor":24.0,"turns":1.0},{"damage":0.0,"enemies":"Snake Plant","floor":27.0,"turns":2.0},{"damage":0.0,"enemies":"Shelled Parasite and Fungi","floor":30.0,"turns":4.0},{"damage":0.0,"enemies":"Centurion and Healer","floor":31.0,"turns":4.0},{"damage":0.0,"enemies":"Champ","floor":33.0,"turns":4.0},{"damage":1.0,"enemies":"3 Shapes","floor":35.0,"turns":2.0},{"damage":0.0,"enemies":"Orb Walker","floor":37.0,"turns":2.0},{"damage":0,"enemies":"4 Shapes","floor":39,"turns":4},{"damage":0,"enemies":"Giant Head","floor":40,"turns":1},{"damage":0,"enemies":"Maw","floor":44,"turns":5},{"damage":0,"enemies":"Reptomancer","floor":45,"turns":3},{"damage":0,"enemies":"hubris:GrandSnecko","floor":50,"turns":1}],"seed_played":"3906014853233965474","potions_obtained":[{"floor":12.0,"key":"Fire Potion"},{"floor":30.0,"key":"Regen Potion"},{"floor":33.0,"key":"CultistPotion"}],"is_trial":false,"path_per_floor":["M","$","?","?","$","R","?","E","T","$","E","?","E","M","R","B",null,"M","?","?","$","M","R","E","R","T","M","$","T","M","M","R","B",null,"M","?","M","$","M","E","$","T","T","M","E","?","NS","T","R","B",null],"character_chosen":"THE_DEFAULT","items_purchased":["Gremlin Horn","Orichalcum","theEdgeheg:SilverEmeraldRelic","Art of War","theEdgeheg:HappiestTimmy","theEdgeheg:Butt","theEdgeheg:MasterEmerald","Orrery","hubris:OldNail","TheAbacus","InkBottle","Du-Vu Doll","theEdgeheg:SephirotKatana","theEdgeheg:UnplayableBomb","hubris:MysteriousPyramids","Apotheosis","theEdgeheg:FastRevolver","CaptainsWheel","hubris:TinFlute","OrangePellets","Tiny Chest","Ornamental Fan","FairyPotion","DistilledChaos","Mummified Hand","Happy Flower","Anchor","hubris:EmptyBottle","theEdgeheg:CSGun","Membership Card","hubris:AstralHammer","Potion Belt","Sundial","hubris:PeanutButter","theEdgeheg:YellowEmeraldRelic","Sling","PreservedInsect","Pen Nib","Dream Catcher","War Paint","theEdgeheg:BlockingGF","Chemical X","HornCleat","HandDrill","Whetstone","hubris:DisguiseKit","Bottled Tornado"],"campfire_rested":0,"item_purchase_floors":[2,2,2,2,2,2,2,2,5,5,5,5,5,5,5,10,10,10,10,10,10,10,10,10,21,21,21,21,21,28,28,28,28,28,38,38,38,38,38,38,38,41,41,41,41,41,41],"current_hp_per_floor":[5,5,5,5,5,5,5,5,5,5,5,5,5,5,5,5,5,5,5,5,5,5,5,5,5,5,5,5,5,5,5,5,5,5,4,4,4,4,5,5,5,5,5,5,5,5,5,5,5,5],"gold":104126,"neow_bonus":"ONE_RARE_RELIC","is_daily":false,"chose_seed":false,"campfire_upgraded":5,"win_rate":0.0,"timestamp":1613106079,"path_taken":["M","$","?","?","$","R","?","E","T","$","E","?","E","M","R","BOSS","M","?","?","$","M","R","E","R","T","M","$","?","M","M","R","BOSS","M","?","M","$","M","E","$","?","T","M","E","?","NS","?","R","BOSS"],"items_purchased_type":["Relic","Relic","Relic","Relic","Card","Card","Card","Relic","Relic","Relic","Relic","Relic","Card","Card","Relic","Card","Card","Relic","Relic","Relic","Relic","Relic","Potion","Potion","Relic","Relic","Relic","Relic","Card","Relic","Relic","Relic","Relic","Relic","Relic","Relic","Relic","Relic","Relic","Relic","Card","Relic","Relic","Relic","Relic","Relic","Relic"],"build_version":"2020-12-22","purchased_purges":7,"victory":true,"max_hp_per_floor":[5,5,5,5,5,5,5,5,5,5,5,5,5,5,5,5,5,5,5,5,5,5,5,5,5,5,5,5,5,5,5,5,5,5,5,5,5,5,5,5,5,5,5,5,5,5,5,5,5,5],"relic_stats":{"Regal Pillow":0,"Gremlin Horn":[15,15],"Happy Flower":[12],"counters":[21,86],"PreservedInsect":187,"Pen Nib":[2],"Whetstone":["theEdgeheg:BloodyKatana","theEdgeheg:UnplayableBomb"],"Letter Opener":[30],"Orichalcum":[120],"War Paint":["theEdgeheg:SuperDodge","theEdgeheg:ChaosControlSkill"],"OrangePellets":[16],"Dream Catcher":0,"TheAbacus":[114],"Ornamental Fan":[44],"Mummified Hand":[52],"Sundial":[4],"Tiny Chest":2,"Turnip":[5],"Art of War":[18],"HandDrill":[0],"Chemical X":[1],"obtain_stats":[{"Gremlin Horn":2,"Vajra":8,"Whetstone":41,"hubris:MysteriousPyramids":5,"Bottled Tornado":41,"Sling":38,"HornCleat":41,"theEdgeheg:UltimateLifeformRelic":0,"hubris:AstralHammer":28,"Sundial":28,"Fusion Hammer":34,"HandDrill":41,"hubris:TinFlute":10,"hubris:Teleporter":0,"hubris:DuctTape":11,"Happy Flower":21,"theEdgeheg:SilverEmeraldRelic":2,"theEdgeheg:CSGunRelic":0,"Oddly Smooth Stone":26,"hubris:SphereOfDissonance":48,"Pen Nib":38,"theEdgeheg:YellowEmeraldRelic":38,"Letter Opener":43,"War Paint":38,"Du-Vu Doll":5,"OrangePellets":10,"theEdgeheg:CyanEmeraldRelic":40,"hubris:PeanutButter":28,"hubris:ToyBattleship":29,"Regal Pillow":9,"hubris:EmptyBottle":21,"Dream Catcher":38,"hubris:Icosahedron":4,"TheAbacus":5,"Mummified Hand":21,"Tiny Chest":10,"hubris:CuriousFeather":42,"Chemical X":41,"InkBottle":5,"Potion Belt":28,"hubris:DisguiseKit":41,"hubris:MedicalManual":13,"PreservedInsect":38,"Orichalcum":2,"hubris:Towel":3,"Odd Mushroom":12,"CaptainsWheel":10,"Anchor":21,"Ornamental Fan":10,"Orrery":2,"Turnip":19,"Art of War":2,"Coffee Dripper":17,"Bag of Marbles":24,"Membership Card":28,"Bottled Lightning":45,"hubris:OldNail":5},{"Gremlin Horn":1,"Vajra":2,"Whetstone":18,"hubris:MysteriousPyramids":1,"Bottled Tornado":18,"Sling":16,"HornCleat":18,"theEdgeheg:UltimateLifeformRelic":0,"hubris:AstralHammer":11,"Sundial":11,"Fusion Hammer":14,"HandDrill":18,"hubris:TinFlute":2,"hubris:Teleporter":0,"hubris:DuctTape":3,"Happy Flower":8,"theEdgeheg:SilverEmeraldRelic":1,"theEdgeheg:CSGunRelic":0,"Oddly Smooth Stone":10,"hubris:SphereOfDissonance":20,"Pen Nib":16,"theEdgeheg:YellowEmeraldRelic":16,"Letter Opener":18,"War Paint":16,"Du-Vu Doll":1,"OrangePellets":2,"theEdgeheg:CyanEmeraldRelic":18,"hubris:PeanutButter":11,"hubris:ToyBattleship":11,"Regal Pillow":2,"hubris:EmptyBottle":8,"Dream Catcher":16,"hubris:Icosahedron":1,"TheAbacus":1,"Mummified Hand":8,"Tiny Chest":2,"hubris:CuriousFeather":18,"Chemical X":18,"InkBottle":1,"Potion Belt":11,"hubris:DisguiseKit":18,"hubris:MedicalManual":5,"PreservedInsect":16,"Orichalcum":1,"hubris:Towel":1,"Odd Mushroom":4,"CaptainsWheel":2,"Anchor":8,"Ornamental Fan":2,"Orrery":1,"Turnip":8,"Art of War":1,"Coffee Dripper":7,"Bag of Marbles":10,"Membership Card":11,"Bottled Lightning":20,"hubris:OldNail":1},{"Gremlin Horn":5,"Vajra":14,"Whetstone":77,"hubris:MysteriousPyramids":5,"Bottled Tornado":77,"Sling":72,"HornCleat":77,"theEdgeheg:UltimateLifeformRelic":0,"hubris:AstralHammer":56,"Sundial":56,"Fusion Hammer":68,"HandDrill":77,"hubris:TinFlute":14,"hubris:Teleporter":0,"hubris:DuctTape":20,"Happy Flower":49,"theEdgeheg:SilverEmeraldRelic":5,"theEdgeheg:CSGunRelic":0,"Oddly Smooth Stone":54,"hubris:SphereOfDissonance":85,"Pen Nib":72,"theEdgeheg:YellowEmeraldRelic":72,"Letter Opener":77,"War Paint":72,"Du-Vu Doll":5,"OrangePellets":14,"theEdgeheg:CyanEmeraldRelic":77,"hubris:PeanutButter":56,"hubris:ToyBattleship":56,"Regal Pillow":14,"hubris:EmptyBottle":49,"Dream Catcher":72,"hubris:Icosahedron":5,"TheAbacus":5,"Mummified Hand":49,"Tiny Chest":14,"hubris:CuriousFeather":77,"Chemical X":77,"InkBottle":5,"Potion Belt":56,"hubris:DisguiseKit":77,"hubris:MedicalManual":30,"PreservedInsect":72,"Orichalcum":5,"hubris:Towel":5,"Odd Mushroom":24,"CaptainsWheel":14,"Anchor":49,"Ornamental Fan":14,"Orrery":5,"Turnip":49,"Art of War":5,"Coffee Dripper":44,"Bag of Marbles":54,"Membership Card":56,"Bottled Lightning":85,"hubris:OldNail":5}],"InkBottle":[29]},"card_choices":[{"not_picked":["theEdgeheg:BlowCover","theEdgeheg:RollAndShoot"],"picked":"theEdgeheg:Fastness","floor":1.0},{"not_picked":["theEdgeheg:TimmyBackflip","theEdgeheg:CrazyGirlfriend"],"picked":"theEdgeheg:QuickKatana","floor":2.0},{"not_picked":["theEdgeheg:Heh","theEdgeheg:BlackKatana"],"picked":"theEdgeheg:TimmyBackflip","floor":2.0},{"not_picked":["theEdgeheg:BlackKatana","theEdgeheg:SkateboardTrick"],"picked":"theEdgeheg:DualPistols","floor":2.0},{"not_picked":["theEdgeheg:ChaosControlSkill","theEdgeheg:QuickKatana"],"picked":"theEdgeheg:Fastness","floor":2.0},{"not_picked":["theEdgeheg:ChaosBlast","theEdgeheg:TimmyBackflip","theEdgeheg:Grr"],"picked":"SKIP","floor":8.0},{"not_picked":["theEdgeheg:Shotgun","theEdgeheg:Glare"],"picked":"theEdgeheg:BetterDodge","floor":11.0},{"not_picked":["theEdgeheg:SexyGirlfriend","theEdgeheg:SupersonicSpeed"],"picked":"theEdgeheg:SuperDodge","floor":13.0},{"not_picked":["theEdgeheg:Shotgun","theEdgeheg:BadassArsenal"],"picked":"theEdgeheg:BlankCard","floor":14.0},{"not_picked":["theEdgeheg:DodgeKatana","theEdgeheg:BloodyNodachi"],"picked":"theEdgeheg:Fastness+1","floor":18.0},{"not_picked":["theEdgeheg:MasterEmerald","theEdgeheg:TimmyBackflip","theEdgeheg:PlayRandomCard"],"picked":"SKIP","floor":22.0},{"not_picked":["theEdgeheg:TeleportsAbove","theEdgeheg:QuickKatana","theEdgeheg:Fastness"],"picked":"SKIP","floor":24.0},{"not_picked":["theEdgeheg:BetterDodge","theEdgeheg:PlayRandomCard+1","theEdgeheg:MachineGun"],"picked":"SKIP","floor":27.0},{"not_picked":["theEdgeheg:RandomChaosCard","theEdgeheg:DualPistols","theEdgeheg:Heh"],"picked":"SKIP","floor":30.0},{"not_picked":["theEdgeheg:Heh","theEdgeheg:KatanaGF","theEdgeheg:MasterEmerald+1"],"picked":"SKIP","floor":31.0},{"not_picked":["theEdgeheg:SuperDodge","theEdgeheg:SephirotKatana"],"picked":"theEdgeheg:GunFu","floor":33.0},{"not_picked":["theEdgeheg:Reload","theEdgeheg:BloodyNodachi","theEdgeheg:DodgeKatana"],"picked":"SKIP","floor":35.0},{"not_picked":["theEdgeheg:CrazyGirlfriend+1","theEdgeheg:QuickDraw","theEdgeheg:RegularGun"],"picked":"SKIP","floor":37.0},{"not_picked":["theEdgeheg:DrawGun+1","theEdgeheg:QuickDraw+1","theEdgeheg:Glare+1"],"picked":"SKIP","floor":39},{"not_picked":["theEdgeheg:QuickDraw+1","theEdgeheg:Glare+1"],"picked":"theEdgeheg:DrawGun+1","floor":39},{"not_picked":["theEdgeheg:CrazyGirlfriend+1","theEdgeheg:SoulSiphon","theEdgeheg:Heh+1"],"picked":"SKIP","floor":40},{"not_picked":["theEdgeheg:HappiestTimmy","theEdgeheg:BlackKatana+1","theEdgeheg:ChaosBlast","Collect"],"picked":"SKIP","floor":44},{"not_picked":["theEdgeheg:CoolExplosion","theEdgeheg:BloodyKatana","theEdgeheg:ChaosControlSkill+1"],"picked":"DevaForm","floor":45}],"player_experience":764420,"relics_obtained":[{"floor":8.0,"key":"Vajra"},{"floor":9.0,"key":"Regal Pillow"},{"floor":11.0,"key":"hubris:DuctTape"},{"floor":12.0,"key":"Odd Mushroom"},{"floor":13.0,"key":"hubris:MedicalManual"},{"floor":24.0,"key":"Bag of Marbles"},{"floor":26.0,"key":"Oddly Smooth Stone"},{"floor":29.0,"key":"hubris:ToyBattleship"},{"floor":40,"key":"theEdgeheg:CyanEmeraldRelic"},{"floor":42,"key":"hubris:CuriousFeather"},{"floor":43,"key":"Letter Opener"},{"floor":45,"key":"Bottled Lightning"},{"floor":48,"key":"hubris:SphereOfDissonance"}],"event_choices":[{"damage_healed":0.0,"max_hp_gain":0.0,"max_hp_loss":0.0,"gold_gain":0.0,"event_name":"betterThird:BetterGoop","player_choice":"Left","floor":7.0,"gold_loss":26.0,"damage_taken":0.0},{"damage_healed":0.0,"max_hp_gain":0.0,"max_hp_loss":0.0,"gold_gain":0.0,"event_name":"Mushrooms","player_choice":"Fought Mushrooms","floor":12.0,"gold_loss":0.0,"damage_taken":0.0},{"damage_healed":0.0,"max_hp_gain":0.0,"max_hp_loss":0.0,"gold_gain":0.0,"event_name":"WeMeetAgain","player_choice":"Paid Gold","floor":19.0,"gold_loss":108.0,"damage_taken":0.0,"relics_obtained":["Turnip"]},{"cards_removed":["theEdgeheg:StarterShootAttack"],"damage_healed":0.0,"max_hp_gain":0.0,"max_hp_loss":0.0,"gold_gain":0.0,"event_name":"Designer","player_choice":"Upgrade and Remove","floor":20.0,"gold_loss":90.0,"damage_taken":0.0,"cards_upgraded":["theEdgeheg:BetterDodge"]},{"damage_healed":0.0,"max_hp_gain":0.0,"max_hp_loss":0.0,"gold_gain":0.0,"event_name":"The Woman in Blue","player_choice":"Bought 0 Potions","floor":36.0,"gold_loss":0.0,"damage_taken":0.0},{"damage_healed":0,"gold_gain":0,"player_choice":"Copied","damage_taken":0,"max_hp_gain":0,"max_hp_loss":0,"event_name":"Duplicator","floor":46,"gold_loss":0,"cards_obtained":["theEdgeheg:CSGun"]}],"is_beta":false,"boss_relics":[{"not_picked":["SacredBark","hubris:RunicObelisk"],"picked":"Coffee Dripper"},{"not_picked":["hubris:CrackedHourglass","Pandora\u0027s Box"],"picked":"Fusion Hammer"}],"items_purged_floors":[2,5,10,21,28,38,38],"is_endless":false,"potions_floor_spawned":[11,12,13,14,16,30,33,39,40,44],"ascension_level":1}}