{"host":"9rxgn077cyjlend4","time":1613140840,"event":{"mods":["BaseMod","Minty Spire (QoL Compilation)","StSLib","The Saiyan"],"gold_per_floor":[88,100,100,110,120,120,140,140,166,185,185,199,215,21,21,120,120,136,136,136,57,69,69,86,113,113,113,45,45,145,164,164,164,164],"floor_reached":33,"language":"ENG","playtime":2385,"items_purged":[],"score":334,"play_id":"954a31d0-ddea-4fbc-a0ae-2355021fadfd","local_time":"20210212144040","is_ascension_mode":false,"campfire_choices":[{"data":"Saiyan:PowerUp","floor":6.0,"key":"SMITH"},{"data":"Saiyan:KaioKen","floor":8.0,"key":"SMITH"},{"data":"Saiyan:Quickening","floor":11.0,"key":"SMITH"},{"data":"Saiyan:EnergyBlast","floor":15,"key":"SMITH"},{"data":"Saiyan:TheBomb","floor":23,"key":"SMITH"},{"data":"Saiyan:Medicine","floor":27,"key":"SMITH"},{"data":"Saiyan:PowerStance","floor":29,"key":"SMITH"},{"data":"Saiyan:Flurry","floor":32,"key":"SMITH"}],"circlet_count":0,"master_deck":["Saiyan:SAIYA_Strike","Saiyan:SAIYA_Strike","Saiyan:SAIYA_Defend","Saiyan:SAIYA_Defend","Saiyan:SAIYA_Defend","Saiyan:SAIYA_Defend","Saiyan:EnergyBlast+1","Saiyan:KaioKen+1","Saiyan:RuthlessBlow","Saiyan:FinalFlash+1","Saiyan:DragonRadar","Saiyan:TurtleShell","Saiyan:PowerUp+1","Saiyan:ConcussiveBlow","Saiyan:Quickening+1","Saiyan:KiExplosion","Saiyan:FingerParry","Saiyan:MonkeyTail","Saiyan:SuperSaiyanForm+1","Saiyan:TheBomb+1","Saiyan:BackAttack","Ghostly","Ghostly","Ghostly","Ghostly","Ghostly","Saiyan:SpiritSword+1","Saiyan:Medicine+1","Saiyan:CCCapsule","Shame","Saiyan:PowerStance+1","Saiyan:PlotArmor+1","Saiyan:Flurry+1"],"relics":["SaiyanSoul","SaiyanHeart","Anchor","ClockworkSouvenir","Cursed Key","Whetstone","Question Card","Peace Pipe","Gremlin Horn"],"acts_visited":["Exordium","TheCity"],"potions_floor_usage":[13,16,30,33,33],"damage_taken":[{"damage":0.0,"enemies":"Jaw Worm","floor":1.0,"turns":3.0},{"damage":0.0,"enemies":"Cultist","floor":2.0,"turns":3.0},{"damage":0.0,"enemies":"Small Slimes","floor":4.0,"turns":7.0},{"damage":11.0,"enemies":"Blue Slaver","floor":5.0,"turns":4.0},{"damage":1.0,"enemies":"Exordium Wildlife","floor":7.0,"turns":4.0},{"damage":7.0,"enemies":"Exordium Thugs","floor":10.0,"turns":5.0},{"damage":0.0,"enemies":"3 Louse","floor":12.0,"turns":2.0},{"damage":1,"enemies":"Lots of Slimes","floor":13,"turns":5},{"damage":8,"enemies":"Hexaghost","floor":16,"turns":11},{"damage":7,"enemies":"3 Byrds","floor":18,"turns":5},{"damage":9,"enemies":"Spheric Guardian","floor":22,"turns":10},{"damage":0,"enemies":"Snecko","floor":24,"turns":8},{"damage":0,"enemies":"Gremlin Leader","floor":25,"turns":7},{"damage":0,"enemies":"Colosseum Slavers","floor":30,"turns":8},{"damage":0,"enemies":"Colosseum Nobs","floor":30,"turns":7},{"damage":0,"enemies":"Snake Plant","floor":31,"turns":8},{"damage":55,"enemies":"Collector","floor":33,"turns":9}],"seed_played":"8367154812114423814","potions_obtained":[{"floor":2.0,"key":"Swift Potion"},{"floor":5.0,"key":"AttackPotion"},{"floor":7.0,"key":"EssenceOfSteel"},{"floor":16,"key":"Strength Potion"},{"floor":24,"key":"SteroidPotion"},{"floor":30,"key":"Fire Potion"},{"floor":31,"key":"SteroidPotion"}],"is_trial":false,"path_per_floor":["M","M","?","M","M","R","M","R","T","M","R","M","M","$","R","B",null,"M","?","?","$","M","R","M","E","T","R","$","R","?","M","R","B"],"character_chosen":"SAIYAJIN","items_purchased":["ClockworkSouvenir","SkillPotion","Saiyan:SpiritSword","Saiyan:PowerStance"],"campfire_rested":0,"item_purchase_floors":[14,14,21,28],"current_hp_per_floor":[66,67,61,63,54,54,54,54,54,49,49,50,51,51,51,44,78,71,71,39,39,31,31,34,37,37,37,37,37,45,46,46,0,0],"gold":164,"neow_bonus":"TEN_PERCENT_HP_BONUS","is_daily":false,"chose_seed":false,"campfire_upgraded":8,"win_rate":0.0,"timestamp":1613140840,"path_taken":["M","M","?","?","M","R","M","R","T","M","R","M","M","$","R","BOSS","M","?","?","?","?","R","M","E","T","R","$","R","?","M","R","BOSS"],"items_purchased_type":["Relic","Potion","Card","Card"],"build_version":"2020-12-22","purchased_purges":0,"victory":false,"max_hp_per_floor":[66,67,67,69,71,71,72,72,72,74,74,75,77,77,77,78,78,78,78,39,39,40,40,40,40,40,40,40,40,45,46,46,46,46],"card_choices":[{"not_picked":["Saiyan:ExpandingShockwave","Saiyan:DoubleMasenko"],"picked":"Saiyan:FinalFlash","floor":1.0},{"not_picked":["Saiyan:SpiritSword","Saiyan:DoubleMasenko"],"picked":"Saiyan:DragonRadar","floor":2.0},{"not_picked":["Saiyan:AugmentedBlast","Saiyan:Flurry"],"picked":"Saiyan:TurtleShell","floor":4.0},{"not_picked":["Saiyan:DoubleMasenko","Saiyan:Planning"],"picked":"Saiyan:PowerUp","floor":5.0},{"not_picked":["Saiyan:TurtleShell","Saiyan:WarmUp"],"picked":"Saiyan:ConcussiveBlow","floor":7.0},{"not_picked":["Saiyan:KiStrike","Saiyan:DragonRadar"],"picked":"Saiyan:Quickening","floor":10.0},{"not_picked":["Saiyan:ConcussiveBlow","Saiyan:Flurry"],"picked":"Saiyan:KiExplosion","floor":12},{"not_picked":["Saiyan:PowerUp","Saiyan:Medicine"],"picked":"Saiyan:FingerParry","floor":13},{"not_picked":["Saiyan:Momentum","Saiyan:MajinSeal"],"picked":"Saiyan:MonkeyTail","floor":16},{"not_picked":["Saiyan:PlotArmor+1","Saiyan:BigBangAttack"],"picked":"Saiyan:SuperSaiyanForm+1","floor":18},{"not_picked":["Saiyan:Honing","Saiyan:MeteorDash"],"picked":"Saiyan:Medicine","floor":22},{"not_picked":["Saiyan:Medicine","Saiyan:WarmUp+1"],"picked":"Saiyan:CCCapsule","floor":24},{"not_picked":["Saiyan:Quickening","Saiyan:BackAttack","Saiyan:LastResort"],"picked":"SKIP","floor":25},{"not_picked":["Saiyan:DoubleMasenko","Saiyan:AugmentedBlast+1","Saiyan:FingerParry"],"picked":"Saiyan:PlotArmor+1","floor":30},{"not_picked":["Saiyan:RemoveWeights","Saiyan:Fly","Saiyan:DragonFist"],"picked":"Saiyan:Flurry","floor":31}],"player_experience":672929,"relics_obtained":[{"floor":9.0,"key":"Anchor"},{"floor":25,"key":"Whetstone"},{"floor":26,"key":"Question Card"},{"floor":30,"key":"Peace Pipe"},{"floor":30,"key":"Gremlin Horn"}],"event_choices":[{"damage_healed":0.0,"max_hp_gain":0.0,"max_hp_loss":0.0,"gold_gain":0.0,"event_name":"Wheel of Change","player_choice":"Damaged","floor":3.0,"gold_loss":0.0,"damage_taken":6.0},{"damage_healed":0,"gold_gain":0,"cards_transformed":["Saiyan:SAIYA_Strike","Saiyan:SAIYA_Strike"],"player_choice":"Became Test Subject","damage_taken":0,"max_hp_gain":0,"max_hp_loss":0,"event_name":"Drug Dealer","floor":19,"gold_loss":0,"cards_obtained":["Saiyan:TheBomb","Saiyan:BackAttack"]},{"damage_healed":0,"gold_gain":0,"player_choice":"Became a Ghost","damage_taken":0,"max_hp_gain":0,"max_hp_loss":39,"event_name":"Ghosts","floor":20,"gold_loss":0,"cards_obtained":["Ghostly","Ghostly","Ghostly","Ghostly","Ghostly"]},{"damage_healed":0,"gold_gain":0,"player_choice":"Fight","damage_taken":0,"max_hp_gain":0,"max_hp_loss":0,"event_name":"Colosseum","floor":30,"gold_loss":0},{"damage_healed":0,"gold_gain":0,"player_choice":"Fought Nobs","damage_taken":0,"max_hp_gain":0,"max_hp_loss":0,"event_name":"Colosseum","floor":30,"gold_loss":0}],"is_beta":false,"boss_relics":[{"not_picked":["Busted Crown","Coffee Dripper"],"picked":"Cursed Key"}],"items_purged_floors":[],"is_endless":false,"potions_floor_spawned":[2,5,7,16,24,30,31],"killed_by":"Collector","ascension_level":0}}