{"host":"fxrgx7wt2cpkbhka","time":1613126583,"event":{"mods":["AchievementEnabler","BaseMod","Colored Powertips","Dark Map","Minty Spire (QoL Compilation)","Permanent Neow","Quick Restart","Slay-I","StSLib","Waifu the Spire"],"gold_per_floor":[219,29,29,43,60,60,74,74,74,92,92,108,108,126,126,198,198,214,214,225,99,114,114,142,142,142,174,174,273,296,310,310,310,310],"floor_reached":33,"language":"ENG","playtime":747,"items_purged":["Writhe"],"score":471,"play_id":"5615903a-8c9f-4638-9617-9f4d31764f2b","local_time":"20210212024303","is_ascension_mode":true,"campfire_choices":[{"data":"Defragment","floor":6,"key":"SMITH"},{"data":"Zap","floor":11,"key":"SMITH"},{"data":"Go for the Eyes","floor":13,"key":"SMITH"},{"floor":15,"key":"REST"},{"floor":23,"key":"REST"},{"floor":28,"key":"REST"},{"floor":32,"key":"REST"}],"circlet_count":0,"master_deck":["AscendersBane","Strike_B","Strike_B","Strike_B+1","Strike_B+1","Defend_B+1","Defend_B+1","Defend_B","Defend_B","Zap+1","Dualcast+1","Defragment+1","Go for the Eyes+1","Sweeping Beam","Cold Snap+1","Cold Snap+1","Beam Cell+1","Conserve Battery","Beam Cell+1","Sweeping Beam+1","Beam Cell+1","Defragment"],"relics":["Cracked Core","Whetstone","Molten Egg 2","Runic Dome","CaptainsWheel","Centennial Puzzle","War Paint","Oddly Smooth Stone"],"acts_visited":["Exordium","TheCity"],"potions_floor_usage":[10,16,18,24,33],"damage_taken":[{"damage":0,"enemies":"Small Slimes","floor":1,"turns":2},{"damage":1,"enemies":"Cultist","floor":4,"turns":3},{"damage":12,"enemies":"Jaw Worm","floor":5,"turns":3},{"damage":11,"enemies":"Blue Slaver","floor":7,"turns":3},{"damage":0,"enemies":"2 Fungi Beasts","floor":10,"turns":2},{"damage":0,"enemies":"Looter","floor":12,"turns":2},{"damage":10,"enemies":"3 Louse","floor":14,"turns":2},{"damage":37,"enemies":"Slime Boss","floor":16,"turns":10},{"damage":21,"enemies":"2 Thieves","floor":18,"turns":4},{"damage":6,"enemies":"3 Byrds","floor":20,"turns":5},{"damage":7,"enemies":"Snecko","floor":22,"turns":4},{"damage":29,"enemies":"Slavers","floor":24,"turns":5},{"damage":11,"enemies":"Book of Stabbing","floor":27,"turns":6},{"damage":0,"enemies":"3 Cultists","floor":31,"turns":5},{"damage":64,"enemies":"Automaton","floor":33,"turns":6}],"seed_played":"-5848956733816237752","potions_obtained":[{"floor":1,"key":"LiquidMemories"},{"floor":5,"key":"SkillPotion"},{"floor":7,"key":"FocusPotion"},{"floor":12,"key":"DistilledChaos"},{"floor":18,"key":"Ancient Potion"},{"floor":22,"key":"Fire Potion"},{"floor":27,"key":"Regen Potion"}],"is_trial":false,"path_per_floor":["M","$","?","M","M","R","M","?","T","M","R","M","R","M","R","B",null,"M","?","M","$","M","R","E","?","T","E","R","?","T","M","R","B"],"character_chosen":"DEFECT","items_purchased":["Defragment","Whetstone","Beam Cell+1"],"campfire_rested":4,"item_purchase_floors":[2,2,21],"current_hp_per_floor":[64,64,69,68,56,56,45,45,45,45,45,45,45,35,57,20,62,41,41,35,35,28,50,21,21,21,10,32,32,32,32,54,0,0],"gold":310,"neow_bonus":"HUNDRED_GOLD","is_daily":false,"chose_seed":false,"campfire_upgraded":3,"win_rate":0.0,"timestamp":1613126583,"path_taken":["M","$","?","M","M","R","M","?","T","M","R","?","R","?","R","BOSS","M","?","M","$","M","R","E","?","T","E","R","?","?","M","R","BOSS"],"items_purchased_type":["Card","Relic","Card"],"build_version":"2020-12-22","purchased_purges":1,"victory":false,"max_hp_per_floor":[71,71,76,76,76,76,76,76,76,76,76,76,76,76,76,76,76,76,76,76,76,76,76,76,76,76,76,76,76,76,76,76,76,76],"card_choices":[{"not_picked":["Heatsinks","Stack","Darkness"],"picked":"SKIP","floor":1},{"not_picked":["Beam Cell","Rebound"],"picked":"Go for the Eyes","floor":4},{"not_picked":["Redo","Streamline","Steam"],"picked":"SKIP","floor":5},{"not_picked":["Hello World","Reboot"],"picked":"Sweeping Beam","floor":7},{"not_picked":["Stack","Redo"],"picked":"Cold Snap+1","floor":10},{"not_picked":["Undo","Compile Driver+1"],"picked":"Cold Snap+1","floor":12},{"not_picked":["Leap","Turbo"],"picked":"Beam Cell+1","floor":14},{"not_picked":["Compile Driver+1","Hologram"],"picked":"Conserve Battery","floor":18},{"not_picked":["Recycle","Streamline+1","Redo"],"picked":"SKIP","floor":20},{"not_picked":["Force Field","Hologram"],"picked":"Sweeping Beam+1","floor":22},{"not_picked":["Rip and Tear+1","Barrage+1","Steam"],"picked":"SKIP","floor":24},{"not_picked":["Echo Form","Ball Lightning+1"],"picked":"Beam Cell+1","floor":27},{"not_picked":["Tempest","Compile Driver+1"],"picked":"Defragment","floor":31}],"player_experience":772169,"relics_obtained":[{"floor":9,"key":"Molten Egg 2"},{"floor":24,"key":"Centennial Puzzle"},{"floor":26,"key":"War Paint"},{"floor":27,"key":"Oddly Smooth Stone"}],"event_choices":[{"damage_healed":0,"gold_gain":0,"player_choice":"Donut","damage_taken":0,"max_hp_gain":5,"max_hp_loss":0,"event_name":"Big Fish","floor":3,"gold_loss":0},{"damage_healed":0,"gold_gain":0,"player_choice":"Forge","damage_taken":0,"max_hp_gain":0,"max_hp_loss":0,"event_name":"Accursed Blacksmith","floor":8,"gold_loss":0,"cards_upgraded":["Dualcast"]},{"damage_healed":0,"gold_gain":0,"player_choice":"Opened","damage_taken":0,"relics_obtained":["CaptainsWheel"],"max_hp_gain":0,"max_hp_loss":0,"event_name":"The Mausoleum","floor":19,"gold_loss":0,"cards_obtained":["Writhe"]},{"damage_healed":0,"gold_gain":0,"player_choice":"Ignored","damage_taken":0,"max_hp_gain":0,"max_hp_loss":0,"event_name":"Ghosts","floor":25,"gold_loss":0},{"damage_healed":0,"gold_gain":99,"player_choice":"Stole From Cult","damage_taken":0,"max_hp_gain":0,"max_hp_loss":0,"event_name":"Nest","floor":29,"gold_loss":0}],"is_beta":false,"boss_relics":[{"not_picked":["Velvet Choker","Pandora\u0027s Box"],"picked":"Runic Dome"}],"items_purged_floors":[21],"is_endless":false,"potions_floor_spawned":[1,5,7,12,18,22,27,31],"killed_by":"Automaton","ascension_level":14}}