{"host":"eaiphzh066bwqdh7","time":1613165246,"event":{"mods":["BaseMod","Better Note","Halation","Hubris","Minty Spire (QoL Compilation)","Reliquary","Replay The Spire","StSLib"],"gold_per_floor":[114,114,114,124,135,135,135,135,135,152,152,162,6,26,26,129,129,139,139,139,152,77,111,111,130,153,2,2,2,2,16,16,116,116,127,127,27,37,37,37,37,37],"floor_reached":41,"language":"ENG","playtime":1476,"items_purged":["Defend_G","Defend_G"],"score":479,"play_id":"d8fd07e8-3a08-4252-9845-f2f4d7a3098e","local_time":"20210212162726","is_ascension_mode":true,"campfire_choices":[{"floor":6.0,"key":"REST"},{"data":"Glass Knife","floor":8.0,"key":"SMITH"},{"data":"Deflect","floor":11.0,"key":"SMITH"},{"floor":15.0,"key":"REST"},{"floor":24.0,"key":"REST"},{"floor":28.0,"key":"REST"},{"data":"Accuracy","floor":30.0,"key":"SMITH"},{"floor":32.0,"key":"REST"},{"floor":40,"key":"REST"}],"circlet_count":0,"master_deck":["Strike_G","Strike_G","Strike_G+1","Strike_G","Strike_G","Defend_G","Defend_G+1","Survivor","Neutralize","Blade Dance","Deflect","Deflect+1","Glass Knife+1","Neutralize","Infinite Blades","Glass Knife","Accuracy+1","Bane+1","Deadly Poison","Deadly Poison+1","Noxious Fumes","Deadly Poison","Phantasmal Killer","Backflip+1","The Bomb","Hidden Blade+1"],"relics":["Ring of the Snake","Happy Flower","Dead Branch","hubris:EmptyBottle","halation:LoveArrow","reliquary:RadioactivePellet","Omamori","Akabeko","halation:PinkSoulGem"],"acts_visited":["Exordium","TheCity","TheBeyond"],"potions_floor_usage":[],"damage_taken":[{"damage":3.0,"enemies":"Jaw Worm","floor":1.0,"turns":5.0},{"damage":4.0,"enemies":"Small Slimes","floor":4.0,"turns":3.0},{"damage":0.0,"enemies":"Cultist","floor":5.0,"turns":3.0},{"damage":1.0,"enemies":"Exordium Wildlife","floor":10.0,"turns":4.0},{"damage":3.0,"enemies":"Large Slime","floor":12.0,"turns":6.0},{"damage":0.0,"enemies":"Blue Slaver","floor":14.0,"turns":1.0},{"damage":10.0,"enemies":"Slime Boss","floor":16.0,"turns":6.0},{"damage":13.0,"enemies":"Shell Parasite","floor":18.0,"turns":4.0},{"damage":18.0,"enemies":"3 Byrds","floor":21.0,"turns":8.0},{"damage":21.0,"enemies":"Slavers","floor":23.0,"turns":4.0},{"damage":32.0,"enemies":"Snecko","floor":25.0,"turns":4.0},{"damage":12.0,"enemies":"Cultist and Chosen","floor":31.0,"turns":4.0},{"damage":63.0,"enemies":"Collector","floor":33.0,"turns":10.0},{"damage":0,"enemies":"Orb Walker","floor":35,"turns":2},{"damage":38,"enemies":"3 Darklings","floor":38,"turns":9},{"damage":77,"enemies":"Spire Growth","floor":41,"turns":5}],"seed_played":"-7484081032691084623","potions_obtained":[{"floor":5.0,"key":"Venom Potion"},{"floor":10.0,"key":"Energy Potion"},{"floor":16.0,"key":"Regen Potion"},{"floor":18.0,"key":"FearPotion"},{"floor":21.0,"key":"Dexterity Potion"},{"floor":31.0,"key":"Adrenaline Potion"},{"floor":38,"key":"Swift Potion"}],"is_trial":false,"path_per_floor":["M","?","?","M","M","R","?","R","T","M","R","M","$","M","R","B",null,"M","?","T","M","?","E","R","M","T","$","R","$","R","M","R","B",null,"M","?","$","M","?","R","M"],"character_chosen":"THE_SILENT","items_purchased":["hubris:EmptyBottle","Noxious Fumes"],"campfire_rested":6,"item_purchase_floors":[13,27],"current_hp_per_floor":[74,59,47,43,43,66,66,66,66,65,65,62,62,62,77,67,77,64,50,50,81,81,60,82,50,50,50,74,74,74,62,82,19,82,82,82,82,44,44,68,0,0],"gold":37,"neow_bonus":"TEN_PERCENT_HP_BONUS","is_daily":false,"chose_seed":false,"campfire_upgraded":3,"win_rate":0.0,"timestamp":1613165246,"path_taken":["M","?","?","M","M","R","?","R","T","M","R","?","$","M","R","BOSS","M","?","?","M","?","E","R","M","T","$","R","?","R","M","R","BOSS","M","?","$","M","?","R","M"],"items_purchased_type":["Relic","Card"],"build_version":"2020-12-22","purchased_purges":2,"victory":false,"max_hp_per_floor":[77,77,77,77,77,77,77,77,77,77,77,77,77,77,77,77,77,77,82,82,82,82,82,82,82,82,82,82,82,82,82,82,82,82,82,82,82,82,82,82,82,82],"card_choices":[{"not_picked":["Deflect","Sucker Punch"],"picked":"Blade Dance","floor":1.0},{"not_picked":["Dash","Underhanded Strike"],"picked":"Deflect","floor":4.0},{"not_picked":["Flechettes","Sucker Punch"],"picked":"Deflect","floor":5.0},{"not_picked":["ReplayTheSpireMod:Necrosis","Dagger Spray","Acrobatics"],"picked":"SKIP","floor":10.0},{"not_picked":["Cloak And Dagger","Prepared","ReplayTheSpireMod:Shiv Toss"],"picked":"SKIP","floor":12.0},{"not_picked":["Catalyst","Toxin Wave"],"picked":"Infinite Blades","floor":14.0},{"not_picked":["Unload","ReplayTheSpireMod:Necrosis"],"picked":"Glass Knife","floor":16.0},{"not_picked":["hubris:SlightOfHand","PiercingWail+1"],"picked":"Accuracy","floor":18.0},{"not_picked":["Prepared","Poisoned Stab"],"picked":"Bane+1","floor":21.0},{"not_picked":["Dagger Throw","Escape Plan"],"picked":"Deadly Poison","floor":23.0},{"not_picked":["Choke+1","Venomology"],"picked":"Deadly Poison+1","floor":25.0},{"not_picked":["Tactician+1","Heel Hook"],"picked":"Deadly Poison","floor":31.0},{"not_picked":["Night Terror","Tools of the Trade"],"picked":"Phantasmal Killer","floor":33.0},{"not_picked":["Heel Hook+1","Dagger Throw"],"picked":"Backflip+1","floor":35},{"not_picked":["Discovery","hubris:Insight"],"picked":"The Bomb","floor":36},{"not_picked":["Quick Slash","Tactician+1"],"picked":"Hidden Blade+1","floor":38}],"player_experience":297707,"relics_obtained":[{"floor":9.0,"key":"Dead Branch"},{"floor":20.0,"key":"reliquary:RadioactivePellet"},{"floor":23.0,"key":"Omamori"},{"floor":26.0,"key":"Akabeko"}],"event_choices":[{"damage_healed":0.0,"max_hp_gain":0.0,"max_hp_loss":0.0,"gold_gain":0.0,"event_name":"Shining Light","player_choice":"Entered Light","floor":2.0,"gold_loss":0.0,"damage_taken":15.0,"cards_upgraded":["Strike_G","Defend_G"]},{"damage_healed":0.0,"max_hp_gain":0.0,"max_hp_loss":0.0,"gold_gain":0.0,"event_name":"Scrap Ooze","player_choice":"Success","floor":3.0,"gold_loss":0.0,"damage_taken":12.0,"relics_obtained":["Happy Flower"]},{"damage_healed":0.0,"max_hp_gain":0.0,"max_hp_loss":0.0,"gold_gain":0.0,"event_name":"Match and Keep!","player_choice":"2 cards matched","floor":7.0,"gold_loss":0.0,"damage_taken":0.0,"cards_obtained":["Glass Knife","Neutralize"]},{"damage_healed":0.0,"max_hp_gain":5.0,"max_hp_loss":0.0,"gold_gain":0.0,"event_name":"Forgotten Altar","player_choice":"Shed Blood","floor":19.0,"gold_loss":0.0,"damage_taken":19.0},{"cards_removed":["Defend_G"],"damage_healed":0.0,"max_hp_gain":0.0,"max_hp_loss":0.0,"gold_gain":0.0,"event_name":"Beggar","player_choice":"Gave Gold","floor":22.0,"gold_loss":75.0,"damage_taken":0.0},{"damage_healed":0,"gold_gain":0,"player_choice":"Memory 1","damage_taken":0,"max_hp_gain":0,"max_hp_loss":0,"event_name":"SensoryStone","floor":36,"gold_loss":0}],"is_beta":false,"boss_relics":[{"not_picked":["Abe\u0027s Treasure","Ectoplasm"],"picked":"halation:LoveArrow"},{"not_picked":["Runic Pyramid","halation:HeavySnake","Snecko Scales"]}],"items_purged_floors":[27,37],"is_endless":false,"potions_floor_spawned":[5,10,16,18,21,31,38],"killed_by":"Spire Growth","ascension_level":4}}