{"host":"wwt1zra1toemgy1w","time":1613097022,"event":{"mods":["BaseMod","Lobotomy","Minty Spire (QoL Compilation)","StSLib"],"gold_per_floor":[115,128,128,140,151,151,166,166,166,166,186,199,124,140,140,240,240,240],"floor_reached":17,"language":"ENG","playtime":1539,"items_purged":["Defend_R"],"score":151,"play_id":"5a53b212-ce5d-4d38-a9dd-28b3f5787022","local_time":"20210211183022","is_ascension_mode":false,"campfire_choices":[{"data":"Flex","floor":6,"key":"SMITH"},{"data":"Second Wind","floor":8,"key":"SMITH"},{"data":"Warcry","floor":10,"key":"SMITH"},{"data":"Bash","floor":15,"key":"SMITH"}],"circlet_count":0,"master_deck":["Strike_R","Strike_R","Strike_R","Strike_R","Strike_R","Defend_R","Defend_R","Defend_R","Bash+1","Thunderclap","Second Wind+1","Flex+1","Warcry+1","Power Through","Disarm","Shrug It Off","Burning Pact","Pommel Strike","Feed"],"relics":["Burning Blood","Shuriken","Cursed Key"],"acts_visited":["Exordium","TheCity"],"potions_floor_usage":[12],"damage_taken":[{"damage":5,"enemies":"Small Slimes","floor":1,"turns":3},{"damage":1,"enemies":"Cultist","floor":2,"turns":3},{"damage":1,"enemies":"Jaw Worm","floor":4,"turns":3},{"damage":11,"enemies":"Exordium Wildlife","floor":5,"turns":6},{"damage":0,"enemies":"2 Fungi Beasts","floor":7,"turns":4},{"damage":5,"enemies":"3 Louse","floor":11,"turns":4},{"damage":16,"enemies":"Exordium Thugs","floor":12,"turns":6},{"damage":5,"enemies":"Looter","floor":14,"turns":5},{"damage":38,"enemies":"The Guardian","floor":16,"turns":12}],"seed_played":"-7667916412948604051","potions_obtained":[{"floor":1,"key":"AttackPotion"},{"floor":11,"key":"BloodPotion"},{"floor":14,"key":"Swift Potion"},{"floor":16,"key":"SkillPotion"}],"is_trial":false,"path_per_floor":["M","M","?","M","M","R","M","R","T","R","M","M","$","M","R","B",null],"character_chosen":"IRONCLAD","items_purchased":[],"campfire_rested":0,"item_purchase_floors":[],"current_hp_per_floor":[80,80,80,80,75,75,80,80,80,80,80,70,70,71,71,39,80,80],"gold":240,"neow_bonus":"","is_daily":false,"chose_seed":false,"campfire_upgraded":4,"win_rate":0.0,"timestamp":1613097022,"path_taken":["M","M","?","M","M","R","M","R","T","R","M","M","$","M","R","BOSS"],"items_purchased_type":[],"build_version":"2020-12-22","purchased_purges":1,"victory":false,"max_hp_per_floor":[80,80,80,80,80,80,80,80,80,80,80,80,80,80,80,80,80,80],"card_choices":[{"not_picked":["Power Through","Uppercut"],"picked":"Thunderclap","floor":1},{"not_picked":["Disarm","Anger"],"picked":"Second Wind","floor":2},{"not_picked":["Perfected Strike","Body Slam"],"picked":"Warcry","floor":4},{"not_picked":["Dual Wield","Headbutt"],"picked":"Power Through","floor":5},{"not_picked":["Burning Pact","Warcry"],"picked":"Disarm","floor":7},{"not_picked":["Thunderclap","Entrench"],"picked":"Shrug It Off","floor":11},{"not_picked":["Warcry","Pommel Strike"],"picked":"Burning Pact","floor":12},{"not_picked":["Sever Soul","Bloodletting"],"picked":"Pommel Strike","floor":14},{"not_picked":["Offering","Double Tap"],"picked":"Feed","floor":16}],"player_experience":0,"relics_obtained":[{"floor":9,"key":"Shuriken"}],"event_choices":[{"damage_healed":0,"gold_gain":0,"player_choice":"1 cards matched","damage_taken":0,"max_hp_gain":0,"max_hp_loss":0,"event_name":"Match and Keep!","floor":3,"gold_loss":0,"cards_obtained":["Flex"]}],"is_beta":false,"boss_relics":[{"not_picked":["SacredBark","Black Blood"],"picked":"Cursed Key"}],"items_purged_floors":[13],"is_endless":false,"potions_floor_spawned":[1,11,14,16],"ascension_level":0}}