{"host":"ibckqdmmf9y74ymf","time":1613138507,"event":{"mods":["2.2 Compatiblity","BaseMod","Colored Map","Curses Come First","Highlight Path","Minty Spire (QoL Compilation)","Quick Restart","Rare Cards Sparkle","Relic Stats","StSLib"],"gold_per_floor":[117,130,130,145,145,145,179,208,233,64,64,74,108,108,108,186,186,201,220,239,249,263,263,263],"floor_reached":23,"language":"ENG","playtime":1060,"items_purged":[],"score":406,"play_id":"502b7f37-83b3-42b6-a901-63f3321b8459","local_time":"20210212150147","is_ascension_mode":true,"campfire_choices":[{"data":"Spot Weakness","floor":6,"key":"SMITH"},{"floor":11,"key":"REST"},{"data":"Feed","floor":15,"key":"SMITH"}],"circlet_count":0,"master_deck":["AscendersBane","Strike_R","Strike_R","Strike_R","Strike_R","Defend_R","Defend_R","Defend_R","Defend_R","Bash+1","Clothesline","Spot Weakness+1","Twin Strike","Pommel Strike","Demon Form","Reaper","Shockwave","Double Tap","Feed+1","Limit Break","Heavy Blade","Shockwave","Flame Barrier+1","Disarm"],"relics":["Snecko Eye","Regal Pillow","Odd Mushroom","Bronze Scales","Art of War","Cursed Key"],"acts_visited":["Exordium","TheCity"],"potions_floor_usage":[13,21,22],"damage_taken":[{"damage":0,"enemies":"Cultist","floor":1,"turns":2},{"damage":0,"enemies":"2 Louse","floor":2,"turns":2},{"damage":0,"enemies":"Small Slimes","floor":4,"turns":2},{"damage":20,"enemies":"3 Sentries","floor":7,"turns":7},{"damage":21,"enemies":"The Mushroom Lair","floor":8,"turns":4},{"damage":5,"enemies":"Gremlin Gang","floor":12,"turns":3},{"damage":15,"enemies":"Lagavulin","floor":13,"turns":5},{"damage":21,"enemies":"Slime Boss","floor":16,"turns":9},{"damage":30,"enemies":"Spheric Guardian","floor":18,"turns":4},{"damage":7,"enemies":"Chosen","floor":19,"turns":5},{"damage":25,"enemies":"3 Cultists","floor":20,"turns":5},{"damage":40,"enemies":"Centurion and Healer","floor":21,"turns":5},{"damage":19,"enemies":"Sentry and Sphere","floor":22,"turns":4},{"damage":13,"enemies":"Slavers","floor":23,"turns":1}],"seed_played":"2173059382877308499","potions_obtained":[{"floor":2,"key":"Swift Potion"},{"floor":4,"key":"Regen Potion"},{"floor":8,"key":"DistilledChaos"},{"floor":18,"key":"SteroidPotion"},{"floor":22,"key":"Weak Potion"}],"is_trial":true,"path_per_floor":["M","M","$","M","?","R","E","?","T","$","R","M","E","?","R","B",null,"M","M","M","M","M","E"],"character_chosen":"IRONCLAD","items_purchased":["Reaper"],"campfire_rested":1,"item_purchase_floors":[10],"current_hp_per_floor":[68,68,68,68,68,68,48,27,27,27,64,59,65,65,65,63,75,49,42,39,17,11,0,0],"gold":263,"neow_bonus":"","is_daily":false,"chose_seed":false,"campfire_upgraded":2,"win_rate":0.0,"timestamp":1613138507,"path_taken":["M","M","?","M","?","R","E","?","T","$","R","M","E","?","R","BOSS","M","M","M","M","M","E"],"items_purchased_type":["Card"],"build_version":"2020-12-22","purchased_purges":0,"victory":false,"max_hp_per_floor":[75,75,75,75,75,75,75,75,75,75,75,75,75,75,75,79,79,83,83,87,87,91,91,91],"relic_stats":{"Regal Pillow":15,"counters":[14,58],"Bronze Scales":[57],"Snecko Eye":[81,95,100,106],"Art of War":[4],"Cursed Key":0,"obtain_stats":[{"Regal Pillow":7,"Bronze Scales":9,"Snecko Eye":0,"Art of War":13,"Odd Mushroom":8,"Cursed Key":17},{"Regal Pillow":4,"Bronze Scales":5,"Snecko Eye":0,"Art of War":7,"Odd Mushroom":5,"Cursed Key":8},{"Regal Pillow":13,"Bronze Scales":17,"Snecko Eye":0,"Art of War":25,"Odd Mushroom":17,"Cursed Key":34}]},"card_choices":[{"not_picked":["Thunderclap","Havoc"],"picked":"Clothesline","floor":1},{"not_picked":["Clash","Havoc"],"picked":"Spot Weakness","floor":2},{"not_picked":["Wild Strike","Flex"],"picked":"Twin Strike","floor":4},{"not_picked":["Anger","Havoc"],"picked":"Pommel Strike","floor":7},{"not_picked":["Clash","Pommel Strike"],"picked":"Demon Form","floor":8},{"not_picked":["Pommel Strike","Body Slam"],"picked":"Shockwave","floor":12},{"not_picked":["Pommel Strike","True Grit"],"picked":"Double Tap","floor":13},{"not_picked":["Demon Form","Double Tap"],"picked":"Limit Break","floor":16},{"not_picked":["Reckless Charge","Rage"],"picked":"Heavy Blade","floor":18},{"not_picked":["Body Slam+1","Pommel Strike"],"picked":"Shockwave","floor":19},{"not_picked":["Dark Embrace","Warcry+1"],"picked":"Flame Barrier+1","floor":20},{"not_picked":["Dark Embrace+1","Warcry+1"],"picked":"Disarm","floor":21},{"not_picked":["Anger","Clothesline","Dropkick+1"],"picked":"SKIP","floor":22}],"player_experience":710942,"relics_obtained":[{"floor":7,"key":"Regal Pillow"},{"floor":8,"key":"Odd Mushroom"},{"floor":9,"key":"Bronze Scales"},{"floor":13,"key":"Art of War"}],"event_choices":[{"damage_healed":0,"gold_gain":0,"player_choice":"Grow","damage_taken":0,"max_hp_gain":0,"max_hp_loss":0,"event_name":"Living Wall","floor":5,"gold_loss":0,"cards_upgraded":["Bash"]},{"damage_healed":0,"gold_gain":0,"player_choice":"Fought Mushrooms","damage_taken":0,"max_hp_gain":0,"max_hp_loss":0,"event_name":"Mushrooms","floor":8,"gold_loss":0},{"damage_healed":0,"gold_gain":0,"cards_transformed":["Strike_R"],"player_choice":"Transformed","damage_taken":0,"max_hp_gain":0,"max_hp_loss":0,"event_name":"Transmorgrifier","floor":14,"gold_loss":0,"cards_obtained":["Feed"]}],"is_beta":false,"boss_relics":[{"not_picked":["SlaversCollar","Empty Cage"],"picked":"Cursed Key"}],"items_purged_floors":[],"is_endless":false,"potions_floor_spawned":[2,4,8,18,22],"killed_by":"Slavers","ascension_level":20}}