{"host":"8vqkh0x3c7vpgzzm","time":1613168090,"event":{"mods":["AchievementEnabler","BaseMod","Colored Map","Colored Powertips","Curses Come First","DeckTracker","Highlight Path","Minty Spire (QoL Compilation)","Permanent Neow","Quick Restart","Random Character Mod","Rare Cards Sparkle","Relic Sorter","Relic Stats","StSLib","SuperFastMode","Unceasing Turn Reminder","egg","everything is the same but u backflip on backflip"],"gold_per_floor":[111,111,131,131,145,145,170,170,194,194,229,229,51,31,31,105,105,125,125,125,143,158,158,187,187,187,206,236,236,236],"floor_reached":29,"language":"ENG","playtime":1189,"items_purged":["Strike_R"],"score":511,"play_id":"81b06a09-1ffb-4116-b2d4-57f6a3e857ff","local_time":"20210212231450","is_ascension_mode":true,"campfire_choices":[{"data":"Immolate","floor":6,"key":"SMITH"},{"data":"Flame Barrier","floor":10,"key":"SMITH"},{"data":"Ghostly Armor","floor":12,"key":"SMITH"},{"data":"Blind","floor":15,"key":"SMITH"},{"floor":23,"key":"REST"},{"floor":25,"key":"REST"}],"circlet_count":0,"master_deck":["AscendersBane","Strike_R","Strike_R","Strike_R","Defend_R+1","Defend_R","Bash+1","Immolate+1","Flame Barrier+1","Ghostly Armor+1","Thunderclap","Reckless Charge","Ghostly Armor","Blind+1","Brutality","Iron Wave+1","Disarm","Disarm"],"relics":["Burning Blood","Pen Nib","Anchor","Strawberry","SlaversCollar","Singing Bowl","Self Forming Clay","Question Card"],"acts_visited":["Exordium","TheCity"],"potions_floor_usage":[11,16,24],"damage_taken":[{"damage":10,"enemies":"2 Louse","floor":1,"turns":3},{"damage":1,"enemies":"Cultist","floor":3,"turns":4},{"damage":2,"enemies":"Small Slimes","floor":5,"turns":2},{"damage":24,"enemies":"Gremlin Nob","floor":7,"turns":4},{"damage":11,"enemies":"Lagavulin","floor":11,"turns":5},{"damage":24,"enemies":"Slime Boss","floor":16,"turns":6},{"damage":27,"enemies":"Spheric Guardian","floor":18,"turns":7},{"damage":12,"enemies":"Shell Parasite","floor":21,"turns":5},{"damage":15,"enemies":"Chosen and Byrds","floor":22,"turns":6},{"damage":28,"enemies":"Book of Stabbing","floor":24,"turns":6},{"damage":38,"enemies":"Cultist and Chosen","floor":27,"turns":6},{"damage":15,"enemies":"Gremlin Leader","floor":28,"turns":6},{"damage":12,"enemies":"Snake Plant","floor":29,"turns":3}],"seed_played":"5745055290436801684","potions_obtained":[{"floor":1,"key":"ColorlessPotion"},{"floor":5,"key":"Weak Potion"},{"floor":14,"key":"Explosive Potion"},{"floor":16,"key":"SpeedPotion"}],"is_trial":false,"path_per_floor":["M","?","M","?","M","R","E","?","T","R","E","R","$","?","R","B",null,"M","?","?","M","M","R","E","R","T","M","E","M"],"character_chosen":"IRONCLAD","items_purchased":["Blind"],"campfire_rested":2,"item_purchase_floors":[13],"current_hp_per_floor":[64,64,68,68,68,68,50,30,30,30,32,32,32,32,32,14,60,39,39,39,33,24,46,24,46,46,16,9,0,0],"gold":236,"neow_bonus":"THREE_RARE_CARDS","is_daily":false,"chose_seed":false,"campfire_upgraded":4,"win_rate":0.0,"timestamp":1613168090,"path_taken":["M","?","M","?","?","R","E","?","T","R","E","R","?","?","R","BOSS","M","?","?","M","M","R","E","R","T","M","E","M"],"items_purchased_type":["Card"],"build_version":"2020-12-22","purchased_purges":1,"victory":false,"max_hp_per_floor":[68,68,68,68,68,68,68,68,68,68,75,75,75,75,75,75,75,75,75,75,75,75,75,75,75,75,77,79,79,79],"relic_stats":{"Singing Bowl":4,"counters":[13,63],"Self Forming Clay":[30],"Pen Nib":[8],"Question Card":0,"obtain_stats":[{"SlaversCollar":17,"Anchor":9,"Singing Bowl":24,"Self Forming Clay":26,"Strawberry":11,"Pen Nib":7,"Question Card":28,"Burning Blood":0},{"SlaversCollar":6,"Anchor":4,"Singing Bowl":10,"Self Forming Clay":10,"Strawberry":5,"Pen Nib":4,"Question Card":12,"Burning Blood":0},{"SlaversCollar":24,"Anchor":13,"Singing Bowl":48,"Self Forming Clay":48,"Strawberry":18,"Pen Nib":13,"Question Card":60,"Burning Blood":0}],"Burning Blood":67},"card_choices":[{"not_picked":["Corruption","Demon Form"],"picked":"Immolate","floor":0},{"not_picked":["Uppercut","Second Wind"],"picked":"Flame Barrier","floor":1},{"not_picked":["Perfected Strike","Cleave"],"picked":"Ghostly Armor","floor":3},{"not_picked":["Armaments","Reckless Charge"],"picked":"Thunderclap","floor":5},{"not_picked":["Entrench","Clothesline"],"picked":"Reckless Charge","floor":7},{"not_picked":["Headbutt","Twin Strike"],"picked":"Ghostly Armor","floor":11},{"not_picked":["Barricade","Fiend Fire"],"picked":"Brutality","floor":16},{"not_picked":["Havoc","Infernal Blade"],"picked":"Iron Wave+1","floor":18},{"not_picked":["Sentinel+1","True Grit"],"picked":"Disarm","floor":21},{"not_picked":["Second Wind","Seeing Red","Clash"],"picked":"SKIP","floor":22},{"not_picked":["Sword Boomerang","Intimidate"],"picked":"Disarm","floor":24},{"not_picked":["Thunderclap","Pommel Strike","Hemokinesis"],"picked":"Singing Bowl","floor":27},{"not_picked":["Burning Pact","Anger","Sentinel"],"picked":"Singing Bowl","floor":28}],"player_experience":525656,"relics_obtained":[{"floor":7,"key":"Pen Nib"},{"floor":9,"key":"Anchor"},{"floor":11,"key":"Strawberry"},{"floor":24,"key":"Singing Bowl"},{"floor":26,"key":"Self Forming Clay"},{"floor":28,"key":"Question Card"}],"event_choices":[{"cards_removed":["Strike_R"],"damage_healed":0,"gold_gain":0,"player_choice":"Forget","damage_taken":0,"max_hp_gain":0,"max_hp_loss":0,"event_name":"Living Wall","floor":2,"gold_loss":0},{"cards_removed":["Defend_R"],"damage_healed":0,"gold_gain":0,"player_choice":"Purged","damage_taken":0,"max_hp_gain":0,"max_hp_loss":0,"event_name":"Purifier","floor":4,"gold_loss":0},{"damage_healed":0,"gold_gain":0,"player_choice":"Entered Light","damage_taken":20,"max_hp_gain":0,"max_hp_loss":0,"event_name":"Shining Light","floor":8,"gold_loss":0,"cards_upgraded":["Bash","Defend_R"]},{"damage_healed":0,"gold_gain":0,"player_choice":"Bought 1 Potion","damage_taken":0,"max_hp_gain":0,"max_hp_loss":0,"event_name":"The Woman in Blue","floor":14,"gold_loss":0},{"damage_healed":0,"gold_gain":0,"player_choice":"Ignored","damage_taken":0,"max_hp_gain":0,"max_hp_loss":0,"event_name":"Ghosts","floor":19,"gold_loss":0},{"cards_removed":["Defend_R"],"damage_healed":0,"gold_gain":0,"player_choice":"Purged","damage_taken":0,"max_hp_gain":0,"max_hp_loss":0,"event_name":"Purifier","floor":20,"gold_loss":0}],"is_beta":false,"boss_relics":[{"not_picked":["Empty Cage","Runic Pyramid"],"picked":"SlaversCollar"}],"items_purged_floors":[13],"is_endless":false,"potions_floor_spawned":[1,5,16,21,22],"killed_by":"Snake Plant","ascension_level":18}}