{"host":"91blwi3hgehj6ch9","time":1613131093,"event":{"mods":["2.2 Compatiblity","AchievementEnabler","BaseMod","Colored Map","DeckTracker","Keyboard Shortcuts","Minty Spire (QoL Compilation)","Permanent Neow","Quick Restart","StSLib","SuperFastMode","everything is the same but u backflip on backflip"],"gold_per_floor":[117,134,134,153,153,180,180,214,267,267,277,304,304,107,107,205,205,220,253,264,33,33,68,68,68],"floor_reached":24,"language":"KOR","playtime":765,"items_purged":["Strike_R"],"score":373,"play_id":"e8b3df87-4dfa-4db6-8f0d-2e5a0418f8eb","local_time":"20210212205813","is_ascension_mode":true,"campfire_choices":[{"data":"Flex","floor":7.0,"key":"SMITH"},{"floor":10.0,"key":"REST"},{"data":"Bash","floor":13.0,"key":"SMITH"},{"data":"Cleave","floor":15.0,"key":"SMITH"}],"circlet_count":0,"master_deck":["Bash+1","Sword Boomerang+1","Flex+1","Cleave+1","Burning Pact+1","Armaments+1","Intimidate+1","Dual Wield+1","Whirlwind","Shrug It Off+1","Shrug It Off+1","Body Slam","Heavy Blade","Heavy Blade","Iron Wave","Pommel Strike+1","Shrug It Off+1","Inflame"],"relics":["Burning Blood","NeowsBlessing","Toxic Egg 2","Smiling Mask","Akabeko","Ancient Tea Set","Blood Vial","Pandora\u0027s Box","Red Mask","Chemical X","Toy Ornithopter"],"acts_visited":["Exordium","TheCity"],"potions_floor_usage":[],"damage_taken":[{"damage":0.0,"enemies":"2 Louse","floor":1.0,"turns":1.0},{"damage":0.0,"enemies":"Cultist","floor":2.0,"turns":1.0},{"damage":0.0,"enemies":"Jaw Worm","floor":4.0,"turns":1.0},{"damage":38.0,"enemies":"Gremlin Nob","floor":6.0,"turns":4.0},{"damage":35.0,"enemies":"Lagavulin","floor":8.0,"turns":5.0},{"damage":0.0,"enemies":"Blue Slaver","floor":11.0,"turns":1.0},{"damage":0.0,"enemies":"Gremlin Nob","floor":12.0,"turns":2.0},{"damage":12.0,"enemies":"Slime Boss","floor":16.0,"turns":8.0},{"damage":8.0,"enemies":"2 Thieves","floor":18.0,"turns":3.0},{"damage":22.0,"enemies":"Masked Bandits","floor":19.0,"turns":4.0},{"damage":13.0,"enemies":"Chosen","floor":20.0,"turns":5.0},{"damage":46,"enemies":"Gremlin Leader","floor":23,"turns":7},{"damage":22,"enemies":"Sentry and Sphere","floor":24,"turns":5}],"seed_played":"-2092677239614934936","potions_obtained":[{"floor":8.0,"key":"ColorlessPotion"},{"floor":11.0,"key":"Energy Potion"},{"floor":16.0,"key":"EssenceOfSteel"},{"floor":18.0,"key":"Strength Potion"},{"floor":23,"key":"Dexterity Potion"}],"is_trial":false,"path_per_floor":["M","M","?","M","?","E","R","E","T","R","M","E","R","$","R","B",null,"M","?","M","$","?","E","M"],"character_chosen":"IRONCLAD","items_purchased":["Blood Vial","Chemical X","Inflame"],"campfire_rested":1,"item_purchase_floors":[14,21,21],"current_hp_per_floor":[78,80,80,80,80,48,48,19,19,43,49,55,55,55,55,51,73,73,59,54,54,54,16,0,0],"gold":68,"neow_bonus":"THREE_ENEMY_KILL","is_daily":false,"chose_seed":false,"campfire_upgraded":3,"win_rate":0.0,"timestamp":1613131093,"path_taken":["M","M","?","?","?","E","R","E","T","R","M","E","R","$","R","BOSS","M","?","M","$","?","E","M"],"items_purchased_type":["Relic","Relic","Card"],"build_version":"2020-12-22","purchased_purges":1,"victory":false,"max_hp_per_floor":[80,80,80,80,80,80,80,80,80,80,80,80,80,80,80,80,80,80,80,80,80,80,80,80,80],"card_choices":[{"not_picked":["Perfected Strike","Thunderclap"],"picked":"Sword Boomerang","floor":1.0},{"not_picked":["Armaments","Clothesline"],"picked":"Flex","floor":2.0},{"not_picked":["Combust","Reckless Charge"],"picked":"Cleave","floor":4.0},{"not_picked":["Havoc+1","Cleave"],"picked":"Burning Pact+1","floor":6.0},{"not_picked":["Thunderclap","Iron Wave","Juggernaut"],"picked":"SKIP","floor":8.0},{"not_picked":["Anger","Iron Wave"],"picked":"Armaments+1","floor":11.0},{"not_picked":["Sword Boomerang","Rupture"],"picked":"Intimidate+1","floor":12.0},{"not_picked":["Sword Boomerang+1","Cleave+1","Whirlwind"],"picked":"SKIP","floor":18.0},{"not_picked":["Cleave","Clothesline"],"picked":"Pommel Strike+1","floor":19.0},{"not_picked":["Havoc+1","Sword Boomerang"],"picked":"Shrug It Off+1","floor":20.0},{"not_picked":["Pommel Strike","Clothesline+1","Havoc+1"],"picked":"SKIP","floor":23}],"player_experience":226241,"relics_obtained":[{"floor":6.0,"key":"Toxic Egg 2"},{"floor":8.0,"key":"Smiling Mask"},{"floor":9.0,"key":"Akabeko"},{"floor":12.0,"key":"Ancient Tea Set"},{"floor":19.0,"key":"Red Mask"},{"floor":23,"key":"Toy Ornithopter"}],"event_choices":[{"damage_healed":0.0,"max_hp_gain":0.0,"max_hp_loss":0.0,"gold_gain":0.0,"event_name":"Upgrade Shrine","player_choice":"Upgraded","floor":3.0,"gold_loss":0.0,"damage_taken":0.0,"cards_upgraded":["Sword Boomerang"]},{"damage_healed":0.0,"max_hp_gain":0.0,"max_hp_loss":0.0,"gold_gain":0.0,"event_name":"Liars Game","player_choice":"Ignored","floor":5.0,"gold_loss":0.0,"damage_taken":0.0},{"damage_healed":0.0,"max_hp_gain":0.0,"max_hp_loss":0.0,"gold_gain":0.0,"event_name":"Masked Bandits","player_choice":"Fought Bandits","floor":19.0,"gold_loss":0.0,"damage_taken":0.0},{"damage_healed":0,"gold_gain":0,"player_choice":"Ignored","damage_taken":0,"max_hp_gain":0,"max_hp_loss":0,"event_name":"The Mausoleum","floor":22,"gold_loss":0}],"is_beta":false,"boss_relics":[{"not_picked":["Black Blood","Sozu"],"picked":"Pandora\u0027s Box"}],"items_purged_floors":[14],"is_endless":false,"potions_floor_spawned":[8,11,16,18,23],"killed_by":"Sentry and Sphere","ascension_level":9}}