{"host":"mi0eibewekhugwl1","time":1613125139,"event":{"mods":["AchievementEnabler","BaseMod","Colored Map","Colored Powertips","DeckTracker","Keyboard Shortcuts","Minty Spire (QoL Compilation)","Quick Restart","Rare Cards Sparkle","Relic Stats","StSLib","SuperFastMode","everything is the same but u backflip on backflip"],"gold_per_floor":[116,391,405,423,168,188,199,199,267,267,267,267,37,56,56,56,56],"floor_reached":16,"language":"KOR","playtime":223,"items_purged":["Regret","Strike_G"],"score":184,"play_id":"fe9bb033-e0fb-43f4-acf2-97e8c5ada140","local_time":"20210212191859","is_ascension_mode":true,"campfire_choices":[{"data":"Footwork","floor":8,"key":"SMITH"},{"data":"Choke","floor":10,"key":"SMITH"},{"data":"Dagger Throw","floor":12,"key":"SMITH"},{"data":"Well Laid Plans","floor":15,"key":"SMITH"}],"circlet_count":0,"master_deck":["AscendersBane","Strike_G","Strike_G","Strike_G","Strike_G","Defend_G","Defend_G","Defend_G","Defend_G","Defend_G","Survivor","Neutralize","Footwork+1","Choke+1","Poisoned Stab","Dagger Throw+1","Well Laid Plans+1","After Image"],"relics":["Ring of the Snake","NeowsBlessing","Membership Card","White Beast Statue","CultistMask","Singing Bowl"],"acts_visited":["Exordium"],"potions_floor_usage":[6,14,16,16],"damage_taken":[{"damage":0,"enemies":"2 Louse","floor":1,"turns":1},{"damage":0,"enemies":"Cultist","floor":3,"turns":1},{"damage":0,"enemies":"Jaw Worm","floor":4,"turns":1},{"damage":5,"enemies":"Gremlin Gang","floor":6,"turns":2},{"damage":15,"enemies":"2 Fungi Beasts","floor":7,"turns":4},{"damage":4,"enemies":"Exordium Wildlife","floor":14,"turns":4},{"damage":40,"enemies":"Slime Boss","floor":16,"turns":8}],"seed_played":"1863174448511055158","potions_obtained":[{"floor":4,"key":"Block Potion"},{"floor":6,"key":"CultistPotion"},{"floor":14,"key":"LiquidMemories"}],"is_trial":false,"path_per_floor":["M","?","M","M","$","M","M","R","T","R","?","R","$","M","R","B"],"character_chosen":"THE_SILENT","items_purchased":["Membership Card","Poisoned Stab","Explosive Potion","Singing Bowl","Well Laid Plans"],"campfire_rested":0,"item_purchase_floors":[5,5,5,13,13],"current_hp_per_floor":[59,59,59,59,59,54,39,39,39,39,39,39,39,35,35,0,0],"gold":56,"neow_bonus":"THREE_ENEMY_KILL","is_daily":false,"chose_seed":false,"campfire_upgraded":4,"win_rate":0.0,"timestamp":1613125139,"path_taken":["M","?","M","?","?","M","M","R","T","R","?","R","$","M","R","BOSS"],"items_purchased_type":["Relic","Card","Potion","Relic","Card"],"build_version":"2020-12-22","purchased_purges":2,"victory":false,"max_hp_per_floor":[66,66,66,66,66,66,66,66,66,66,66,66,66,66,66,66,66],"relic_stats":{"Singing Bowl":0,"counters":[7,21],"obtain_stats":[{"NeowsBlessing":0,"Singing Bowl":13,"CultistMask":11,"Membership Card":5,"White Beast Statue":9,"Ring of the Snake":0},{"NeowsBlessing":0,"Singing Bowl":5,"CultistMask":5,"Membership Card":3,"White Beast Statue":5,"Ring of the Snake":0},{"NeowsBlessing":0,"Singing Bowl":9,"CultistMask":9,"Membership Card":3,"White Beast Statue":9,"Ring of the Snake":0}],"Ring of the Snake":[14]},"card_choices":[{"not_picked":["Dagger Throw","Acrobatics"],"picked":"Footwork","floor":1},{"not_picked":["Caltrops","Outmaneuver","Dodge and Roll"],"picked":"SKIP","floor":3},{"not_picked":["Prepared","Well Laid Plans"],"picked":"Choke","floor":4},{"not_picked":["Underhanded Strike","Poisoned Stab","Sucker Punch"],"picked":"SKIP","floor":6},{"not_picked":["Quick Slash","Underhanded Strike"],"picked":"Dagger Throw","floor":7},{"not_picked":["Dagger Throw","All Out Attack"],"picked":"After Image","floor":14}],"player_experience":1800287,"relics_obtained":[{"floor":9,"key":"White Beast Statue"}],"event_choices":[{"damage_healed":0,"gold_gain":275,"player_choice":"Desecrate","damage_taken":0,"max_hp_gain":0,"max_hp_loss":0,"event_name":"Golden Shrine","floor":2,"gold_loss":0,"cards_obtained":["Regret"]},{"damage_healed":0,"gold_gain":0,"player_choice":"Trade","damage_taken":0,"relics_obtained":["CultistMask"],"max_hp_gain":0,"max_hp_loss":0,"event_name":"FaceTrader","floor":11,"gold_loss":0}],"is_beta":false,"boss_relics":[],"items_purged_floors":[5,13],"is_endless":false,"potions_floor_spawned":[4,6,14],"killed_by":"Slime Boss","ascension_level":20}}