{"host":"e8062yfkmywf26f0","time":1613155458,"event":{"mods":["AchievementEnabler","BaseMod","Colored Map","Minty Spire (QoL Compilation)","Quick Restart","Shop Mod","StSLib"],"gold_per_floor":[115,115,115,135,145,173,173,192,192,207,233,253,253,276,276,378,378,394,427,444,444,457,457,486,500,526,222,222,250,97,97,97,195,195,215,215,215,226,275,275,275,275],"floor_reached":41,"language":"ENG","playtime":5697,"items_purged":[],"score":441,"play_id":"b856bba6-278b-449f-b92c-8ee5fd0c327a","local_time":"20210212184418","is_ascension_mode":false,"campfire_choices":[{"data":"Thunderclap","floor":7.0,"key":"SMITH"},{"floor":13.0,"key":"REST"},{"data":"Seeing Red","floor":15.0,"key":"SMITH"},{"floor":23,"key":"REST"},{"floor":28,"key":"REST"},{"floor":32,"key":"REST"},{"floor":40,"key":"REST"}],"circlet_count":0,"master_deck":["Strike_R","Strike_R","Strike_R","Strike_R","Defend_R","Defend_R","Defend_R","Bash","Seeing Red+1","Sentinel","Thunderclap+1","Double Tap","Flame Barrier+1","Impervious","Seeing Red+1","Clothesline","Thunderclap","Barricade","Pommel Strike","Cleave","Twin Strike+1","Bludgeon","Clothesline+1","Twin Strike+1","Berserk"],"relics":["Burning Blood","Happy Flower","Strawberry","TungstenRod","Question Card","Regal Pillow","Odd Mushroom","Snecko Eye","Red Mask","Pantograph","War Paint","WingedGreaves","Lantern","Red Skull","SlaversCollar","Prayer Wheel"],"acts_visited":["Exordium","TheCity","TheBeyond"],"potions_floor_usage":[19,19,20,22,24,24,31,41],"damage_taken":[{"damage":8.0,"enemies":"2 Louse","floor":1.0,"turns":2.0},{"damage":0.0,"enemies":"Small Slimes","floor":4.0,"turns":3.0},{"damage":3.0,"enemies":"Jaw Worm","floor":5.0,"turns":4.0},{"damage":32.0,"enemies":"3 Sentries","floor":6.0,"turns":13.0},{"damage":4.0,"enemies":"Looter","floor":8.0,"turns":3.0},{"damage":3.0,"enemies":"Large Slime","floor":10.0,"turns":9.0},{"damage":37.0,"enemies":"Lagavulin","floor":11.0,"turns":10.0},{"damage":2.0,"enemies":"Exordium Thugs","floor":12.0,"turns":6.0},{"damage":19.0,"enemies":"The Mushroom Lair","floor":14.0,"turns":5.0},{"damage":29.0,"enemies":"The Guardian","floor":16.0,"turns":13.0},{"damage":1,"enemies":"3 Byrds","floor":18,"turns":4},{"damage":58,"enemies":"Masked Bandits","floor":19,"turns":9},{"damage":4,"enemies":"Spheric Guardian","floor":20,"turns":4},{"damage":11,"enemies":"3 Cultists","floor":22,"turns":6},{"damage":49,"enemies":"Book of Stabbing","floor":24,"turns":8},{"damage":10,"enemies":"Chosen and Byrds","floor":25,"turns":5},{"damage":64,"enemies":"Slavers","floor":29,"turns":5},{"damage":0,"enemies":"Snake Plant","floor":31,"turns":2},{"damage":39,"enemies":"Champ","floor":33,"turns":17},{"damage":34,"enemies":"3 Darklings","floor":35,"turns":4},{"damage":25,"enemies":"Orb Walker","floor":38,"turns":4},{"damage":35,"enemies":"2 Orb Walkers","floor":39,"turns":4},{"damage":66,"enemies":"Reptomancer","floor":41,"turns":2}],"seed_played":"5407042028058501069","potions_obtained":[{"floor":1.0,"key":"Swift Potion"},{"floor":4.0,"key":"LiquidMemories"},{"floor":8.0,"key":"GamblersBrew"},{"floor":10.0,"key":"SneckoOil"},{"floor":12.0,"key":"DistilledChaos"},{"floor":19,"key":"EntropicBrew"},{"floor":20,"key":"Block Potion"},{"floor":22,"key":"Explosive Potion"},{"floor":29,"key":"SmokeBomb"},{"floor":39,"key":"DuplicationPotion"}],"is_trial":false,"path_per_floor":["M","?","?","M","M","E","R","M","T","M","E","M","R","?","R","B",null,"M","?","M","?","M","R","E","M","T","$","R","E","$","M","R","B",null,"M","?","?","M","?","R","E"],"character_chosen":"IRONCLAD","items_purchased":["WingedGreaves","Red Skull"],"campfire_rested":5,"item_purchase_floors":[27,30],"current_hp_per_floor":[78,82,82,87,87,61,61,63,63,66,35,39,80,67,67,44,87,87,35,54,38,33,75,32,28,28,28,70,12,12,18,60,52,92,64,64,64,45,16,58,0,0],"gold":275,"neow_bonus":"RANDOM_COMMON_RELIC","is_daily":false,"chose_seed":false,"campfire_upgraded":2,"win_rate":0.0,"timestamp":1613155458,"path_taken":["M","?","?","M","M","E","R","M","T","M","E","?","R","?","R","BOSS","M","?","M","?","M","R","E","M","T","$","R","E","$","M","R","BOSS","M","?","?","?","?","R","E"],"items_purchased_type":["Relic","Relic"],"build_version":"2020-12-22","purchased_purges":0,"victory":false,"max_hp_per_floor":[80,87,87,87,87,87,87,87,87,87,87,87,87,87,87,87,87,87,87,87,92,92,92,92,92,92,92,92,92,92,92,92,92,92,92,92,92,92,92,92,92,92],"card_choices":[{"not_picked":["Battle Trance","Rage"],"picked":"Seeing Red","floor":1.0},{"not_picked":["Clash","Warcry"],"picked":"Shrug It Off","floor":4.0},{"not_picked":["Cleave","Clothesline"],"picked":"Thunderclap","floor":5.0},{"not_picked":["Ghostly Armor","Heavy Blade"],"picked":"Double Tap","floor":6.0},{"not_picked":["Body Slam","Sword Boomerang"],"picked":"Flame Barrier","floor":8.0},{"not_picked":["Rupture","Twin Strike","Headbutt"],"picked":"Impervious","floor":10.0},{"not_picked":["Burning Pact","Perfected Strike","Thunderclap"],"picked":"Seeing Red","floor":11.0},{"not_picked":["Clash","Hemokinesis","Sword Boomerang"],"picked":"Clothesline","floor":12.0},{"not_picked":["Flex","Blood for Blood","Whirlwind"],"picked":"Thunderclap","floor":14.0},{"not_picked":["Fiend Fire","Juggernaut","Brutality"],"picked":"Barricade","floor":16.0},{"not_picked":["True Grit+1","Armaments","Hemokinesis"],"picked":"Pommel Strike","floor":18},{"not_picked":["Havoc","Heavy Blade","Armaments"],"picked":"Cleave","floor":19},{"not_picked":["Heavy Blade","Pommel Strike","True Grit","Armaments"],"picked":"SKIP","floor":20},{"not_picked":["Body Slam+1","Dual Wield","Clash","True Grit"],"picked":"SKIP","floor":22},{"not_picked":["Whirlwind","Impervious","Evolve+1","Hemokinesis+1"],"picked":"SKIP","floor":24},{"not_picked":["Headbutt","True Grit","Clothesline"],"picked":"Twin Strike+1","floor":25},{"not_picked":["Heavy Blade","Wild Strike+1","Seeing Red","Rupture"],"picked":"SKIP","floor":29},{"not_picked":["Barricade","Double Tap","Feed"],"picked":"Bludgeon","floor":33},{"not_picked":["Body Slam","Second Wind+1","Anger+1"],"picked":"Clothesline+1","floor":35},{"not_picked":["Wild Strike","Shrug It Off","Cleave"],"picked":"Twin Strike+1","floor":38},{"not_picked":["Power Through+1","Iron Wave+1","Perfected Strike"],"picked":"Berserk","floor":39}],"player_experience":56514,"relics_obtained":[{"floor":6.0,"key":"TungstenRod"},{"floor":9.0,"key":"Question Card"},{"floor":11.0,"key":"Regal Pillow"},{"floor":14.0,"key":"Odd Mushroom"},{"floor":19,"key":"Red Mask"},{"floor":24,"key":"Pantograph"},{"floor":26,"key":"War Paint"},{"floor":29,"key":"Lantern"},{"floor":39,"key":"Prayer Wheel"}],"event_choices":[{"damage_healed":0.0,"max_hp_gain":0.0,"max_hp_loss":0.0,"gold_gain":0.0,"event_name":"Scrap Ooze","player_choice":"Success","floor":2.0,"gold_loss":0.0,"damage_taken":3.0,"relics_obtained":["Strawberry"]},{"damage_healed":0.0,"max_hp_gain":0.0,"max_hp_loss":0.0,"gold_gain":0.0,"cards_transformed":["Strike_R"],"event_name":"Living Wall","player_choice":"Change","floor":3.0,"gold_loss":0.0,"damage_taken":0.0,"cards_obtained":["Sentinel"]},{"damage_healed":0.0,"max_hp_gain":0.0,"max_hp_loss":0.0,"gold_gain":0.0,"event_name":"Mushrooms","player_choice":"Fought Mushrooms","floor":14.0,"gold_loss":0.0,"damage_taken":0.0},{"damage_healed":0,"gold_gain":0,"player_choice":"Fought Bandits","damage_taken":0,"max_hp_gain":0,"max_hp_loss":0,"event_name":"Masked Bandits","floor":19,"gold_loss":0},{"damage_healed":0,"gold_gain":0,"player_choice":"Shed Blood","damage_taken":22,"max_hp_gain":5,"max_hp_loss":0,"event_name":"Forgotten Altar","floor":21,"gold_loss":0},{"cards_removed":["Shrug It Off"],"damage_healed":0,"gold_gain":0,"player_choice":"Removed Skill","damage_taken":0,"max_hp_gain":0,"max_hp_loss":0,"event_name":"Falling","floor":36,"gold_loss":0},{"cards_removed":["Defend_R"],"damage_healed":0,"gold_gain":0,"player_choice":"Purged","damage_taken":0,"max_hp_gain":0,"max_hp_loss":0,"event_name":"Purifier","floor":37,"gold_loss":0},{"damage_healed":0,"gold_gain":0,"player_choice":"Fight","damage_taken":0,"max_hp_gain":0,"max_hp_loss":0,"event_name":"Mysterious Sphere","floor":39,"gold_loss":0}],"is_beta":false,"boss_relics":[{"not_picked":["Astrolabe","Ectoplasm"],"picked":"Snecko Eye"},{"not_picked":["Calling Bell","Philosopher\u0027s Stone"],"picked":"SlaversCollar"}],"items_purged_floors":[],"is_endless":false,"potions_floor_spawned":[1,4,8,10,12,19,20,22,29,31,39],"killed_by":"Reptomancer","ascension_level":0}}