{"host":"rw1trt79hfpl7pom","time":1613138741,"event":{"mods":["BaseMod","Bestiary","Colored Map","Minty Spire (QoL Compilation)","Relic Stats","StSLib","SuperFastMode"],"gold_per_floor":[11,11,27,27,44,44,70,88,168,168,168,179,179,179,179,251,251,264,8,58,58,58,58,78,78,78,90,90,90,103,429,429,503,503,513,529,574,574,591,591,604,629,678,708,733,764,301,328,328,328,328,328,328,23,51,51],"floor_reached":57,"language":"ENG","playtime":3666,"items_purged":["Strike_B","Strike_B","Strike_B"],"score":3047,"play_id":"6152a92e-0a11-47ae-86dc-27ba2c4e6def","local_time":"20210212060541","is_ascension_mode":true,"campfire_choices":[{"data":"Loop","floor":6.0,"key":"SMITH"},{"floor":11.0,"key":"DIG"},{"floor":13.0,"key":"DIG"},{"floor":15.0,"key":"DIG"},{"data":"Consume","floor":23.0,"key":"SMITH"},{"data":"Biased Cognition","floor":25,"key":"SMITH"},{"floor":29,"key":"REST"},{"floor":32,"key":"DIG"},{"floor":40,"key":"REST"},{"floor":49,"key":"RECALL"},{"floor":53,"key":"DIG"}],"circlet_count":0,"master_deck":["AscendersBane","Defend_B","Defend_B","Defend_B","Defend_B","Zap","Dualcast","Chill","Stack","Sweeping Beam","Loop+1","Consume+1","Doom and Gloom","Coolheaded","Biased Cognition+1","Cold Snap","Glacier","Capacitor","Hologram","Ghostly","Ghostly","Ghostly","Conserve Battery","Core Surge","Loop","Cold Snap+1","Capacitor+1","Master of Strategy","Compile Driver","White Noise","Biased Cognition","Hologram","White Noise"],"relics":["Cracked Core","Dead Branch","Shovel","Matryoshka","Vajra","Dream Catcher","Happy Flower","Inserter","Gambling Chip","Shuriken","Nilry\u0027s Codex","Old Coin","Mummified Hand","SlaversCollar","Thread and Needle","Bird Faced Urn","Bag of Marbles","Centennial Puzzle","Peace Pipe","Unceasing Top","Membership Card","Orichalcum","Akabeko","StrikeDummy","Cables","OrangePellets","Pocketwatch","Bag of Preparation"],"acts_visited":["Exordium","TheCity","TheBeyond","TheEnding"],"potions_floor_usage":[36,37,55,56],"damage_taken":[{"damage":0.0,"enemies":"Small Slimes","floor":1.0,"turns":2.0},{"damage":0.0,"enemies":"2 Louse","floor":3.0,"turns":2.0},{"damage":15.0,"enemies":"Jaw Worm","floor":5.0,"turns":5.0},{"damage":5.0,"enemies":"3 Sentries","floor":7.0,"turns":4.0},{"damage":10.0,"enemies":"3 Louse","floor":8.0,"turns":3.0},{"damage":8.0,"enemies":"Blue Slaver","floor":12.0,"turns":3.0},{"damage":23.0,"enemies":"Slime Boss","floor":16.0,"turns":7.0},{"damage":16.0,"enemies":"Shell Parasite","floor":18.0,"turns":9.0},{"damage":0.0,"enemies":"Spheric Guardian","floor":24.0,"turns":8.0},{"damage":0,"enemies":"Snake Plant","floor":27,"turns":7},{"damage":0,"enemies":"Shelled Parasite and Fungi","floor":30,"turns":7},{"damage":3,"enemies":"Slavers","floor":31,"turns":7},{"damage":7,"enemies":"Automaton","floor":33,"turns":11},{"damage":0,"enemies":"3 Darklings","floor":35,"turns":7},{"damage":6,"enemies":"3 Shapes","floor":36,"turns":4},{"damage":0,"enemies":"2 Orb Walkers","floor":37,"turns":7},{"damage":3,"enemies":"Jaw Worm Horde","floor":39,"turns":7},{"damage":0,"enemies":"Maw","floor":41,"turns":11},{"damage":0,"enemies":"Reptomancer","floor":42,"turns":5},{"damage":5,"enemies":"Nemesis","floor":44,"turns":9},{"damage":0,"enemies":"Mind Bloom Boss Battle","floor":45,"turns":4},{"damage":0,"enemies":"Giant Head","floor":46,"turns":6},{"damage":0,"enemies":"Reptomancer","floor":48,"turns":7},{"damage":26,"enemies":"Time Eater","floor":50,"turns":9},{"damage":15,"enemies":"Donu and Deca","floor":51,"turns":5},{"damage":0,"enemies":"Shield and Spear","floor":55,"turns":5},{"damage":24,"enemies":"The Heart","floor":56,"turns":12}],"seed_played":"-7285304212738930730","potions_obtained":[{"floor":1.0,"key":"BlessingOfTheForge"},{"floor":5.0,"key":"AttackPotion"},{"floor":8.0,"key":"Block Potion"},{"floor":18.0,"key":"Energy Potion"},{"floor":30,"key":"AttackPotion"},{"floor":31,"key":"Swift Potion"},{"floor":36,"key":"Fire Potion"},{"floor":37,"key":"EssenceOfDarkness"},{"floor":44,"key":"FocusPotion"}],"is_trial":false,"path_per_floor":["M","?","M","$","M","R","E","M","T","?","R","M","R","?","R","B",null,"M","$","?","?","?","R","M","R","T","M","?","R","M","E","R","B",null,"M","M","?","?","M","R","M","E","T","E","?","E","$","E","R","B","B",null,"R","$","E","B",null],"character_chosen":"DEFECT","items_purchased":["Glacier","Capacitor","Hologram","Membership Card","Orichalcum","Akabeko","White Noise","DistilledChaos","OrangePellets","Pocketwatch"],"campfire_rested":2,"item_purchase_floors":[19,19,19,47,47,47,47,47,54,54],"current_hp_per_floor":[64,64,64,64,49,49,44,34,34,34,34,26,26,31,31,8,59,43,43,43,38,30,30,30,30,30,30,9,21,21,18,18,11,35,35,29,29,19,16,28,28,28,28,43,43,43,43,43,43,23,34,41,41,41,43,33],"gold":51,"neow_bonus":"ONE_RARE_RELIC","is_daily":false,"chose_seed":false,"campfire_upgraded":3,"win_rate":0.0,"timestamp":1613138741,"path_taken":["M","?","M","$","M","R","E","M","T","?","R","M","R","?","R","BOSS","M","$","?","?","?","R","M","R","T","?","?","R","M","E","R","BOSS","M","M","?","?","M","R","M","E","T","E","?","E","?","E","R","BOSS","BOSS","R","$","E","BOSS"],"items_purchased_type":["Card","Card","Card","Relic","Relic","Relic","Card","Potion","Relic","Relic"],"build_version":"2020-12-22","purchased_purges":3,"victory":true,"max_hp_per_floor":[71,71,71,71,71,71,71,71,71,71,71,71,71,76,76,76,76,76,76,76,38,43,43,43,43,43,43,43,43,43,43,43,43,43,43,43,43,43,43,43,43,43,43,43,43,43,43,43,43,43,43,43,43,43,43,43],"relic_stats":{"Inserter":[69],"Happy Flower":[51],"counters":[27,171],"Dead Branch":[215],"Bag of Preparation":[2],"Orichalcum":[66],"Cables":[15,7,6,2,0],"Peace Pipe":0,"OrangePellets":[7],"Dream Catcher":2,"Centennial Puzzle":[9],"Shovel":5,"Shuriken":[19],"Mummified Hand":[201],"Gambling Chip":[55],"Bird Faced Urn":[68],"obtain_stats":[{"Nilry\u0027s Codex":28,"Vajra":11,"Bag of Preparation":55,"Old Coin":31,"Dream Catcher":13,"Centennial Puzzle":44,"Shovel":7,"Matryoshka":9,"Mummified Hand":32,"Gambling Chip":26,"Cracked Core":0,"Inserter":17,"Happy Flower":15,"Dead Branch":0,"Thread and Needle":37,"Orichalcum":47,"Akabeko":47,"Cables":53,"Peace Pipe":45,"SlaversCollar":34,"OrangePellets":54,"Shuriken":26,"Bird Faced Urn":42,"Bag of Marbles":43,"Membership Card":47,"StrikeDummy":48,"Unceasing Top":46,"Pocketwatch":54},{"Nilry\u0027s Codex":10,"Vajra":5,"Bag of Preparation":26,"Old Coin":12,"Dream Catcher":6,"Centennial Puzzle":20,"Shovel":4,"Matryoshka":5,"Mummified Hand":12,"Gambling Chip":9,"Cracked Core":0,"Inserter":7,"Happy Flower":6,"Dead Branch":0,"Thread and Needle":16,"Orichalcum":22,"Akabeko":22,"Cables":25,"Peace Pipe":21,"SlaversCollar":13,"OrangePellets":25,"Shuriken":9,"Bird Faced Urn":19,"Bag of Marbles":19,"Membership Card":22,"StrikeDummy":23,"Unceasing Top":22,"Pocketwatch":25},{"Nilry\u0027s Codex":50,"Vajra":16,"Bag of Preparation":159,"Old Coin":63,"Dream Catcher":19,"Centennial Puzzle":123,"Shovel":13,"Matryoshka":16,"Mummified Hand":63,"Gambling Chip":43,"Cracked Core":0,"Inserter":26,"Happy Flower":19,"Dead Branch":0,"Thread and Needle":91,"Orichalcum":133,"Akabeko":133,"Cables":154,"Peace Pipe":127,"SlaversCollar":73,"OrangePellets":154,"Shuriken":43,"Bird Faced Urn":114,"Bag of Marbles":114,"Membership Card":133,"StrikeDummy":140,"Unceasing Top":133,"Pocketwatch":154}],"Unceasing Top":[3],"Pocketwatch":[0]},"card_choices":[{"not_picked":["Streamline","Beam Cell"],"picked":"Chill","floor":1.0},{"not_picked":["Beam Cell","Force Field"],"picked":"Sweeping Beam","floor":3.0},{"not_picked":["White Noise","Force Field"],"picked":"Loop","floor":5.0},{"not_picked":["BootSequence","Beam Cell"],"picked":"Consume","floor":7.0},{"not_picked":["Leap","Beam Cell"],"picked":"Doom and Gloom","floor":8.0},{"not_picked":["Stack","Darkness"],"picked":"Coolheaded","floor":12.0},{"not_picked":["Seek","Thunder Strike"],"picked":"Biased Cognition","floor":16.0},{"not_picked":["Redo","Hello World+1"],"picked":"Cold Snap","floor":18.0},{"not_picked":["Steam","Stack+1","Force Field"],"picked":"SKIP","floor":24.0},{"not_picked":["Steam","Rip and Tear"],"picked":"Conserve Battery","floor":27},{"not_picked":["Cold Snap","Conserve Battery","Fusion"],"picked":"SKIP","floor":30},{"not_picked":["Hello World","Beam Cell","Turbo"],"picked":"SKIP","floor":31},{"not_picked":["Electrodynamics","Thunder Strike"],"picked":"Core Surge","floor":33},{"not_picked":["Leap","Beam Cell"],"picked":"Loop","floor":35},{"not_picked":["Double Energy","Scrape+1"],"picked":"Cold Snap+1","floor":36},{"not_picked":["Stack+1","Consume+1"],"picked":"Capacitor+1","floor":37},{"not_picked":["Flash of Steel","Sadistic Nature"],"picked":"Master of Strategy","floor":38},{"not_picked":["Doom and Gloom+1","Chaos"],"picked":"Compile Driver","floor":39},{"not_picked":["Hologram","Sweeping Beam"],"picked":"White Noise","floor":40},{"not_picked":["FTL","Conserve Battery","Hello World"],"picked":"SKIP","floor":41},{"not_picked":["Beam Cell+1","Turbo","Ball Lightning+1"],"picked":"SKIP","floor":42},{"not_picked":["Genetic Algorithm","Static Discharge+1"],"picked":"Biased Cognition","floor":44},{"not_picked":["Gash+1","Go for the Eyes"],"picked":"Hologram","floor":45},{"not_picked":["Scrape","Meteor Strike","Rebound"],"picked":"SKIP","floor":46},{"not_picked":["Streamline","Force Field","Cold Snap"],"picked":"SKIP","floor":48},{"not_picked":["Blizzard","Auto Shields","Ball Lightning"],"picked":"SKIP","floor":55}],"player_experience":2702396,"relics_obtained":[{"floor":7.0,"key":"Shovel"},{"floor":9.0,"key":"Matryoshka"},{"floor":11.0,"key":"Vajra"},{"floor":13.0,"key":"Dream Catcher"},{"floor":15.0,"key":"Happy Flower"},{"floor":26,"key":"Gambling Chip"},{"floor":26,"key":"Shuriken"},{"floor":28,"key":"Nilry\u0027s Codex"},{"floor":31,"key":"Old Coin"},{"floor":32,"key":"Mummified Hand"},{"floor":37,"key":"Thread and Needle"},{"floor":42,"key":"Bird Faced Urn"},{"floor":43,"key":"Bag of Marbles"},{"floor":44,"key":"Centennial Puzzle"},{"floor":45,"key":"Peace Pipe"},{"floor":46,"key":"Unceasing Top"},{"floor":48,"key":"StrikeDummy"},{"floor":53,"key":"Cables"},{"floor":55,"key":"Bag of Preparation"}],"event_choices":[{"damage_healed":0.0,"max_hp_gain":0.0,"max_hp_loss":0.0,"gold_gain":0.0,"cards_transformed":["Strike_B"],"event_name":"Living Wall","player_choice":"Change","floor":2.0,"gold_loss":0.0,"damage_taken":0.0,"cards_obtained":["Stack"]},{"damage_healed":0.0,"max_hp_gain":0.0,"max_hp_loss":0.0,"gold_gain":0.0,"event_name":"Liars Game","player_choice":"Ignored","floor":10.0,"gold_loss":0.0,"damage_taken":0.0},{"damage_healed":0.0,"max_hp_gain":5.0,"max_hp_loss":0.0,"gold_gain":0.0,"event_name":"Big Fish","player_choice":"Donut","floor":14.0,"gold_loss":0.0,"damage_taken":0.0},{"damage_healed":0.0,"max_hp_gain":0.0,"max_hp_loss":0.0,"gold_gain":50.0,"event_name":"Nest","player_choice":"Stole From Cult","floor":20.0,"gold_loss":0.0,"damage_taken":0.0},{"damage_healed":0.0,"max_hp_gain":0.0,"max_hp_loss":38.0,"gold_gain":0.0,"event_name":"Ghosts","player_choice":"Became a Ghost","floor":21.0,"gold_loss":0.0,"damage_taken":0.0,"cards_obtained":["Ghostly","Ghostly","Ghostly"]},{"damage_healed":0.0,"max_hp_gain":5.0,"max_hp_loss":0.0,"gold_gain":0.0,"event_name":"Forgotten Altar","player_choice":"Shed Blood","floor":22.0,"gold_loss":0.0,"damage_taken":13.0},{"damage_healed":0,"gold_gain":0,"player_choice":"Obtained Book","damage_taken":21,"max_hp_gain":0,"max_hp_loss":0,"event_name":"Cursed Tome","floor":28,"gold_loss":0},{"damage_healed":0,"gold_gain":0,"player_choice":"Fight","damage_taken":0,"max_hp_gain":0,"max_hp_loss":0,"event_name":"Mysterious Sphere","floor":37,"gold_loss":0},{"damage_healed":0,"gold_gain":0,"player_choice":"Memory 3","damage_taken":10,"max_hp_gain":0,"max_hp_loss":0,"event_name":"SensoryStone","floor":38,"gold_loss":0},{"damage_healed":0,"gold_gain":0,"player_choice":"Fight","damage_taken":0,"max_hp_gain":0,"max_hp_loss":0,"event_name":"MindBloom","floor":45,"gold_loss":0}],"is_beta":false,"boss_relics":[{"not_picked":["SacredBark","Fusion Hammer"],"picked":"Inserter"},{"not_picked":["Sozu","Tiny House"],"picked":"SlaversCollar"}],"items_purged_floors":[19,47,54],"is_endless":false,"potions_floor_spawned":[1,5,8,18,30,31,36,37,39,44],"ascension_level":20}}