{"host":"o3b7ow6d1xe49css","time":1613113537,"event":{"mods":["Act Like it!","Aspiration","BaseMod","Bestiary","Better Altar","Better Match","Better Note","Better Sensory Stone","Better Skull","Better Third Choice","Colored Powertips","Conspire","Energized Spire","GifTheSpireLib","Halation","Hermit","Hubris","Infinite Spire","Lobotomy","Marisa????????","Minty Spire (QoL Compilation)","Quick Restart","Rare Cards Sparkle","Relic Filter Mod","Reliquary","Replay The Spire","Spicy Shops","Spikes Relics","Spire Arcade","StSLib","Stuff the Spire","The Blue Laboratory","Wandering Minibosses"],"gold_per_floor":[116,134,151,161,161,161,193,193,271,284,310,327,13,47,47,142,142,152,170,62,62,62,95,121,121,121,155,155,155,79,79,79,180,180,190,21,21,34,34,34,62,94,148,148,48,82,82,100,100,202,202,202,4,34,130],"floor_reached":56,"language":"ENG","playtime":3134,"items_purged":["Strike_R","Strike_R","Strike_R","Scorched","Whirlwind"],"score":1753,"play_id":"438c020c-c299-48f8-a420-6374f268fdb1","local_time":"20210211220537","daily_mods":["Heirloom","Flight"],"is_ascension_mode":true,"campfire_choices":[{"data":"StuffTheSpire:Slingshot","floor":6,"key":"SMITH"},{"data":"Inflame","floor":8,"key":"SMITH"},{"data":"Strike_R","floor":15,"key":"PURGE"},{"data":"infinitespire:NeuralNetwork","floor":25,"key":"SMITH"},{"floor":32,"key":"REST"},{"data":"BattleHymn","floor":40,"key":"SMITH"},{"data":"Offering","floor":44,"key":"SMITH"},{"floor":47,"key":"REST"},{"data":"infinitespire:UltimateForm","floor":49,"key":"SMITH"},{"data":"Apotheosis","floor":52,"key":"SMITH"}],"circlet_count":0,"master_deck":["Defend_R","Defend_R","Defend_R","StuffTheSpire:Slingshot+1","Shrug It Off","Inflame+1","UniverseFragment","Battle Trance","Spot Weakness","Uppercut","True Grit","Replay:Undeath\u0027s Touch","Shrug It Off+1","Whirlwind+1","infinitespire:NeuralNetwork+1","BattleHymn+1","Offering+1","Apotheosis+1","Pummel","infinitespire:UltimateForm+1","Reaper"],"relics":["Burning Blood","Ring of Chaos","Durian","CogitoBucket","ReplayFunnel","StrikeDummy","AspirationHeart","Ancient Tea Set","infinitespire:Satchel","halation:WeightlessCrab","HailfireSword","SkinProphecy","wanderingMiniBosses:OtherGremlinHorn","hubris:DisguiseKit","Gremlin Food","reliquary:WeakTea","Boot","infinitespire:CursedDice","Replay:Wax Seal","Bloody Idol","energizedSpire:SpiderWeb","ResearcherNote","reliquary:PartyBalloon","reliquary:JackalopeAntler","Replay:Rubber Ducky","reliquary:TuningFork","Blood Vial","Black Star","Ring of Chaos","halation:PrussianBluePaint"],"acts_visited":["Exordium","TheCity","TheBeyond","Exordium","TheEnding"],"potions_floor_usage":[7,18,18,18,23,27,55,55,55],"damage_taken":[{"damage":8,"enemies":"conspire:RoseBush","floor":1,"turns":5},{"damage":2,"enemies":"Jaw Worm","floor":2,"turns":3},{"damage":6,"enemies":"Cultist","floor":3,"turns":3},{"damage":4,"enemies":"Looter","floor":4,"turns":4},{"damage":10,"enemies":"Lagavulin","floor":7,"turns":4},{"damage":17,"enemies":"2 Fungi Beasts","floor":10,"turns":4},{"damage":6,"enemies":"Replay:BlueRogue","floor":11,"turns":4},{"damage":0,"enemies":"3 Louse","floor":12,"turns":1},{"damage":17,"enemies":"Lagavulin","floor":14,"turns":5},{"damage":22,"enemies":"The Guardian","floor":16,"turns":8},{"damage":21,"enemies":"3 Byrds","floor":18,"turns":2},{"damage":49,"enemies":"2 Thieves","floor":19,"turns":6},{"damage":3,"enemies":"Slavers","floor":23,"turns":1},{"damage":5,"enemies":"Nightmare","floor":24,"turns":5},{"damage":2,"enemies":"conspire:SneckoGhost","floor":27,"turns":2},{"damage":7,"enemies":"Champ","floor":33,"turns":6},{"damage":11,"enemies":"3 Shapes","floor":35,"turns":5},{"damage":11,"enemies":"3 Darklings","floor":38,"turns":3},{"damage":23,"enemies":"Nemesis","floor":41,"turns":3},{"damage":10,"enemies":"Reptomancer","floor":42,"turns":2},{"damage":3,"enemies":"Nightmare","floor":46,"turns":5},{"damage":4,"enemies":"Transient","floor":48,"turns":5},{"damage":0,"enemies":"conspire:OrnateMirror","floor":50,"turns":3},{"damage":0,"enemies":"Shield and Spear","floor":54,"turns":3},{"damage":55,"enemies":"The Heart","floor":55,"turns":7}],"seed_played":"-2032308691064519440","potions_obtained":[{"floor":1,"key":"blueLaboratory:BottleOfRum"},{"floor":2,"key":"Milkshake"},{"floor":10,"key":"Reflective Coating"},{"floor":12,"key":"Flashbang"},{"floor":14,"key":"Adrenaline Potion"},{"floor":19,"key":"LiquidMemories"},{"floor":24,"key":"SkillPotion"},{"floor":35,"key":"DuplicationPotion"},{"floor":38,"key":"blueLaboratory:IronCompound"},{"floor":42,"key":"SkillPotion"}],"is_trial":true,"path_per_floor":["M","M","M","M","?","R","E","R","T","M","E","M","$","E","R","B",null,"M","M","$","?","?","E","NM","R","T","E","?","AVR","$","?","R","B",null,"M","$","?","M","AVR","R","E","E","T","R","$","NM","R","M","R","B",null,"R","$","E","B",null],"character_chosen":"IRONCLAD","items_purchased":["Whirlwind","infinitespire:Satchel","blueLaboratory:FruitPunch","Shrug It Off","Replay:Wax Seal","Apotheosis","LifebloodPotion"],"campfire_rested":2,"item_purchase_floors":[13,13,13,20,30,36,53],"current_hp_per_floor":[83,85,85,85,78,78,74,74,74,73,73,79,79,68,68,52,84,71,24,24,24,109,108,105,105,105,105,102,102,102,44,78,78,107,99,99,99,95,95,95,79,76,81,81,81,85,123,131,131,133,133,133,133,135,137],"gold":130,"neow_bonus":"","is_daily":false,"chose_seed":false,"campfire_upgraded":7,"win_rate":0.0,"timestamp":1613113537,"path_taken":["M","M","M","M","?","R","E","R","T","M","E","?","$","E","R","BOSS","M","M","$","?","?","E","NM","R","T","E","?","AVR","$","?","R","BOSS","M","$","?","M","AVR","R","E","E","T","R","$","NM","R","?","R","BOSS","R","$","E","BOSS"],"items_purchased_type":["Card","Relic","Potion","Card","Relic","Card","Potion"],"build_version":"2020-12-22","purchased_purges":5,"victory":true,"max_hp_per_floor":[85,85,85,85,85,85,85,85,85,95,95,95,95,95,95,95,95,97,99,99,99,109,111,113,113,113,115,115,115,115,115,115,117,117,121,121,121,123,123,123,125,127,127,127,127,129,129,131,131,133,133,133,133,135,137],"card_choices":[{"not_picked":["Warcry","Fire Breathing"],"picked":"StuffTheSpire:Slingshot","floor":1},{"not_picked":["SpiderBud","LittleHelper","OldLady"],"picked":"Singing Bowl","floor":1},{"not_picked":["ReplayTheSpireMod:Strike From Hell","Body Slam"],"picked":"Shrug It Off","floor":2},{"not_picked":["Thunderclap","Armaments"],"picked":"Inflame","floor":3},{"not_picked":["SpiderBud","MHz"],"picked":"UniverseFragment","floor":3},{"not_picked":["CherryBlossoms","ShyLook","GalaxyChild"],"picked":"Singing Bowl","floor":4},{"not_picked":["Intimidate","Dual Wield"],"picked":"Battle Trance","floor":4},{"not_picked":["conspire:Charge","Rupture"],"picked":"Spot Weakness","floor":7},{"not_picked":["FairyFestival","WallGazer","CherryBlossoms"],"picked":"Singing Bowl","floor":7},{"not_picked":["MHz","PunishingBird","BeautyBeast"],"picked":"Singing Bowl","floor":10},{"not_picked":["Murderer","Mercenary"],"picked":"Scorched","floor":10},{"not_picked":["Shrug It Off","StuffTheSpire:RockThrow","Fiend Fire"],"picked":"SKIP","floor":10},{"not_picked":["Abandon","Iron Wave"],"picked":"Uppercut","floor":11},{"not_picked":["Bloodbath","OSAHOGD","Funeral"],"picked":"Singing Bowl","floor":11},{"not_picked":["hubris:ReadiedAction","StuffTheSpire:Slingshot"],"picked":"True Grit","floor":12},{"not_picked":["Wild Strike","Seeing Red"],"picked":"Replay:Undeath\u0027s Touch","floor":14},{"not_picked":["Berserk","Juggernaut"],"picked":"Limit Break","floor":16},{"not_picked":["conspire:Charge","Rampage","StuffTheSpire:RagingBull"],"picked":"SKIP","floor":18},{"not_picked":["Clash","Run Through+1","Anger+1"],"picked":"SKIP","floor":19},{"not_picked":["Clothesline","Havoc"],"picked":"Whirlwind","floor":23},{"not_picked":["ReplayTheSpireMod:Echoes of Time","hubris:InfiniteBlow+121"],"picked":"infinitespire:NeuralNetwork","floor":24},{"not_picked":["Reckless Charge","Sword Boomerang+1","Replay:Many Hands","Adaptation"],"picked":"SKIP","floor":24},{"not_picked":["Shrug It Off","Flex+1","ReplayTheSpireMod:LeadingStrike"],"picked":"BattleHymn","floor":27},{"not_picked":["conspire:HitWhereItHurts","Demonic Infusion","Replay:AllIn"],"picked":"Offering","floor":33},{"not_picked":["Run Through+1","Wild Strike+1","StuffTheSpire:Slingshot+1","ClearTheMind"],"picked":"SKIP","floor":35},{"not_picked":["Carnage+1","Shrug It Off+1","ClearTheMind"],"picked":"Pummel","floor":38},{"not_picked":["Body Slam+1","Hemokinesis","Infernal Blade+1","Consecrate"],"picked":"SKIP","floor":41},{"not_picked":["Impervious","Entrench","Wild Strike+1","MentalFortress"],"picked":"SKIP","floor":42},{"not_picked":["Warcry+1","Iron Wave","WheelKick"],"picked":"Reaper","floor":46},{"not_picked":["Warcry+1","StuffTheSpire:Slingshot+1","Armaments","ReachHeaven"],"picked":"SKIP","floor":48},{"not_picked":["Life Link+1","Armaments+1","Iron Wave","WheelKick"],"picked":"SKIP","floor":54}],"player_experience":1369919,"relics_obtained":[{"floor":7,"key":"ReplayFunnel"},{"floor":9,"key":"StrikeDummy"},{"floor":11,"key":"Ancient Tea Set"},{"floor":14,"key":"halation:WeightlessCrab"},{"floor":19,"key":"wanderingMiniBosses:OtherGremlinHorn"},{"floor":23,"key":"hubris:DisguiseKit"},{"floor":24,"key":"Gremlin Food"},{"floor":26,"key":"reliquary:WeakTea"},{"floor":27,"key":"Boot"},{"floor":41,"key":"reliquary:JackalopeAntler"},{"floor":42,"key":"Replay:Rubber Ducky"},{"floor":43,"key":"reliquary:TuningFork"},{"floor":46,"key":"Blood Vial"},{"floor":54,"key":"halation:PrussianBluePaint"}],"event_choices":[{"cards_removed":["Defend_R"],"damage_healed":0,"gold_gain":0,"player_choice":"Card Removal","damage_taken":7,"max_hp_gain":0,"max_hp_loss":0,"event_name":"Golden Wing","floor":5,"gold_loss":0},{"cards_removed":["Bash"],"damage_healed":0,"gold_gain":0,"player_choice":"Card Removal","damage_taken":0,"max_hp_gain":0,"max_hp_loss":0,"event_name":"Wheel of Change","floor":21,"gold_loss":0},{"cards_removed":["Limit Break"],"damage_healed":75,"gold_gain":0,"player_choice":"Offered Rare","damage_taken":0,"max_hp_gain":10,"max_hp_loss":0,"event_name":"Bonfire Elementals","floor":22,"gold_loss":0},{"damage_healed":0,"gold_gain":0,"player_choice":"Punched","damage_taken":3,"max_hp_gain":0,"max_hp_loss":0,"event_name":"Designer","floor":28,"gold_loss":0},{"damage_healed":0,"gold_gain":0,"player_choice":" Idol ","damage_taken":58,"relics_obtained":["Bloody Idol"],"max_hp_gain":102,"max_hp_loss":44,"event_name":"betterAltar:BetterAltar","floor":31,"potions_obtained":[],"relics_lost":[],"gold_loss":0},{"damage_healed":0,"gold_gain":0,"player_choice":"Ignored","damage_taken":0,"max_hp_gain":0,"max_hp_loss":0,"event_name":"betterNote:BetterNote","floor":37,"gold_loss":0,"cards_obtained":["Strike_R"]}],"is_beta":false,"boss_relics":[{"not_picked":["reliquary:Craggleroot","aspiration:PoetsPen_weak"],"picked":"HailfireSword"},{"not_picked":["Runic Dome","hubris:ScarierMask"],"picked":"energizedSpire:SpiderWeb"},{"not_picked":["conspire:RoyalGoblet","energizedSpire:DeadBattery"],"picked":"Black Star"}],"items_purged_floors":[20,29,39,45,53],"is_endless":true,"potions_floor_spawned":[1,2,10,12,14,16,19,24,35,38,42,48,54,55],"ascension_level":5}}