{"host":"c4psiqwczhd30bq5","time":1613145562,"event":{"mods":["Act Like it!","Aspiration","BaseMod","BetterRewards","Conspire","Downfall","Hallownest","Hubris","Minty Spire (QoL Compilation)","StSLib"],"gold_per_floor":[117,117,292,308,327,360,360,386,386,15,30,44,64,82,82,185,185,203,33,49,49,66,66,101,9,33,60,102,102,140,167,167,271,271,298,323,323,332,369,411,440,440,440,482,33,61,83,108,108,108,108],"floor_reached":50,"language":"ENG","playtime":2735,"items_purged":["Doubt","Parasite"],"score":734,"play_id":"c64f133c-081b-4d60-8c1e-5a54a7633348","local_time":"20210212165922","is_ascension_mode":true,"campfire_choices":[{"floor":7,"key":"REST"},{"floor":15,"key":"REST"},{"floor":23,"key":"REST"},{"floor":29,"key":"REST"},{"floor":32,"key":"REST"},{"floor":42,"key":"REST"},{"floor":49,"key":"REST"}],"circlet_count":0,"master_deck":["Strike_G","Strike_G","Strike_G","Strike_G","Strike_G","Defend_G","Defend_G","Defend_G","Defend_G","Defend_G","Survivor","Neutralize","Footwork","Injury","Poisoned Stab+1","Riddle With Holes+1","Underhanded Strike+1","Skewer+1","Jack Of All Trades","Accuracy","Blade Dance","Dagger Spray+1","hubris:Counter+1","Deflect","Caltrops","Cloak And Dagger","Noxious Fumes","Corpse Explosion","Blade Dance","Dagger Spray+1","Dagger Throw+1","Backstab+1","Outmaneuver","Panacea","Heel Hook+1","Adrenaline","Flechettes+1","conspire:PoisonWeapons+1","Malaise","Dodge and Roll","Setup","Backstab+1","Flying Knee+1","Slice+1","Dagger Spray+1","Catalyst+1","Flying Knee+1","Quick Slash+1","Quick Slash+1"],"relics":["Ring of the Serpent","aspiration:Nostalgia","champ:ChampionCrown","Molten Egg 2","Shuriken","Boot","Letter Opener","hubris:ScarierMask","Sling","FaceOfCleric","CeramicFish","Bronze Scales","hubris:BottledRain","hubris:Towel","Nunchaku","aspiration:FetidBarrel","Regal Pillow","Ninja Scroll"],"acts_visited":["Exordium","TheCity","TheBeyond"],"potions_floor_usage":[6,12,16,16,16,28,33,33,39,47,48,48,48],"damage_taken":[{"damage":1,"enemies":"Cultist","floor":1,"turns":4},{"damage":5,"enemies":"Jaw Worm","floor":4,"turns":11},{"damage":0,"enemies":"Small Slimes","floor":5,"turns":3},{"damage":15,"enemies":"3 Sentries","floor":6,"turns":12},{"damage":21,"enemies":"Gremlin Nob","floor":8,"turns":5},{"damage":7,"enemies":"Blue Slaver","floor":11,"turns":3},{"damage":11,"enemies":"Lots of Slimes","floor":12,"turns":3},{"damage":5,"enemies":"3 Louse","floor":13,"turns":2},{"damage":8,"enemies":"Red Slaver","floor":14,"turns":5},{"damage":23,"enemies":"Hexaghost","floor":16,"turns":8},{"damage":11,"enemies":"Chosen","floor":18,"turns":5},{"damage":12,"enemies":"Shell Parasite","floor":20,"turns":4},{"damage":10,"enemies":"3 Cultists","floor":22,"turns":3},{"damage":0,"enemies":"Gremlin Leader","floor":24,"turns":6},{"damage":21,"enemies":"Snake Plant","floor":27,"turns":3},{"damage":8,"enemies":"Slavers","floor":28,"turns":3},{"damage":20,"enemies":"Gremlin Leader","floor":30,"turns":6},{"damage":7,"enemies":"Shelled Parasite and Fungi","floor":31,"turns":3},{"damage":53,"enemies":"Champ","floor":33,"turns":9},{"damage":6,"enemies":"3 Shapes","floor":35,"turns":6},{"damage":6,"enemies":"3 Darklings","floor":36,"turns":3},{"damage":6,"enemies":"Writhing Mass","floor":39,"turns":3},{"damage":48,"enemies":"Nemesis","floor":40,"turns":6},{"damage":5,"enemies":"Sphere and 2 Shapes","floor":41,"turns":2},{"damage":14,"enemies":"Reptomancer","floor":44,"turns":3},{"damage":5,"enemies":"Maw","floor":46,"turns":4},{"damage":0,"enemies":"Transient","floor":47,"turns":5},{"damage":13,"enemies":"Spire Growth","floor":48,"turns":4},{"damage":58,"enemies":"hubris:GrandSnecko","floor":50,"turns":7}],"seed_played":"-7838123534015887741","potions_obtained":[{"floor":5,"key":"Block Potion"},{"floor":11,"key":"Weak Potion"},{"floor":12,"key":"Fruit Juice"},{"floor":13,"key":"EntropicBrew"},{"floor":16,"key":"Swift Potion"},{"floor":18,"key":"Fire Potion"},{"floor":36,"key":"Weak Potion"},{"floor":39,"key":"Explosive Potion"},{"floor":40,"key":"GhostInAJar"},{"floor":46,"key":"LiquidMemories"},{"floor":47,"key":"SkillPotion"}],"is_trial":false,"path_per_floor":["M","?","?","M","M","E","R","E","T","$","M","M","M","M","R","B",null,"M","$","M","?","M","R","E","$","T","M","E","R","E","M","R","B",null,"M","M","?","?","M","E","M","R","T","E","$","M","M","M","R","B"],"character_chosen":"THE_SILENT","items_purchased":["Jack Of All Trades","Accuracy","Blade Dance","Dagger Spray+1","hubris:Counter+1","Sling","Dagger Spray+1","Panacea","Ninja Scroll","GhostInAJar"],"campfire_rested":7,"item_purchase_floors":[10,10,10,10,10,19,19,25,45,45],"current_hp_per_floor":[69,69,69,64,64,49,70,49,49,49,42,36,31,23,45,22,75,64,64,52,52,43,65,66,66,66,46,39,62,43,37,61,9,82,77,72,72,72,67,20,16,42,42,29,29,25,26,14,55,0,0],"gold":108,"neow_bonus":"NOSTALGIA","is_daily":false,"chose_seed":false,"campfire_upgraded":0,"win_rate":0.0,"timestamp":1613145562,"path_taken":["M","?","?","M","M","E","R","E","T","?","M","M","M","M","R","BOSS","M","$","M","?","M","R","E","$","T","M","E","R","E","?","R","BOSS","M","M","?","?","?","E","M","R","T","E","$","M","M","M","R","BOSS"],"items_purchased_type":["Card","Card","Card","Card","Card","Relic","Card","Card","Relic","Potion"],"build_version":"2020-12-22","purchased_purges":2,"victory":false,"max_hp_per_floor":[70,70,70,70,70,70,70,70,70,70,70,75,75,75,75,75,75,75,75,75,75,76,76,77,77,77,78,79,79,80,81,81,82,82,83,84,84,84,85,86,87,87,87,88,85,86,87,88,88,88,88],"card_choices":[{"not_picked":["Acrobatics","Bane"],"picked":"Footwork","floor":1},{"not_picked":["Bane+1","Escape Plan"],"picked":"Poisoned Stab+1","floor":4},{"not_picked":["Deadly Poison","Caltrops"],"picked":"Riddle With Holes+1","floor":5},{"not_picked":["Venomology","Choke+1"],"picked":"Underhanded Strike+1","floor":6},{"not_picked":["Venomology","Dodge and Roll"],"picked":"Skewer+1","floor":8},{"not_picked":["PiercingWail","Underhanded Strike+1"],"picked":"Deflect","floor":11},{"not_picked":["Catalyst","PiercingWail"],"picked":"Caltrops","floor":12},{"not_picked":["Underhanded Strike+1","Backflip"],"picked":"Cloak And Dagger","floor":13},{"not_picked":["Dagger Throw+1","Blur"],"picked":"Noxious Fumes","floor":14},{"not_picked":["Storm of Steel","Grand Finale+1"],"picked":"Corpse Explosion","floor":16},{"not_picked":["Bane+1","Dodge and Roll"],"picked":"Blade Dance","floor":18},{"not_picked":["Deflect","Deadly Poison"],"picked":"Dagger Throw+1","floor":20},{"not_picked":["Bane+1","Sucker Punch+1"],"picked":"Backstab+1","floor":22},{"not_picked":["Skewer+1","Deadly Poison"],"picked":"Outmaneuver","floor":24},{"not_picked":["hubris:SlightOfHand","Skewer+1"],"picked":"Heel Hook+1","floor":27},{"not_picked":["Bane+1","conspire:DoublingDagger"],"picked":"Adrenaline","floor":28},{"not_picked":["Leg Sweep+1","hubris:TrickCloak"],"picked":"Flechettes+1","floor":30},{"not_picked":["Bane+1","Dagger Spray+1"],"picked":"conspire:PoisonWeapons+1","floor":31},{"not_picked":["A Thousand Cuts","aspiration:Lunge+1"],"picked":"Malaise","floor":33},{"not_picked":["Sucker Punch+1","Bane+1"],"picked":"Dodge and Roll","floor":35},{"not_picked":["Deadly Poison+1","hubris:SlightOfHand"],"picked":"Setup","floor":36},{"not_picked":["Flechettes+1","Expertise+1"],"picked":"Flying Knee+1","floor":39},{"not_picked":["Blade Dance","Predator+1"],"picked":"Slice+1","floor":40},{"not_picked":["Leg Sweep","Distraction"],"picked":"Dagger Spray+1","floor":41},{"not_picked":["Bane+1","Concentrate"],"picked":"Catalyst+1","floor":44},{"not_picked":["Backflip","Calculated Gamble"],"picked":"Flying Knee+1","floor":46},{"not_picked":["Eviscerate+1","Dodge and Roll+1"],"picked":"Quick Slash+1","floor":47},{"not_picked":["Dodge and Roll+1","Bouncing Flask+1"],"picked":"Quick Slash+1","floor":48}],"player_experience":282521,"relics_obtained":[{"floor":6,"key":"Shuriken"},{"floor":8,"key":"Boot"},{"floor":9,"key":"Letter Opener"},{"floor":26,"key":"CeramicFish"},{"floor":28,"key":"Bronze Scales"},{"floor":30,"key":"hubris:BottledRain"},{"floor":40,"key":"Nunchaku"},{"floor":43,"key":"aspiration:FetidBarrel"},{"floor":44,"key":"Regal Pillow"}],"event_choices":[{"damage_healed":0,"gold_gain":175,"player_choice":"AGREE","damage_taken":0,"max_hp_gain":0,"max_hp_loss":0,"event_name":"Liars Game","floor":3,"gold_loss":0,"cards_obtained":["Doubt"]},{"damage_healed":0,"gold_gain":0,"player_choice":"Trade","damage_taken":0,"relics_obtained":["FaceOfCleric"],"max_hp_gain":0,"max_hp_loss":0,"event_name":"FaceTrader","floor":21,"gold_loss":0},{"damage_healed":0,"gold_gain":0,"player_choice":"Copied","damage_taken":0,"max_hp_gain":0,"max_hp_loss":0,"event_name":"Duplicator","floor":38,"gold_loss":0,"cards_obtained":["Backstab"]}],"is_beta":false,"boss_relics":[{"not_picked":["conspire:RunicOctahedron","conspire:RoyalGoblet"],"picked":"hubris:ScarierMask"},{"not_picked":["Snecko Eye","hubris:HollowSoul"],"picked":"Ring of the Serpent"}],"items_purged_floors":[10,45],"is_endless":false,"potions_floor_spawned":[5,11,12,13,16,18,22,27,30,36,39,40,46,47],"killed_by":"hubris:GrandSnecko","ascension_level":1}}