{"host":"Fun","time":1613092922,"event":{"mods":["BaseMod","Colored Map","Minty Spire (QoL Compilation)","Relic Stats","StSLib"],"gold_per_floor":[118,68,243,263,13,13,25,56,102,120,120,154,174,64,64,160,160,175,189,201,6,106,106,133,152,152,165,165,165,198,215,215,311,311,331,3,3,3,21,49,69,69,69,119,146,69,80,80,80,80,80],"floor_reached":50,"language":"ENG","playtime":2471,"items_purged":["Doubt","FlurryOfBlows"],"score":966,"play_id":"e84939f8-3e8f-4071-8b26-cf53b34564b1","local_time":"20210211202202","is_ascension_mode":true,"campfire_choices":[{"data":"Eruption","floor":6,"key":"SMITH"},{"data":"Ragnarok","floor":15,"key":"SMITH"},{"floor":23,"key":"REST"},{"floor":29,"key":"REST"},{"floor":32,"key":"REST"},{"data":"Fasting2","floor":42,"key":"SMITH"},{"floor":49,"key":"REST"}],"circlet_count":0,"master_deck":["AscendersBane","Strike_P","Strike_P","Strike_P","Defend_P","Defend_P","Defend_P","Eruption+1","Vigilance+1","Consecrate","EmptyFist","MentalFortress","Ragnarok+1","ReachHeaven","Evaluate","Vengeance+1","LessonLearned","SandsOfTime+1","Swivel+1","SpiritShield+1","CutThroughFate","Conclude","Fasting2+1","Sanctity+1","EmptyBody","TalkToTheHand+1","Vault","ThirdEye","Adaptation","Panacea","Magnetism","Crescendo","Swivel+1","ClearTheMind+1","Protect","Tantrum","ThirdEye+1"],"relics":["PureWater","WarpedTongs","Meat on the Bone","Bronze Scales","Boot","White Beast Statue","Snecko Eye","Strawberry","War Paint","FaceOfCleric","Shuriken","Philosopher\u0027s Stone","Medical Kit","Omamori","Eternal Feather","Dead Branch","Damaru"],"acts_visited":["Exordium","TheCity","TheBeyond"],"potions_floor_usage":[16,30,50,50,50],"damage_taken":[{"damage":7.0,"enemies":"Jaw Worm","floor":1.0,"turns":4.0},{"damage":0,"enemies":"Small Slimes","floor":4,"turns":1},{"damage":0,"enemies":"Cultist","floor":7,"turns":2},{"damage":8,"enemies":"Gremlin Nob","floor":8,"turns":3},{"damage":3,"enemies":"Blue Slaver","floor":10,"turns":2},{"damage":0,"enemies":"Lagavulin","floor":12,"turns":3},{"damage":0,"enemies":"Red Slaver","floor":13,"turns":1},{"damage":21,"enemies":"Slime Boss","floor":16,"turns":4},{"damage":0,"enemies":"Spheric Guardian","floor":18,"turns":3},{"damage":10,"enemies":"2 Thieves","floor":19,"turns":3},{"damage":34,"enemies":"Cultist and Chosen","floor":20,"turns":6},{"damage":34,"enemies":"Gremlin Leader","floor":24,"turns":6},{"damage":23,"enemies":"Snake Plant","floor":25,"turns":4},{"damage":0,"enemies":"Sentry and Sphere","floor":27,"turns":3},{"damage":21,"enemies":"Book of Stabbing","floor":30,"turns":5},{"damage":0,"enemies":"Snecko","floor":31,"turns":2},{"damage":2,"enemies":"Champ","floor":33,"turns":10},{"damage":13,"enemies":"3 Darklings","floor":35,"turns":6},{"damage":0,"enemies":"Orb Walker","floor":39,"turns":2},{"damage":12,"enemies":"Giant Head","floor":40,"turns":5},{"damage":0,"enemies":"Maw","floor":41,"turns":8},{"damage":6,"enemies":"Mind Bloom Boss Battle","floor":44,"turns":6},{"damage":20,"enemies":"Reptomancer","floor":45,"turns":6},{"damage":4,"enemies":"4 Shapes","floor":47,"turns":4},{"damage":96,"enemies":"Awakened One","floor":50,"turns":11}],"seed_played":"7294015145967427487","potions_obtained":[{"floor":4,"key":"SkillPotion"},{"floor":7,"key":"PowerPotion"},{"floor":8,"key":"Strength Potion"},{"floor":16,"key":"DuplicationPotion"},{"floor":27,"key":"EntropicBrew"},{"floor":30,"key":"ColorlessPotion"},{"floor":40,"key":"Energy Potion"}],"is_trial":false,"path_per_floor":["M","?","?","M","$","R","M","E","T","M","?","E","M","$","R","B",null,"M","M","M","$","?","R","E","M","T","M","?","R","E","M","R","B",null,"M","$","?","?","M","E","M","R","T","?","E","$","M","$","R","B"],"character_chosen":"WATCHER","items_purchased":["Meat on the Bone","Vengeance","SpiritShield","CutThroughFate","ThirdEye","Adaptation","Medical Kit","Tantrum"],"campfire_rested":4,"item_purchase_floors":[5,14,21,21,36,36,36,46],"current_hp_per_floor":[58,58,58,58,58,58,58,50,50,47,47,47,47,47,47,38,64,64,54,32,32,32,53,38,27,27,39,39,62,42,43,67,66,78,66,66,56,56,57,46,47,47,47,54,47,47,56,56,89,0,0],"gold":80,"neow_bonus":"THREE_CARDS","is_daily":false,"chose_seed":false,"campfire_upgraded":3,"win_rate":0.0,"timestamp":1613092922,"path_taken":["M","?","?","M","$","R","M","E","T","M","?","E","M","$","R","BOSS","M","M","M","$","?","R","E","?","T","M","?","R","E","M","R","BOSS","M","$","?","?","M","E","M","R","T","?","E","$","M","?","R","BOSS"],"items_purchased_type":["Relic","Card","Card","Card","Card","Card","Relic","Card"],"build_version":"2020-12-18","purchased_purges":2,"victory":false,"max_hp_per_floor":[72,72,72,72,72,72,72,72,72,72,72,72,72,72,72,72,72,72,72,72,72,72,72,79,79,79,79,79,79,80,81,81,82,82,83,83,83,83,84,85,86,86,86,87,88,88,89,89,89,89,89],"relic_stats":{"counters":[25,110],"Dead Branch":[24],"Eternal Feather":21,"War Paint":["Vigilance","Vengeance"],"Boot":[27],"Medical Kit":[3],"WarpedTongs":[110],"FaceOfCleric":10,"Shuriken":[16],"Bronze Scales":[239],"Snecko Eye":[173,147,152,189],"obtain_stats":[{"Dead Branch":44,"Damaru":45,"Eternal Feather":43,"Omamori":40,"War Paint":26,"Boot":9,"Medical Kit":36,"White Beast Statue":12,"WarpedTongs":0,"FaceOfCleric":28,"Shuriken":30,"Bronze Scales":8,"Strawberry":24,"Snecko Eye":17,"Philosopher\u0027s Stone":34,"PureWater":0,"Meat on the Bone":5},{"Dead Branch":22,"Damaru":23,"Eternal Feather":21,"Omamori":20,"War Paint":13,"Boot":4,"Medical Kit":18,"White Beast Statue":6,"WarpedTongs":0,"FaceOfCleric":14,"Shuriken":15,"Bronze Scales":4,"Strawberry":12,"Snecko Eye":8,"Philosopher\u0027s Stone":17,"PureWater":0,"Meat on the Bone":2},{"Dead Branch":89,"Damaru":95,"Eternal Feather":83,"Omamori":75,"War Paint":42,"Boot":10,"Medical Kit":68,"White Beast Statue":15,"WarpedTongs":0,"FaceOfCleric":45,"Shuriken":50,"Bronze Scales":10,"Strawberry":38,"Snecko Eye":20,"Philosopher\u0027s Stone":62,"PureWater":0,"Meat on the Bone":5}],"Meat on the Bone":96},"card_choices":[{"not_picked":["BowlingBash","FlyingSleeves"],"picked":"Consecrate","floor":0.0},{"not_picked":["FollowUp","Halt"],"picked":"EmptyFist","floor":1.0},{"not_picked":["Study","SignatureMove"],"picked":"MentalFortress","floor":4},{"not_picked":["ClearTheMind","CrushJoints"],"picked":"FlurryOfBlows","floor":7},{"not_picked":["EmptyFist","PathToVictory"],"picked":"Ragnarok","floor":8},{"not_picked":["Sanctity","Prostrate"],"picked":"ReachHeaven","floor":10},{"not_picked":["JustLucky","BattleHymn"],"picked":"Prostrate","floor":12},{"not_picked":["Meditate","SignatureMove"],"picked":"Evaluate","floor":13},{"not_picked":["Brilliance","Judgement"],"picked":"LessonLearned","floor":16},{"not_picked":["FollowUp+1","Weave","SignatureMove+1"],"picked":"SKIP","floor":18},{"not_picked":["WheelKick","CrushJoints+1"],"picked":"SandsOfTime+1","floor":19},{"not_picked":["JustLucky","EmptyBody"],"picked":"Swivel","floor":20},{"not_picked":["ForeignInfluence","JustLucky"],"picked":"Conclude","floor":24},{"not_picked":["FlurryOfBlows+1","SignatureMove"],"picked":"Fasting2","floor":25},{"not_picked":["FollowUp","FlyingSleeves+1"],"picked":"Sanctity+1","floor":27},{"not_picked":["Meditate","FollowUp+1"],"picked":"EmptyBody","floor":30},{"not_picked":["Crescendo","JustLucky"],"picked":"TalkToTheHand","floor":31},{"not_picked":["LessonLearned","ConjureBlade"],"picked":"Vault","floor":33},{"not_picked":["Halt","Prostrate","FollowUp"],"picked":"SKIP","floor":35},{"not_picked":["Trip","Jack Of All Trades"],"picked":"Panacea","floor":37},{"not_picked":["Mind Blast","Transmutation"],"picked":"Magnetism","floor":37},{"not_picked":["Consecrate","CrushJoints+1"],"picked":"Crescendo","floor":39},{"not_picked":["EmptyFist","ConjureBlade"],"picked":"Swivel+1","floor":40},{"not_picked":["Conclude+1","BattleHymn+1","Nirvana+1"],"picked":"SKIP","floor":41},{"not_picked":["EmptyBody","Conclude+1"],"picked":"ClearTheMind+1","floor":44},{"not_picked":["ThirdEye+1","CutThroughFate"],"picked":"Protect","floor":45},{"not_picked":["Halt","JustLucky+1"],"picked":"ThirdEye+1","floor":47}],"player_experience":168876,"relics_obtained":[{"floor":8,"key":"Bronze Scales"},{"floor":9,"key":"Boot"},{"floor":12,"key":"White Beast Statue"},{"floor":24,"key":"Strawberry"},{"floor":26,"key":"War Paint"},{"floor":30,"key":"Shuriken"},{"floor":40,"key":"Omamori"},{"floor":43,"key":"Eternal Feather"},{"floor":44,"key":"Dead Branch"},{"floor":45,"key":"Damaru"}],"event_choices":[{"cards_removed":["Defend_P"],"damage_healed":0.0,"max_hp_gain":0.0,"max_hp_loss":0.0,"gold_gain":0.0,"event_name":"The Cleric","player_choice":"Card Removal","floor":2.0,"gold_loss":50.0,"damage_taken":0.0},{"damage_healed":0,"gold_gain":175,"player_choice":"AGREE","damage_taken":0,"max_hp_gain":0,"max_hp_loss":0,"event_name":"Liars Game","floor":3,"gold_loss":0,"cards_obtained":["Doubt"]},{"cards_removed":["Strike_P"],"damage_healed":0,"gold_gain":0,"player_choice":"Forget","damage_taken":0,"max_hp_gain":0,"max_hp_loss":0,"event_name":"Living Wall","floor":11,"gold_loss":0},{"damage_healed":0,"gold_gain":100,"player_choice":"Pray","damage_taken":0,"max_hp_gain":0,"max_hp_loss":0,"event_name":"Golden Shrine","floor":22,"gold_loss":0},{"damage_healed":0,"gold_gain":0,"player_choice":"Trade","damage_taken":0,"relics_obtained":["FaceOfCleric"],"max_hp_gain":0,"max_hp_loss":0,"event_name":"FaceTrader","floor":28,"gold_loss":0},{"damage_healed":0,"gold_gain":0,"player_choice":"Memory 3","damage_taken":10,"max_hp_gain":0,"max_hp_loss":0,"event_name":"SensoryStone","floor":37,"gold_loss":0},{"cards_removed":["Prostrate"],"damage_healed":0,"gold_gain":0,"player_choice":"Removed Skill","damage_taken":0,"max_hp_gain":0,"max_hp_loss":0,"event_name":"Falling","floor":38,"gold_loss":0},{"damage_healed":0,"gold_gain":0,"player_choice":"Fight","damage_taken":0,"max_hp_gain":0,"max_hp_loss":0,"event_name":"MindBloom","floor":44,"gold_loss":0}],"is_beta":true,"boss_relics":[{"not_picked":["Coffee Dripper","Astrolabe"],"picked":"Snecko Eye"},{"not_picked":["Empty Cage","Runic Dome"],"picked":"Philosopher\u0027s Stone"}],"items_purged_floors":[14,36],"is_endless":false,"potions_floor_spawned":[4,7,8,13,16,18,19,20,24,25,27,30,31,33,35,39,40,41,44,45,47],"killed_by":"Awakened One","ascension_level":11}}