{"host":"as9fo7ctujj2pdsp","time":1613117966,"event":{"mods":["BaseMod","Downfall","Gremlin Mod","Marisa（霧雨　魔理沙）","Minty Spire (QoL Compilation)","StSLib","The Cursed","The Judge","The Senshi","The Servant 0.9.4"],"gold_per_floor":[118,136,155,166,166,194,194,194,194],"floor_reached":8,"language":"ENG","playtime":610,"items_purged":[],"score":58,"play_id":"cd3c80ae-0002-4566-bf5d-5bcc47223539","local_time":"20210212211926","is_ascension_mode":false,"campfire_choices":[{"floor":7,"key":"REST"}],"circlet_count":0,"master_deck":["theSenshi:SailorKick","theSenshi:SailorKick","theSenshi:SailorKick","theSenshi:SailorKick","theSenshi:SailorBlock","theSenshi:SailorBlock","theSenshi:SailorBlock","theSenshi:SailorBlock","theSenshi:RoseThrow","theSenshi:MoonPrismPowerMakeUp","theSenshi:MoonPrincessHalation","theSenshi:LunasBite","theSenshi:MoonsReflection","theSenshi:MoonCrisisMakeUp","theSenshi:SailorVenusAssists+1"],"relics":["theSenshi:TransformationBroochRelic","Blood Vial","Molten Egg 2"],"acts_visited":["Exordium"],"potions_floor_usage":[],"damage_taken":[{"damage":0.0,"enemies":"2 Louse","floor":1.0,"turns":4.0},{"damage":4.0,"enemies":"Jaw Worm","floor":2.0,"turns":4.0},{"damage":0.0,"enemies":"Cultist","floor":3.0,"turns":3.0},{"damage":12.0,"enemies":"2 Fungi Beasts","floor":4.0,"turns":4.0},{"damage":42,"enemies":"3 Sentries","floor":6,"turns":8},{"damage":22,"enemies":"Gremlin Nob","floor":8,"turns":4}],"seed_played":"8083635196312305895","potions_obtained":[{"floor":1.0,"key":"SteroidPotion"},{"floor":2.0,"key":"Weak Potion"}],"is_trial":false,"path_per_floor":["M","M","M","M","?","E","R","E"],"character_chosen":"THE_SENSHI","items_purchased":[],"campfire_rested":1,"item_purchase_floors":[],"current_hp_per_floor":[82,78,78,66,48,8,32,12,12],"gold":194,"neow_bonus":"TEN_PERCENT_HP_BONUS","is_daily":false,"chose_seed":false,"campfire_upgraded":0,"win_rate":0.0,"timestamp":1613117966,"path_taken":["M","M","M","M","?","E","R","E"],"items_purchased_type":[],"build_version":"2020-12-22","purchased_purges":0,"victory":false,"max_hp_per_floor":[82,82,82,82,82,82,82,82,82],"card_choices":[{"not_picked":["theSenshi:InTheNickOfTime","theSenshi:MoonPunch"],"picked":"theSenshi:MoonPrincessHalation","floor":1.0},{"not_picked":["theSenshi:SchoolBag","theSenshi:MoonPrincessHalation"],"picked":"theSenshi:LunasBite","floor":2.0},{"not_picked":["theSenshi:MoonSpiralHeartAttack","theSenshi:MoonKick"],"picked":"theSenshi:MoonsReflection","floor":3.0},{"not_picked":["theSenshi:CrisisMakeUp","theSenshi:LateForSchool"],"picked":"theSenshi:MoonCrisisMakeUp","floor":4.0},{"not_picked":["theSenshi:CrisisMakeUp","theSenshi:MoonPunch+1"],"picked":"theSenshi:SailorVenusAssists+1","floor":6}],"player_experience":201277,"relics_obtained":[{"floor":6,"key":"Molten Egg 2"}],"event_choices":[{"damage_healed":0.0,"max_hp_gain":0.0,"max_hp_loss":0.0,"gold_gain":0.0,"event_name":"Scrap Ooze","player_choice":"Success","floor":5.0,"gold_loss":0.0,"damage_taken":18.0,"relics_obtained":["Blood Vial"]}],"is_beta":false,"boss_relics":[],"items_purged_floors":[],"is_endless":false,"potions_floor_spawned":[1,2],"killed_by":"Gremlin Nob","ascension_level":0}}