{"host":"3y9j540ftq0by6cq","time":1613093620,"event":{"mods":["BaseMod","CapriCore","Minty Spire (QoL Compilation)","StSLib","The Cursed"],"gold_per_floor":[115,132,307,307,322,336,361,372,372,372,20,47,61,94,94,94,94],"floor_reached":16,"language":"ZHS","playtime":824,"items_purged":[],"score":122,"play_id":"7f7bf710-81f6-4482-b50d-62a1a18e733b","local_time":"20210212093340","is_ascension_mode":false,"campfire_choices":[{"data":"TheCursedMod:HellfireBreathing","floor":15,"key":"SMITH"}],"circlet_count":0,"master_deck":["TheCursedMod:Strike_TheCursed","TheCursedMod:Strike_TheCursed","TheCursedMod:Strike_TheCursed","TheCursedMod:Strike_TheCursed","TheCursedMod:Defend_TheCursed","TheCursedMod:Defend_TheCursed","TheCursedMod:Defend_TheCursed","TheCursedMod:Defend_TheCursed","TheCursedMod:CursedWand","TheCursedMod:CleanUpWorkshop","TheCursedMod:Dregs","TheCursedMod:TroublousMinions","TheCursedMod:LuckyCharm","Doubt","TheCursedMod:HellfireBreathing+1","TheCursedMod:CursedArmor","TheCursedMod:CursedMace","TheCursedMod:SmokeScreen","TheCursedMod:CursedBoomerang","TheCursedMod:LuckyCharm","TheCursedMod:CircleOfAbyss","TheCursedMod:CursedStaff","TheCursedMod:CursedArmor"],"relics":["TheCursedMod:BlackMagic101","NeowsBlessing","Omamori","Bottled Flame","FaceOfCleric","Bottled Lightning","Mercury Hourglass","The Courier"],"acts_visited":["Exordium"],"potions_floor_usage":[8,12,14,16],"damage_taken":[{"damage":0,"enemies":"Small Slimes","floor":1,"turns":1},{"damage":0,"enemies":"Cultist","floor":2,"turns":1},{"damage":0,"enemies":"Jaw Worm","floor":5,"turns":1},{"damage":2,"enemies":"Lots of Slimes","floor":6,"turns":3},{"damage":23,"enemies":"3 Sentries","floor":7,"turns":8},{"damage":17,"enemies":"Gremlin Gang","floor":8,"turns":6},{"damage":19,"enemies":"Gremlin Nob","floor":12,"turns":6},{"damage":0,"enemies":"3 Louse","floor":13,"turns":2},{"damage":3,"enemies":"Lagavulin","floor":14,"turns":6},{"damage":35,"enemies":"Slime Boss","floor":16,"turns":3}],"seed_played":"7232057119332554453","potions_obtained":[{"floor":1,"key":"CultistPotion"},{"floor":7,"key":"AttackPotion"},{"floor":12,"key":"LiquidBronze"},{"floor":13,"key":"Dexterity Potion"}],"is_trial":false,"path_per_floor":["M","M","?","?","M","M","E","M","T","?","$","E","M","E","R","B"],"character_chosen":"THE_CURSED","items_purchased":["Bottled Lightning","TheCursedMod:CursedBoomerang","TheCursedMod:LuckyCharm"],"campfire_rested":0,"item_purchase_floors":[11,11,11],"current_hp_per_floor":[75,75,75,75,75,73,50,33,33,33,33,15,16,14,14,0,0],"gold":94,"neow_bonus":"THREE_ENEMY_KILL","is_daily":false,"chose_seed":false,"campfire_upgraded":1,"win_rate":0.0,"timestamp":1613093620,"path_taken":["M","M","?","?","?","M","E","M","T","?","$","E","M","E","R","BOSS"],"items_purchased_type":["Relic","Card","Card"],"build_version":"2020-12-22","purchased_purges":0,"victory":false,"max_hp_per_floor":[75,75,75,75,75,75,75,75,75,75,75,76,77,78,78,78,78],"card_choices":[{"not_picked":["TheCursedMod:RapidMovement","TheCursedMod:CircleOfCorruption"],"picked":"TheCursedMod:TroublousMinions","floor":1},{"not_picked":["TheCursedMod:Stigma","TheCursedMod:SurpriseAttack"],"picked":"TheCursedMod:LuckyCharm","floor":2},{"not_picked":["TheCursedMod:Stretching","TheCursedMod:CursedRelics"],"picked":"TheCursedMod:HellfireBreathing","floor":5},{"not_picked":["TheCursedMod:SpitefulStrike","TheCursedMod:HellsGateOpen"],"picked":"TheCursedMod:CursedArmor","floor":6},{"not_picked":["TheCursedMod:SmokeScreen","TheCursedMod:TacticalStrike"],"picked":"TheCursedMod:CursedMace","floor":7},{"not_picked":["TheCursedMod:Stretching","TheCursedMod:CursedMace"],"picked":"TheCursedMod:SmokeScreen","floor":8},{"not_picked":["TheCursedMod:Stigma","TheCursedMod:AbyssShockwave"],"picked":"TheCursedMod:CircleOfAbyss","floor":12},{"not_picked":["TheCursedMod:Stigma","TheCursedMod:RavingStaff"],"picked":"TheCursedMod:CursedStaff","floor":13},{"not_picked":["TheCursedMod:SurpriseAttack","TheCursedMod:SoulCrush"],"picked":"TheCursedMod:CursedArmor","floor":14}],"player_experience":73175,"relics_obtained":[{"floor":7,"key":"Omamori"},{"floor":9,"key":"Bottled Flame"},{"floor":12,"key":"Mercury Hourglass"},{"floor":14,"key":"The Courier"}],"event_choices":[{"damage_healed":0,"gold_gain":175,"player_choice":"AGREE","damage_taken":0,"max_hp_gain":0,"max_hp_loss":0,"event_name":"Liars Game","floor":3,"gold_loss":0,"cards_obtained":["Doubt"]},{"damage_healed":0,"gold_gain":0,"player_choice":"Bought 0 Potions","damage_taken":0,"max_hp_gain":0,"max_hp_loss":0,"event_name":"The Woman in Blue","floor":4,"gold_loss":0},{"damage_healed":0,"gold_gain":0,"player_choice":"Trade","damage_taken":0,"relics_obtained":["FaceOfCleric"],"max_hp_gain":0,"max_hp_loss":0,"event_name":"FaceTrader","floor":10,"gold_loss":0}],"is_beta":false,"boss_relics":[],"items_purged_floors":[],"is_endless":false,"potions_floor_spawned":[1,7,12,13],"killed_by":"Slime Boss","ascension_level":0}}