{"host":"3c8x8j1h2jyrixpf","time":1613153899,"event":{"mods":["BaseMod","Colored Powertips","Highlight Path","Minty Spire (QoL Compilation)","StSLib"],"gold_per_floor":[119,119,119,133,133,165,165,192,192,208,208,223,238,256,256,358,358,378,393,308,320,334,334,334,334],"floor_reached":24,"language":"ENG","playtime":732,"items_purged":[],"score":403,"play_id":"cb16e4eb-8e9a-4dbc-bfeb-058b55215055","local_time":"20210212121819","is_ascension_mode":true,"campfire_choices":[{"data":"Catalyst","floor":7,"key":"SMITH"},{"floor":11,"key":"REST"},{"floor":15,"key":"REST"},{"data":"Catalyst","floor":23,"key":"SMITH"}],"circlet_count":0,"master_deck":["AscendersBane","Strike_G","Strike_G","Strike_G","Defend_G","Defend_G","Defend_G","Defend_G+1","Defend_G","Survivor","Neutralize","Deadly Poison+1","Catalyst+1","Flying Knee","Poisoned Stab","Bouncing Flask","Deadly Poison","Night Terror","Dash","Acrobatics+1","Catalyst+1","Bouncing Flask"],"relics":["Ring of the Snake","NeowsBlessing","Ornamental Fan","Smiling Mask","Letter Opener","Coffee Dripper","Question Card"],"acts_visited":["Exordium","TheCity"],"potions_floor_usage":[8,16,22],"damage_taken":[{"damage":0,"enemies":"Small Slimes","floor":1,"turns":1},{"damage":0,"enemies":"Jaw Worm","floor":4,"turns":1},{"damage":0,"enemies":"Lagavulin","floor":6,"turns":1},{"damage":24,"enemies":"Gremlin Nob","floor":8,"turns":4},{"damage":1,"enemies":"2 Louse","floor":10,"turns":2},{"damage":0,"enemies":"Looter","floor":12,"turns":3},{"damage":11,"enemies":"3 Louse","floor":13,"turns":5},{"damage":0,"enemies":"2 Fungi Beasts","floor":14,"turns":3},{"damage":41,"enemies":"Hexaghost","floor":16,"turns":9},{"damage":11,"enemies":"Shell Parasite","floor":18,"turns":4},{"damage":26,"enemies":"3 Byrds","floor":19,"turns":6},{"damage":0,"enemies":"Snecko","floor":21,"turns":3},{"damage":8,"enemies":"Snake Plant","floor":22,"turns":2},{"damage":20,"enemies":"Book of Stabbing","floor":24,"turns":3}],"seed_played":"5165492350281377295","potions_obtained":[{"floor":4,"key":"DuplicationPotion"},{"floor":10,"key":"Strength Potion"},{"floor":13,"key":"SneckoOil"},{"floor":18,"key":"SpeedPotion"},{"floor":21,"key":"Explosive Potion"}],"is_trial":false,"path_per_floor":["M","?","?","M","?","E","R","E","T","M","R","M","M","M","R","B",null,"M","M","?","M","M","R","E"],"character_chosen":"THE_SILENT","items_purchased":[],"campfire_rested":2,"item_purchase_floors":[],"current_hp_per_floor":[63,63,49,49,42,42,42,18,18,17,38,38,27,27,48,7,54,43,17,17,17,9,9,0,0],"gold":334,"neow_bonus":"THREE_ENEMY_KILL","is_daily":false,"chose_seed":false,"campfire_upgraded":2,"win_rate":0.0,"timestamp":1613153899,"path_taken":["M","?","?","M","?","E","R","E","T","M","R","M","M","M","R","BOSS","M","M","?","M","M","R","E"],"items_purchased_type":[],"build_version":"2020-12-22","purchased_purges":0,"victory":false,"max_hp_per_floor":[70,70,70,70,70,70,70,70,70,70,70,70,70,70,70,70,70,70,70,70,70,70,70,70,70],"card_choices":[{"not_picked":["Slice","Blade Dance"],"picked":"Deadly Poison","floor":1},{"not_picked":["Blade Dance","Quick Slash"],"picked":"Catalyst","floor":4},{"not_picked":["Underhanded Strike","Heel Hook"],"picked":"Flying Knee","floor":6},{"not_picked":["Accuracy","Glass Knife"],"picked":"Poisoned Stab","floor":8},{"not_picked":["Outmaneuver","Finisher","Acrobatics"],"picked":"SKIP","floor":10},{"not_picked":["Flying Knee","Concentrate","Acrobatics"],"picked":"SKIP","floor":12},{"not_picked":["Blade Dance","Setup"],"picked":"Bouncing Flask","floor":13},{"not_picked":["Dodge and Roll","Quick Slash"],"picked":"Deadly Poison","floor":14},{"not_picked":["Die Die Die","Glass Knife"],"picked":"Night Terror","floor":16},{"not_picked":["Underhanded Strike","Poisoned Stab"],"picked":"Dash","floor":18},{"not_picked":["Accuracy+1","Escape Plan"],"picked":"Acrobatics+1","floor":19},{"not_picked":["Endless Agony","Finisher","Calculated Gamble"],"picked":"Catalyst","floor":21},{"not_picked":["Deflect","Quick Slash","Calculated Gamble"],"picked":"Bouncing Flask","floor":22}],"player_experience":234694,"relics_obtained":[{"floor":6,"key":"Ornamental Fan"},{"floor":8,"key":"Smiling Mask"},{"floor":9,"key":"Letter Opener"}],"event_choices":[{"cards_removed":["Strike_G"],"damage_healed":0,"gold_gain":0,"player_choice":"Forget","damage_taken":0,"max_hp_gain":0,"max_hp_loss":0,"event_name":"Living Wall","floor":2,"gold_loss":0},{"damage_healed":0,"gold_gain":0,"player_choice":"Entered Light","damage_taken":14,"max_hp_gain":0,"max_hp_loss":0,"event_name":"Shining Light","floor":3,"gold_loss":0,"cards_upgraded":["Defend_G","Deadly Poison"]},{"cards_removed":["Strike_G"],"damage_healed":0,"gold_gain":0,"player_choice":"Card Removal","damage_taken":7,"max_hp_gain":0,"max_hp_loss":0,"event_name":"Golden Wing","floor":5,"gold_loss":0},{"damage_healed":0,"gold_gain":0,"player_choice":"Obtained Relic","damage_taken":0,"relics_obtained":["Question Card"],"max_hp_gain":0,"max_hp_loss":0,"event_name":"Addict","floor":20,"gold_loss":85}],"is_beta":false,"boss_relics":[{"not_picked":["Calling Bell","SacredBark"],"picked":"Coffee Dripper"}],"items_purged_floors":[],"is_endless":false,"potions_floor_spawned":[4,10,13,18,21],"killed_by":"Book of Stabbing","ascension_level":11}}