{"host":"d9m9v0h6vo0edadb","time":1613109414,"event":{"mods":["BaseMod","Hermit","Keyboard Shortcuts","Minty Spire (QoL Compilation)","StSLib","SuperFastMode","The Cursed"],"gold_per_floor":[114,127,137,147,163,163,163,163,163,173,98,115,144,156,156,156,156],"floor_reached":16,"language":"KOR","playtime":209,"items_purged":[],"score":212,"play_id":"d0035f36-3398-4fa9-9131-91d22d5d144c","local_time":"20210212145654","is_ascension_mode":true,"campfire_choices":[{"data":"Dagger Spray","floor":6.0,"key":"SMITH"},{"data":"Blade Dance","floor":8.0,"key":"SMITH"},{"data":"Prepared","floor":15.0,"key":"SMITH"}],"circlet_count":0,"master_deck":["AscendersBane","Strike_G","Strike_G","Strike_G","Strike_G","Defend_G","Defend_G","Defend_G","Defend_G","Defend_G","Survivor","Neutralize","Dagger Spray+1","Acrobatics","Eviscerate","Blade Dance+1","Prepared+1","Noxious Fumes"],"relics":["Ring of the Snake","NeowsBlessing","Shuriken","Blue Candle"],"acts_visited":["Exordium"],"potions_floor_usage":[],"damage_taken":[{"damage":0.0,"enemies":"Cultist","floor":1.0,"turns":1.0},{"damage":0.0,"enemies":"Small Slimes","floor":2.0,"turns":1.0},{"damage":0.0,"enemies":"Jaw Worm","floor":3.0,"turns":1.0},{"damage":6.0,"enemies":"Blue Slaver","floor":4.0,"turns":8.0},{"damage":12.0,"enemies":"3 Louse","floor":5.0,"turns":3.0},{"damage":9.0,"enemies":"Large Slime","floor":10.0,"turns":4.0},{"damage":1.0,"enemies":"2 Fungi Beasts","floor":12.0,"turns":2.0},{"damage":8.0,"enemies":"Gremlin Nob","floor":13.0,"turns":3.0},{"damage":2.0,"enemies":"Red Slaver","floor":14.0,"turns":3.0},{"damage":20,"enemies":"Slime Boss","floor":16,"turns":9}],"seed_played":"1519606599822012925","potions_obtained":[{"floor":5.0,"key":"Poison Potion"},{"floor":10.0,"key":"SpeedPotion"},{"floor":12.0,"key":"CultistPotion"},{"floor":13.0,"key":"SmokeBomb"}],"is_trial":false,"path_per_floor":["M","M","M","M","M","R","?","R","T","M","?","M","E","M","R","B"],"character_chosen":"THE_SILENT","items_purchased":[],"campfire_rested":0,"item_purchase_floors":[],"current_hp_per_floor":[59,59,59,53,41,41,46,46,46,37,37,36,28,26,26,6,6],"gold":156,"neow_bonus":"THREE_ENEMY_KILL","is_daily":false,"chose_seed":false,"campfire_upgraded":3,"win_rate":0.0,"timestamp":1613109414,"path_taken":["M","?","M","M","M","R","?","R","T","M","?","M","E","M","R","BOSS"],"items_purchased_type":[],"build_version":"2020-12-22","purchased_purges":0,"victory":false,"max_hp_per_floor":[66,66,66,66,66,66,71,71,71,71,71,71,71,71,71,71,71],"card_choices":[{"not_picked":["Bane","Endless Agony"],"picked":"Dagger Spray","floor":1.0},{"not_picked":["Finisher","Outmaneuver","Underhanded Strike"],"picked":"SKIP","floor":2.0},{"not_picked":["PiercingWail","Poisoned Stab"],"picked":"Acrobatics","floor":3.0},{"not_picked":["Slice","Setup"],"picked":"Eviscerate","floor":4.0},{"not_picked":["Flying Knee","Outmaneuver"],"picked":"Blade Dance","floor":5.0},{"not_picked":["Backflip","Grand Finale"],"picked":"Prepared","floor":10.0},{"not_picked":["Dagger Throw","Riddle With Holes","Calculated Gamble"],"picked":"SKIP","floor":12.0},{"not_picked":["Outmaneuver","Endless Agony"],"picked":"Noxious Fumes","floor":13.0},{"not_picked":["Underhanded Strike","Slice","Masterful Stab"],"picked":"SKIP","floor":14.0}],"player_experience":1014375,"relics_obtained":[{"floor":9.0,"key":"Shuriken"},{"floor":13.0,"key":"Blue Candle"}],"event_choices":[{"damage_healed":0.0,"max_hp_gain":5.0,"max_hp_loss":0.0,"gold_gain":0.0,"event_name":"Big Fish","player_choice":"Donut","floor":7.0,"gold_loss":0.0,"damage_taken":0.0},{"cards_removed":["Strike_G"],"damage_healed":0.0,"max_hp_gain":0.0,"max_hp_loss":0.0,"gold_gain":0.0,"event_name":"The Cleric","player_choice":"Card Removal","floor":11.0,"gold_loss":75.0,"damage_taken":0.0}],"is_beta":false,"boss_relics":[],"items_purged_floors":[],"is_endless":false,"potions_floor_spawned":[5,10,12,13],"killed_by":"Slime Boss","ascension_level":20}}