{"host":"wf1r1zhguvoo22rf","time":1613095632,"event":{"mods":["BaseMod","Colored Powertips","Minty Spire (QoL Compilation)","StSLib"],"gold_per_floor":[113,113,113,27,47,47,90,90,90,105,139,139,155,191,191,319,319,343,364,364,364,364,408,408,408,408,408,427,447,447,470,470,591,591,605,605,605,188,207,207,238,136,159,492,0,0,17,34,34,34],"floor_reached":51,"language":"ENG","playtime":2249,"items_purged":[],"score":859,"play_id":"72c8c2e4-fb0c-4a07-9448-db3a7ccdf3a9","local_time":"20210212040712","is_ascension_mode":true,"campfire_choices":[{"data":"Neutralize","floor":6,"key":"SMITH"},{"data":"Poisoned Stab","floor":8,"key":"SMITH"},{"floor":12,"key":"REST"},{"data":"Accuracy","floor":15,"key":"SMITH"},{"data":"Phantasmal Killer","floor":24,"key":"SMITH"},{"data":"Caltrops","floor":27,"key":"SMITH"},{"floor":30,"key":"REST"},{"data":"Infinite Blades","floor":32,"key":"SMITH"},{"data":"Envenom","floor":40,"key":"SMITH"},{"data":"Venomology","floor":46,"key":"SMITH"},{"data":"Cloak And Dagger","floor":49,"key":"SMITH"}],"circlet_count":0,"master_deck":["Strike_G+1","Strike_G+1","Strike_G+1","Strike_G+1","Strike_G+1","Defend_G+1","Defend_G+1","Defend_G+1","Defend_G+1","Defend_G+1","Survivor","Neutralize+1","Poisoned Stab+1","Blade Dance","Blade Dance","Caltrops+1","Blade Dance","Accuracy+1","Phantasmal Killer+1","Dagger Spray","Outmaneuver+1","Dagger Spray+1","Slice","Venomology+1","Infinite Blades+1","Backstab","Envenom+1","Cloak And Dagger+1","Footwork+1","Slice+1"],"relics":["Ring of the Snake","NeowsBlessing","Bronze Scales","Matryoshka","Art of War","Shuriken","Dream Catcher","Meat on the Bone","SlaversCollar","MutagenicStrength","InkBottle","Bottled Tornado","Nunchaku","Busted Crown","Lantern","Eternal Feather","Snake Skull","PreservedInsect","Red Mask"],"acts_visited":["Exordium","TheCity","TheBeyond"],"potions_floor_usage":[11,11,14,16,33,33,33,33,35,37,41,48,50,50],"damage_taken":[{"damage":0,"enemies":"2 Louse","floor":1,"turns":1},{"damage":0,"enemies":"Small Slimes","floor":5,"turns":1},{"damage":0,"enemies":"Gremlin Nob","floor":7,"turns":1},{"damage":0,"enemies":"Cultist","floor":10,"turns":2},{"damage":14,"enemies":"3 Sentries","floor":11,"turns":5},{"damage":0,"enemies":"Exordium Wildlife","floor":13,"turns":2},{"damage":16,"enemies":"Lagavulin","floor":14,"turns":4},{"damage":13,"enemies":"Hexaghost","floor":16,"turns":6},{"damage":8,"enemies":"Chosen","floor":18,"turns":3},{"damage":11,"enemies":"Spheric Guardian","floor":19,"turns":2},{"damage":0,"enemies":"Book of Stabbing","floor":23,"turns":3},{"damage":0,"enemies":"Snecko","floor":28,"turns":3},{"damage":14,"enemies":"Centurion and Healer","floor":29,"turns":2},{"damage":0,"enemies":"3 Cultists","floor":31,"turns":2},{"damage":10,"enemies":"Champ","floor":33,"turns":5},{"damage":17,"enemies":"3 Darklings","floor":35,"turns":3},{"damage":0,"enemies":"3 Shapes","floor":37,"turns":1},{"damage":10,"enemies":"Spire Growth","floor":39,"turns":2},{"damage":33,"enemies":"Nemesis","floor":41,"turns":5},{"damage":0,"enemies":"Sphere and 2 Shapes","floor":47,"turns":2},{"damage":12,"enemies":"4 Shapes","floor":48,"turns":2},{"damage":21,"enemies":"Time Eater","floor":50,"turns":4}],"seed_played":"-1455431228508463432","potions_obtained":[{"floor":5,"key":"SkillPotion"},{"floor":7,"key":"BlessingOfTheForge"},{"floor":11,"key":"GamblersBrew"},{"floor":13,"key":"SpeedPotion"},{"floor":18,"key":"Poison Potion"},{"floor":19,"key":"Strength Potion"},{"floor":29,"key":"SkillPotion"},{"floor":33,"key":"SmokeBomb"},{"floor":47,"key":"SteroidPotion"}],"is_trial":false,"path_per_floor":["M","?","?","?","M","R","E","R","T","M","E","R","M","E","R","B",null,"M","M","?","?","?","E","R","?","T","R","M","M","R","M","R","B",null,"M","?","M","$","M","R","E","$","T","?","?","R","M","M","R","B",null],"character_chosen":"THE_SILENT","items_purchased":["Lantern","Eternal Feather","PowerPotion","AttackPotion"],"campfire_rested":2,"item_purchase_floors":[38,38,42,42],"current_hp_per_floor":[70,70,63,63,63,63,63,63,63,63,49,70,70,54,54,41,70,62,51,51,51,51,51,51,51,51,51,51,37,58,58,58,48,70,53,53,53,53,43,58,46,46,46,46,46,61,61,49,67,46],"gold":34,"neow_bonus":"THREE_ENEMY_KILL","is_daily":false,"chose_seed":false,"campfire_upgraded":9,"win_rate":0.0,"timestamp":1613095632,"path_taken":["M","?","?","?","?","R","E","R","T","M","E","R","M","E","R","BOSS","M","M","?","?","?","E","R","?","T","R","?","M","R","M","R","BOSS","M","?","M","$","M","R","E","$","T","?","?","R","M","M","R","BOSS"],"items_purchased_type":["Relic","Relic","Potion","Potion"],"build_version":"2020-12-22","purchased_purges":0,"victory":true,"max_hp_per_floor":[70,70,70,70,70,70,70,70,70,70,70,70,70,70,70,70,70,70,70,70,70,70,70,70,70,70,70,70,70,70,70,70,70,70,70,70,70,70,70,70,70,70,70,70,70,70,70,70,70,70],"card_choices":[{"not_picked":["Dodge and Roll","Dagger Throw"],"picked":"Poisoned Stab","floor":1},{"not_picked":["Prepared","Quick Slash","Dodge and Roll"],"picked":"SKIP","floor":5},{"not_picked":["Cloak And Dagger","Heel Hook"],"picked":"Blade Dance","floor":7},{"not_picked":["Dodge and Roll","Riddle With Holes","Deflect"],"picked":"SKIP","floor":10},{"not_picked":["Escape Plan","Choke"],"picked":"Blade Dance","floor":11},{"not_picked":["Underhanded Strike","Dodge and Roll"],"picked":"Caltrops","floor":12},{"not_picked":["Deadly Poison","Acrobatics"],"picked":"Blade Dance","floor":13},{"not_picked":["Acrobatics","Slice"],"picked":"Accuracy","floor":14},{"not_picked":["Wraith Form v2","Unload"],"picked":"Phantasmal Killer","floor":16},{"not_picked":["Expertise+1","Sucker Punch"],"picked":"Dagger Spray","floor":18},{"not_picked":["Dash","Heel Hook"],"picked":"Outmaneuver+1","floor":19},{"not_picked":["Acrobatics+1","Backflip"],"picked":"Dagger Spray+1","floor":23},{"not_picked":["PiercingWail+1","Quick Slash"],"picked":"Slice","floor":28},{"not_picked":["Flechettes","Cloak And Dagger"],"picked":"Venomology","floor":29},{"not_picked":["Deflect","Skewer"],"picked":"Infinite Blades","floor":30},{"not_picked":["Prepared+1","Bane+1"],"picked":"Backstab","floor":31},{"not_picked":["Night Terror","Grand Finale"],"picked":"Envenom","floor":33},{"not_picked":["Deflect"],"picked":"SKIP","floor":35},{"not_picked":[],"picked":"Cloak And Dagger","floor":39},{"not_picked":[],"picked":"Footwork+1","floor":41},{"not_picked":["Dagger Throw+1"],"picked":"SKIP","floor":47},{"not_picked":[],"picked":"Slice+1","floor":48}],"player_experience":236352,"relics_obtained":[{"floor":7,"key":"Matryoshka"},{"floor":9,"key":"Art of War"},{"floor":9,"key":"Shuriken"},{"floor":11,"key":"Dream Catcher"},{"floor":14,"key":"Meat on the Bone"},{"floor":23,"key":"InkBottle"},{"floor":26,"key":"Bottled Tornado"},{"floor":26,"key":"Nunchaku"},{"floor":41,"key":"Snake Skull"},{"floor":43,"key":"PreservedInsect"}],"event_choices":[{"damage_healed":0,"gold_gain":0,"player_choice":"Take Wound","damage_taken":0,"relics_obtained":["Golden Idol"],"max_hp_gain":0,"max_hp_loss":0,"event_name":"Golden Idol","floor":2,"gold_loss":0,"cards_obtained":["Injury"]},{"cards_removed":["Injury"],"damage_healed":0,"gold_gain":0,"player_choice":"Card Removal","damage_taken":7,"max_hp_gain":0,"max_hp_loss":0,"event_name":"Golden Wing","floor":3,"gold_loss":0},{"damage_healed":0,"gold_gain":0,"player_choice":"Paid Gold","damage_taken":0,"relics_obtained":["Bronze Scales"],"max_hp_gain":0,"max_hp_loss":0,"event_name":"WeMeetAgain","floor":4,"gold_loss":86},{"damage_healed":0,"gold_gain":0,"player_choice":"Simplicity","damage_taken":0,"max_hp_gain":0,"max_hp_loss":0,"event_name":"Back to Basics","floor":20,"gold_loss":0,"cards_upgraded":["Strike_G","Strike_G","Strike_G","Strike_G","Strike_G","Defend_G","Defend_G","Defend_G","Defend_G","Defend_G"]},{"damage_healed":0,"gold_gain":0,"player_choice":"Inject Mutagens","damage_taken":0,"relics_obtained":["MutagenicStrength"],"max_hp_gain":0,"max_hp_loss":0,"event_name":"Drug Dealer","floor":21,"gold_loss":0},{"damage_healed":0,"gold_gain":0,"player_choice":"Ignored","damage_taken":0,"max_hp_gain":0,"max_hp_loss":0,"event_name":"Beggar","floor":22,"gold_loss":0},{"damage_healed":0,"gold_gain":0,"player_choice":"Ignored","damage_taken":0,"max_hp_gain":0,"max_hp_loss":0,"event_name":"Purifier","floor":25,"gold_loss":0},{"damage_healed":0,"gold_gain":0,"player_choice":"Memory 1","damage_taken":0,"max_hp_gain":0,"max_hp_loss":0,"event_name":"SensoryStone","floor":36,"gold_loss":0},{"damage_healed":0,"gold_gain":333,"player_choice":"Gave Idol","damage_taken":0,"max_hp_gain":0,"max_hp_loss":0,"event_name":"The Moai Head","floor":44,"relics_lost":["Golden Idol"],"gold_loss":0},{"damage_healed":0,"gold_gain":0,"player_choice":"Paid","damage_taken":0,"relics_obtained":["Red Mask"],"max_hp_gain":0,"max_hp_loss":0,"event_name":"Tomb of Lord Red Mask","floor":45,"gold_loss":492}],"is_beta":false,"boss_relics":[{"not_picked":["Empty Cage","Astrolabe"],"picked":"SlaversCollar"},{"not_picked":["Ring of the Serpent","Philosopher\u0027s Stone"],"picked":"Busted Crown"}],"items_purged_floors":[],"is_endless":false,"potions_floor_spawned":[5,7,11,13,18,19,29,33,37,47],"ascension_level":2}}