{"host":"ocll6kdfqxraqtza","time":1613134196,"event":{"mods":["2.2 Compatiblity","Act Like it!","Arknights","Aspiration","BaseMod","Better Third Choice","Gensokyo","Hallownest","Hermit","Hubris","Jorbs\u0027s Wanderer Trilogy","Luminous","Marisa（霧雨　魔理沙）","Minty Spire (QoL Compilation)","Reimu（博??梦）","Reliquary","Replay The Spire","Shade Mod","StSLib","The Alterego","The Bug Knight","The Cursed","The Hierophant","The Marked","The Runesmith","TheBandit","Wandering Minibosses"],"gold_per_floor":[109,34,34,34,47,78,179,208,232,232,247,259,259,271,271,376,376,389,139,59,70,70,101,101,101,101],"floor_reached":25,"language":"ENG","playtime":1025,"items_purged":["ats:Defend"],"score":288,"play_id":"c299357f-3cd9-465e-856a-f0afa3540ad5","local_time":"20210212204956","is_ascension_mode":true,"campfire_choices":[{"data":"ats:Part Time Job","floor":13.0,"key":"SMITH"},{"data":"ats:Healing Strengthening","floor":15.0,"key":"SMITH"},{"data":"Scrawl","floor":24,"key":"SMITH"}],"circlet_count":0,"master_deck":["ats:Strike C","ats:Strike V","ats:Armor Crushing Shot","ats:Defend","ats:Defend","ats:Emotion Absorption","ats:Blood Oath","ats:Burning Ground","ats:Part Time Job+1","ats:Phantom","ats:Guard Mode","ats:Sword Rain","Sucker Punch","Masterful Stab","ats:Red Shift","ats:Sunburst","ats:Healing Strengthening+1","ats:Calcification","SignatureMove+1","Hallownest:skillCityofTearsMap","ats:Overload","Scrawl+1"],"relics":["ats:Sanity","FossilizedHelix","Gensokyo:OccultBall","HollowMod:LifeEnderRelic","ats:Originium","Replay:Ringing Soul","ats:Ability Aura","reliquary:RoseTintedGlasses","aspiration:WatcherSkillbook","Hallownest:UnbreakableCardRelic","hubris:TenFootPole","ReplayTheSpireMod:TigerMarble"],"acts_visited":["Gensokyo:Gensokyo","Hallownest:CityofTears"],"potions_floor_usage":[],"damage_taken":[{"damage":0.0,"enemies":"Gensokyo:3_Fairies","floor":1.0,"turns":5.0},{"damage":0.0,"enemies":"Gensokyo:Python","floor":5.0,"turns":4.0},{"damage":21.0,"enemies":"Gensokyo:Mamizou","floor":6.0,"turns":7.0},{"damage":4.0,"enemies":"Gensokyo:Aya","floor":8.0,"turns":8.0},{"damage":0.0,"enemies":"Gensokyo:Gryphon","floor":11.0,"turns":3.0},{"damage":2.0,"enemies":"Gensokyo:3_Kodama","floor":12.0,"turns":3.0},{"damage":14.0,"enemies":"Gensokyo:Python_and_Kodama","floor":14.0,"turns":4.0},{"damage":26.0,"enemies":"Gensokyo:Reimu","floor":16.0,"turns":7.0},{"damage":0,"enemies":"Hallownest:3_Youths","floor":18,"turns":5},{"damage":53,"enemies":"Hallownest:2_Mistakes","floor":21,"turns":5},{"damage":77,"enemies":"Hallownest:eliteWatcherKnight","floor":23,"turns":12},{"damage":8,"enemies":"Hallownest:Warrior_and_Youth","floor":25,"turns":3}],"seed_played":"5863913366685651419","potions_obtained":[{"floor":6.0,"key":"AttackPotion"},{"floor":8.0,"key":"ZuzhouPotion:ReiMu"},{"floor":11.0,"key":"Venom Potion"},{"floor":21,"key":"Reflective Coating"}],"is_trial":false,"path_per_floor":["M","$","?","T","M","E","?","E","T","?","M","M","R","M","R","B",null,"M","?","?","M","?","E","R","M"],"character_chosen":"DOCTOR_CLASS","items_purchased":[],"campfire_rested":0,"item_purchase_floors":[],"current_hp_per_floor":[51,51,51,51,51,45,30,38,38,41,47,51,51,50,50,85,96,99,99,102,69,69,79,79,74,74],"gold":101,"neow_bonus":"ONE_RARE_RELIC","is_daily":false,"chose_seed":false,"campfire_upgraded":3,"win_rate":0.0,"timestamp":1613134196,"path_taken":["M","$","?","?","M","E","?","E","T","?","?","M","R","M","R","BOSS","M","?","?","?","?","E","R","M"],"items_purchased_type":[],"build_version":"2020-12-22","purchased_purges":1,"victory":false,"max_hp_per_floor":[72,72,72,72,72,75,78,81,81,84,87,90,90,93,93,96,96,99,99,102,105,105,108,108,108,108],"card_choices":[{"not_picked":["ats:Curse Doll","ats:Revitalization"],"picked":"ats:Chain Hook","floor":1.0},{"not_picked":["ats:Very Hot Blade","ats:Chain Hook"],"picked":"ats:Blood Oath","floor":5.0},{"not_picked":["ats:Shadow Raid","ats:Serious Mode"],"picked":"ats:Burning Ground","floor":6.0},{"not_picked":["ats:Sword Rain","ats:Assault Order"],"picked":"ats:Part Time Job","floor":7.0},{"not_picked":["ats:Powerful Strike","ats:Steam Pump"],"picked":"ats:Phantom","floor":7.0},{"not_picked":["ats:Very Hot Blade","ats:Leaping Hammer"],"picked":"ats:Guard Mode","floor":7.0},{"not_picked":["ats:Demon Strength","ats:Spore Proliferation"],"picked":"ats:Sword Rain","floor":8.0},{"not_picked":["ats:Defend Order","ats:Composite Medical Shells"],"picked":"ats:Red Shift","floor":11.0},{"not_picked":["ats:Powerful Strike","ats:Counter Healing Mode"],"picked":"ats:Sunburst","floor":12.0},{"not_picked":["ats:Support Order","ats:Curse Doll"],"picked":"ats:Healing Strengthening","floor":14.0},{"not_picked":["ats:Roar Of Ursus","ats:Durian"],"picked":"ats:Calcification","floor":16.0},{"not_picked":["SashWhip","Protect+1","ats:Consecutive Shot Auto+1"],"picked":"SignatureMove+1","floor":18},{"not_picked":["ats:Shadow Raid","ats:Counter Healing Mode","ats:Assault Order"],"picked":"ats:Overload","floor":21},{"not_picked":["Halt","ats:Flexible Camouflage","ats:Flame Of Heaven"],"picked":"Scrawl","floor":23}],"player_experience":530598,"relics_obtained":[{"floor":4.0,"key":"HollowMod:LifeEnderRelic"},{"floor":6.0,"key":"ats:Originium"},{"floor":6.0,"key":"Replay:Ringing Soul"},{"floor":8.0,"key":"ats:Originium"},{"floor":8.0,"key":"ats:Ability Aura"},{"floor":9.0,"key":"reliquary:RoseTintedGlasses"},{"floor":16.0,"key":"Gensokyo:OccultBall"},{"floor":18,"key":"Gensokyo:OccultBall"},{"floor":23,"key":"ats:Originium"},{"floor":23,"key":"ReplayTheSpireMod:TigerMarble"}],"event_choices":[],"is_beta":false,"boss_relics":[{"not_picked":["aspiration:SilentSkillbook","Black Star"],"picked":"aspiration:WatcherSkillbook"}],"items_purged_floors":[2],"is_endless":false,"potions_floor_spawned":[6,8,11,21],"killed_by":"Hallownest:Warrior_and_Youth","ascension_level":1}}