{"host":"xvcswx52z80fmg13","time":1613152679,"event":{"mods":["BaseMod","Colored Map","Colored Powertips","Highlight Path","Minty Spire (QoL Compilation)"],"gold_per_floor":[116,116,136,150,150,150,177,177,254,429,504,429,79,79,79,176,176,192,204,214,227,227,262,262,290,290,300,324,239,239,239],"floor_reached":30,"language":"ENG","playtime":1761,"items_purged":["Doubt","Strike_R"],"score":271,"play_id":"1116c7fc-d85d-4f14-9136-d36dacef6121","local_time":"20210212135759","is_ascension_mode":false,"campfire_choices":[{"data":"Inflame","floor":6,"key":"SMITH"},{"data":"Inflame","floor":8,"key":"SMITH"},{"data":"Metallicize","floor":15,"key":"SMITH"},{"floor":24,"key":"REST"}],"circlet_count":0,"master_deck":["Strike_R","Strike_R","Strike_R","Defend_R","Defend_R","Defend_R","Defend_R","Bash","Inflame+1","Rampage","Inflame+1","Ghostly Armor","Metallicize+1","Ghostly Armor","Anger"],"relics":["Burning Blood","Juzu Bracelet","Strawberry","Lantern","Eternal Feather","Busted Crown","Nilry\u0027s Codex","Ornamental Fan","Red Mask","Champion Belt","Tiny Chest","Question Card"],"acts_visited":["Exordium","TheCity"],"potions_floor_usage":[16,18,23,30,30],"damage_taken":[{"damage":6,"enemies":"Jaw Worm","floor":1,"turns":5},{"damage":1,"enemies":"Cultist","floor":3,"turns":3},{"damage":0,"enemies":"Small Slimes","floor":4,"turns":3},{"damage":28,"enemies":"Gremlin Nob","floor":7,"turns":4},{"damage":26,"enemies":"The Guardian","floor":16,"turns":9},{"damage":11,"enemies":"3 Byrds","floor":18,"turns":4},{"damage":13,"enemies":"2 Thieves","floor":19,"turns":5},{"damage":14,"enemies":"Sentry and Sphere","floor":20,"turns":8},{"damage":16,"enemies":"Shelled Parasite and Fungi","floor":21,"turns":7},{"damage":36,"enemies":"Slavers","floor":23,"turns":4},{"damage":34,"enemies":"Masked Bandits","floor":25,"turns":5},{"damage":8,"enemies":"Snake Plant","floor":27,"turns":4},{"damage":19,"enemies":"Gremlin Leader","floor":30,"turns":8}],"seed_played":"-2082173064265558087","potions_obtained":[{"floor":1,"key":"ColorlessPotion"},{"floor":7,"key":"Swift Potion"},{"floor":16,"key":"LiquidBronze"},{"floor":20,"key":"Energy Potion"},{"floor":21,"key":"Energy Potion"},{"floor":23,"key":"Ancient Potion"},{"floor":25,"key":"Strength Potion"}],"is_trial":false,"path_per_floor":["M","?","M","M","?","R","E","R","T","?","?","$","$","T","R","B",null,"M","M","M","M","?","E","R","?","T","M","T","?","E"],"character_chosen":"IRONCLAD","items_purchased":["Ghostly Armor","Lantern","Metallicize"],"campfire_rested":1,"item_purchase_floors":[13,13,13],"current_hp_per_floor":[88,81,86,88,88,88,73,73,73,73,62,62,62,62,68,48,95,90,83,75,65,49,19,56,28,28,26,26,26,7,7],"gold":239,"neow_bonus":"TEN_PERCENT_HP_BONUS","is_daily":false,"chose_seed":false,"campfire_upgraded":3,"win_rate":0.0,"timestamp":1613152679,"path_taken":["M","?","M","M","?","R","E","R","T","?","?","?","$","?","R","BOSS","M","M","M","M","?","E","R","?","T","M","?","?","E"],"items_purchased_type":["Card","Relic","Card"],"build_version":"2020-12-22","purchased_purges":2,"victory":false,"max_hp_per_floor":[88,88,88,88,88,88,95,95,95,95,95,95,95,95,95,95,95,95,95,95,95,95,95,95,95,95,95,95,95,95,95],"card_choices":[{"not_picked":["Headbutt","Shrug It Off"],"picked":"Inflame","floor":1},{"not_picked":["Sword Boomerang","Havoc"],"picked":"Rampage","floor":3},{"not_picked":["True Grit","Intimidate"],"picked":"Inflame","floor":4},{"not_picked":["Flex","Battle Trance","Dual Wield"],"picked":"SKIP","floor":7},{"not_picked":[],"picked":"Ghostly Armor","floor":18},{"not_picked":["Headbutt"],"picked":"SKIP","floor":19},{"not_picked":["Reckless Charge"],"picked":"SKIP","floor":20},{"not_picked":[],"picked":"Anger","floor":21},{"not_picked":["Clothesline"],"picked":"SKIP","floor":23},{"not_picked":["Cleave"],"picked":"SKIP","floor":27}],"player_experience":1318104,"relics_obtained":[{"floor":7,"key":"Strawberry"},{"floor":14,"key":"Eternal Feather"},{"floor":22,"key":"Nilry\u0027s Codex"},{"floor":23,"key":"Ornamental Fan"},{"floor":25,"key":"Red Mask"},{"floor":26,"key":"Champion Belt"},{"floor":28,"key":"Tiny Chest"}],"event_choices":[{"cards_removed":["Strike_R"],"damage_healed":0,"gold_gain":0,"player_choice":"Card Removal","damage_taken":7,"max_hp_gain":0,"max_hp_loss":0,"event_name":"Golden Wing","floor":2,"gold_loss":0},{"damage_healed":0,"gold_gain":0,"player_choice":"Gave Potion","damage_taken":0,"relics_obtained":["Juzu Bracelet"],"max_hp_gain":0,"max_hp_loss":0,"event_name":"WeMeetAgain","floor":5,"gold_loss":0},{"damage_healed":0,"gold_gain":175,"player_choice":"AGREE","damage_taken":0,"max_hp_gain":0,"max_hp_loss":0,"event_name":"Liars Game","floor":10,"gold_loss":0,"cards_obtained":["Doubt"]},{"damage_healed":0,"gold_gain":75,"player_choice":"Gather Gold","damage_taken":11,"max_hp_gain":0,"max_hp_loss":0,"event_name":"World of Goop","floor":11,"gold_loss":0},{"damage_healed":0,"gold_gain":0,"player_choice":"Obtained Book","damage_taken":16,"max_hp_gain":0,"max_hp_loss":0,"event_name":"Cursed Tome","floor":22,"gold_loss":0},{"damage_healed":0,"gold_gain":0,"player_choice":"Fought Bandits","damage_taken":0,"max_hp_gain":0,"max_hp_loss":0,"event_name":"Masked Bandits","floor":25,"gold_loss":0},{"damage_healed":0,"gold_gain":0,"player_choice":"Obtained Relic","damage_taken":0,"relics_obtained":["Question Card"],"max_hp_gain":0,"max_hp_loss":0,"event_name":"Addict","floor":29,"gold_loss":85}],"is_beta":false,"boss_relics":[{"not_picked":["Empty Cage","Snecko Eye"],"picked":"Busted Crown"}],"items_purged_floors":[12,13],"is_endless":false,"potions_floor_spawned":[1,7,16,20,21,23,25],"killed_by":"Gremlin Leader","ascension_level":0}}