{"host":"prxrhpgaxnj4om9r","time":1613100951,"event":{"mods":["AchievementEnabler","BaseMod","DeckTracker","Keyboard Shortcuts","Minty Spire (QoL Compilation)"],"gold_per_floor":[115,135,152,132,110,110,125,138,138,149,166,183,183,214,214,214,214],"floor_reached":16,"language":"KOR","playtime":497,"items_purged":[],"score":106,"play_id":"eb9ca320-919b-4731-aab6-38178d13b89e","local_time":"20210212123551","is_ascension_mode":false,"campfire_choices":[{"data":"Eruption","floor":6,"key":"SMITH"},{"floor":15,"key":"REST"}],"circlet_count":0,"master_deck":["Strike_P","Strike_P","Strike_P","Strike_P","Defend_P","Defend_P","Defend_P","Defend_P","Eruption+1","Vigilance","ThirdEye","Conclude","BowlingBash","JustLucky","FlurryOfBlows","ReachHeaven","Evaluate","SandsOfTime","CarveReality"],"relics":["PureWater","Anchor","Sundial","Golden Idol","Bottled Flame"],"acts_visited":["Exordium"],"potions_floor_usage":[8,12,14,14,14,16],"damage_taken":[{"damage":0,"enemies":"Small Slimes","floor":1,"turns":3},{"damage":0,"enemies":"Cultist","floor":2,"turns":4},{"damage":0,"enemies":"2 Louse","floor":3,"turns":3},{"damage":0,"enemies":"Looter","floor":7,"turns":1},{"damage":0,"enemies":"Blue Slaver","floor":8,"turns":1},{"damage":0,"enemies":"Large Slime","floor":10,"turns":3},{"damage":0,"enemies":"Red Slaver","floor":11,"turns":1},{"damage":0,"enemies":"Lots of Slimes","floor":12,"turns":2},{"damage":38,"enemies":"Gremlin Nob","floor":14,"turns":3},{"damage":41,"enemies":"The Guardian","floor":16,"turns":3}],"seed_played":"979239279656754884","potions_obtained":[{"floor":2,"key":"SneckoOil"},{"floor":3,"key":"BottledMiracle"},{"floor":4,"key":"SneckoOil"},{"floor":11,"key":"SkillPotion"},{"floor":12,"key":"LiquidMemories"},{"floor":14,"key":"LiquidBronze"}],"is_trial":false,"path_per_floor":["M","M","M","?","$","R","M","M","T","M","M","M","?","E","R","B"],"character_chosen":"WATCHER","items_purchased":["JustLucky"],"campfire_rested":1,"item_purchase_floors":[5],"current_hp_per_floor":[72,72,72,72,72,72,72,72,72,72,72,72,54,16,37,0,0],"gold":214,"neow_bonus":"RANDOM_COMMON_RELIC","is_daily":false,"chose_seed":false,"campfire_upgraded":1,"win_rate":0.0,"timestamp":1613100951,"path_taken":["M","M","M","?","$","R","M","M","T","M","?","M","?","E","R","BOSS"],"items_purchased_type":["Card"],"build_version":"2020-12-22","purchased_purges":0,"victory":false,"max_hp_per_floor":[72,72,72,72,72,72,72,72,72,72,72,72,72,72,72,72,72],"card_choices":[{"not_picked":["SashWhip","Crescendo"],"picked":"ThirdEye","floor":1},{"not_picked":["CarveReality","EmptyBody"],"picked":"Conclude","floor":2},{"not_picked":["ThirdEye","CarveReality"],"picked":"BowlingBash","floor":3},{"not_picked":["PathToVictory","Consecrate"],"picked":"FlurryOfBlows","floor":7},{"not_picked":["JustLucky","FlyingSleeves"],"picked":"ReachHeaven","floor":8},{"not_picked":["Prostrate","Establishment"],"picked":"Evaluate","floor":10},{"not_picked":["CarveReality","ThirdEye"],"picked":"SandsOfTime","floor":11},{"not_picked":["ThirdEye","SashWhip","FlurryOfBlows"],"picked":"SKIP","floor":12},{"not_picked":["Consecrate","Evaluate"],"picked":"CarveReality","floor":14}],"player_experience":396228,"relics_obtained":[{"floor":9,"key":"Sundial"},{"floor":14,"key":"Bottled Flame"}],"event_choices":[{"damage_healed":0,"gold_gain":0,"player_choice":"Bought 1 Potion","damage_taken":0,"max_hp_gain":0,"max_hp_loss":0,"event_name":"The Woman in Blue","floor":4,"gold_loss":0},{"damage_healed":0,"gold_gain":0,"player_choice":"Take Damage","damage_taken":18,"relics_obtained":["Golden Idol"],"max_hp_gain":0,"max_hp_loss":0,"event_name":"Golden Idol","floor":13,"gold_loss":0}],"is_beta":false,"boss_relics":[],"items_purged_floors":[],"is_endless":false,"potions_floor_spawned":[2,3,11,12,14],"killed_by":"The Guardian","ascension_level":0}}