{"host":"i1xfvbr0z23eel2z","time":1613157307,"event":{"mods":["2.2 Compatiblity","BaseMod","Colored Map","Curses Come First","Highlight Path","Minty Spire (QoL Compilation)","Permanent Neow","StSLib"],"gold_per_floor":[109,127,140,150,3066,3066,3094,3094,3174,3192,3218,3218,3232,3255,3255,3379,3379,3394,3319,3229,3245,2683,2727,2748,2748,2748,2748,2748,2748,2772,2812,2812,2931,2931,2954,2973,2973,2973,2993,3032,3045,3045,3094,3094,3094,3134,3155,3168,3168,3168,3168,3168,2865,2909,2909],"floor_reached":56,"language":"ENG","playtime":2454,"items_purged":[],"score":1709,"play_id":"78dff31f-25fa-43aa-9b1c-34eda785b6ec","local_time":"20210212141507","is_ascension_mode":false,"campfire_choices":[{"data":"Perfected Strike","floor":6,"key":"SMITH"},{"data":"Perfected Strike","floor":8,"key":"SMITH"},{"data":"Perfected Strike","floor":15,"key":"SMITH"},{"data":"Perfected Strike","floor":25,"key":"SMITH"},{"floor":27,"key":"RECALL"},{"data":"Perfected Strike","floor":32,"key":"SMITH"},{"data":"Perfected Strike","floor":42,"key":"SMITH"},{"data":"Perfected Strike","floor":49,"key":"SMITH"},{"data":"Perfected Strike","floor":52,"key":"SMITH"}],"circlet_count":1,"master_deck":["Strike_R+1","Strike_R+1","Strike_R+1","Strike_R+1","Strike_R+1","Defend_R+1","Bash","Cleave","Twin Strike","Clothesline","Flash of Steel","Perfected Strike+1","Perfected Strike+1","Perfected Strike+1","Perfected Strike+1","Pommel Strike","Pommel Strike","Pommel Strike","Pommel Strike","Wild Strike+1","Perfected Strike+1","Perfected Strike+1","Perfected Strike+1","Perfected Strike+1","Twin Strike","Double Tap","Perfected Strike+1","Disarm+1","CurseOfTheBell"],"relics":["Burning Blood","Circlet","Anchor","Bag of Marbles","PreservedInsect","Strawberry","Lantern","Blood Vial","HornCleat","CaptainsWheel","Black Star","Brimstone","Black Blood","Runic Cube","SacredBark","SlaversCollar","Lee\u0027s Waffle","Champion Belt","Mango","Turnip","Lizard Tail","Ginger","Frozen Eye","Peace Pipe","Dream Catcher","Paper Frog","MealTicket","Bottled Flame","Golden Idol","Busted Crown","Vajra","Toxic Egg 2","DollysMirror","Torii","Regal Pillow","Champion Belt","Boot","Calling Bell","Bronze Scales","Molten Egg 2","Thread and Needle","Turnip","WingedGreaves","Oddly Smooth Stone","Potion Belt","InkBottle","Pantograph","Ginger","Pear","Self Forming Clay"],"acts_visited":["Exordium","TheCity","TheBeyond","TheEnding"],"potions_floor_usage":[55,55],"damage_taken":[{"damage":5,"enemies":"Cultist","floor":1,"turns":4},{"damage":7,"enemies":"2 Louse","floor":2,"turns":2},{"damage":13,"enemies":"Jaw Worm","floor":3,"turns":3},{"damage":43,"enemies":"Large Slime","floor":4,"turns":7},{"damage":0,"enemies":"3 Sentries","floor":7,"turns":2},{"damage":0,"enemies":"Exordium Thugs","floor":10,"turns":1},{"damage":0,"enemies":"Gremlin Nob","floor":11,"turns":1},{"damage":0,"enemies":"Looter","floor":13,"turns":1},{"damage":0,"enemies":"3 Louse","floor":14,"turns":1},{"damage":0,"enemies":"Hexaghost","floor":16,"turns":2},{"damage":0,"enemies":"Spheric Guardian","floor":18,"turns":1},{"damage":0,"enemies":"Shell Parasite","floor":21,"turns":1},{"damage":0,"enemies":"Slavers","floor":23,"turns":2},{"damage":0,"enemies":"Snake Plant","floor":24,"turns":1},{"damage":0,"enemies":"Snecko","floor":30,"turns":1},{"damage":0,"enemies":"Gremlin Leader","floor":31,"turns":1},{"damage":1,"enemies":"Champ","floor":33,"turns":3},{"damage":0,"enemies":"Orb Walker","floor":35,"turns":1},{"damage":0,"enemies":"3 Shapes","floor":36,"turns":1},{"damage":0,"enemies":"Transient","floor":39,"turns":5},{"damage":0,"enemies":"Giant Head","floor":40,"turns":4},{"damage":0,"enemies":"Jaw Worm Horde","floor":41,"turns":2},{"damage":0,"enemies":"Nemesis","floor":46,"turns":1},{"damage":0,"enemies":"Writhing Mass","floor":47,"turns":1},{"damage":0,"enemies":"3 Darklings","floor":48,"turns":2},{"damage":6,"enemies":"Time Eater","floor":50,"turns":2},{"damage":0,"enemies":"Shield and Spear","floor":54,"turns":2},{"damage":78,"enemies":"The Heart","floor":55,"turns":6}],"seed_played":"-3884197012657461240","potions_obtained":[{"floor":2,"key":"BloodPotion"},{"floor":14,"key":"Fruit Juice"},{"floor":18,"key":"BlessingOfTheForge"},{"floor":48,"key":"Ancient Potion"},{"floor":54,"key":"EssenceOfSteel"}],"is_trial":false,"path_per_floor":["M","M","M","M","$","R","E","R","T","M","E","?","M","M","R","B",null,"M","?","?","M","$","E","M","R","T","R","?","?","M","E","R","B",null,"M","M","?","?","M","E","M","R","T","?","?","E","M","M","R","B",null,"R","$","E","B",null],"character_chosen":"IRONCLAD","items_purchased":["Flash of Steel","Vajra","Toxic Egg 2","DollysMirror","Ginger"],"campfire_rested":0,"item_purchase_floors":[5,22,22,22,53],"current_hp_per_floor":[88,87,80,43,116,116,116,116,116,116,116,87,107,116,116,116,116,116,116,116,116,116,116,116,116,116,116,116,116,116,116,116,116,116,116,116,116,116,116,116,116,116,116,110,110,110,110,110,110,110,110,110,110,120,101],"gold":2909,"neow_bonus":"TEN_PERCENT_HP_BONUS","is_daily":false,"chose_seed":false,"campfire_upgraded":8,"win_rate":0.0,"timestamp":1613157307,"path_taken":["M","?","M","M","$","R","E","R","T","?","E","?","M","M","R","BOSS","M","?","?","?","$","E","M","R","T","R","?","?","M","E","R","BOSS","M","M","?","?","M","E","?","R","T","?","?","E","M","M","R","BOSS","R","$","E","BOSS"],"items_purchased_type":["Card","Relic","Relic","Relic","Relic"],"build_version":"2020-12-22","purchased_purges":0,"victory":true,"max_hp_per_floor":[88,88,88,88,116,116,116,116,116,116,116,116,116,116,116,116,116,116,116,116,116,116,116,116,116,116,116,116,116,116,116,116,116,116,116,116,116,116,116,116,116,116,116,110,110,110,110,110,110,110,110,110,110,120,130],"card_choices":[{"not_picked":["Power Through","Clash"],"picked":"Cleave","floor":1},{"not_picked":["Sword Boomerang","Armaments"],"picked":"Twin Strike","floor":2},{"not_picked":["Clothesline","Shrug It Off","Rage"],"picked":"SKIP","floor":3},{"not_picked":["Reckless Charge","Feel No Pain"],"picked":"Clothesline","floor":4},{"not_picked":["Second Wind","Shockwave","Dual Wield"],"picked":"SKIP","floor":7},{"not_picked":["Dark Embrace","Dual Wield","Sword Boomerang"],"picked":"SKIP","floor":10},{"not_picked":["Spot Weakness","Anger","Thunderclap"],"picked":"SKIP","floor":11},{"not_picked":["Infernal Blade","Heavy Blade","Dark Embrace"],"picked":"SKIP","floor":13},{"not_picked":["Clash","Ghostly Armor"],"picked":"Twin Strike","floor":14},{"not_picked":["Demon Form","Impervious"],"picked":"Double Tap","floor":16},{"not_picked":["Thunderclap"],"picked":"SKIP","floor":18},{"not_picked":["Hemokinesis"],"picked":"SKIP","floor":21},{"not_picked":["True Grit+1"],"picked":"SKIP","floor":23},{"not_picked":["Anger"],"picked":"SKIP","floor":24},{"not_picked":["Metallicize"],"picked":"SKIP","floor":30},{"not_picked":[],"picked":"Disarm+1","floor":31},{"not_picked":["Clothesline+1"],"picked":"SKIP","floor":35},{"not_picked":["Pommel Strike+1"],"picked":"SKIP","floor":36},{"not_picked":["Seeing Red+1"],"picked":"SKIP","floor":39},{"not_picked":["Heavy Blade+1"],"picked":"SKIP","floor":40},{"not_picked":["Sever Soul+1"],"picked":"SKIP","floor":41},{"not_picked":["Clothesline+1"],"picked":"SKIP","floor":46},{"not_picked":["Cleave+1"],"picked":"SKIP","floor":47},{"not_picked":["Warcry+1"],"picked":"SKIP","floor":48},{"not_picked":["Infernal Blade+1"],"picked":"SKIP","floor":54}],"player_experience":101020,"relics_obtained":[{"floor":7,"key":"Peace Pipe"},{"floor":7,"key":"Dream Catcher"},{"floor":9,"key":"Paper Frog"},{"floor":11,"key":"MealTicket"},{"floor":11,"key":"Bottled Flame"},{"floor":23,"key":"Torii"},{"floor":23,"key":"Regal Pillow"},{"floor":31,"key":"Champion Belt"},{"floor":31,"key":"Boot"},{"floor":34,"key":"Bronze Scales"},{"floor":34,"key":"Molten Egg 2"},{"floor":34,"key":"Thread and Needle"},{"floor":40,"key":"Turnip"},{"floor":40,"key":"WingedGreaves"},{"floor":43,"key":"Oddly Smooth Stone"},{"floor":46,"key":"InkBottle"},{"floor":46,"key":"Pantograph"},{"floor":54,"key":"Pear"},{"floor":54,"key":"Self Forming Clay"}],"event_choices":[{"damage_healed":0,"gold_gain":0,"player_choice":"Take Damage","damage_taken":29,"relics_obtained":["Golden Idol"],"max_hp_gain":0,"max_hp_loss":0,"event_name":"Golden Idol","floor":12,"gold_loss":0},{"cards_removed":["Defend_R"],"damage_healed":0,"gold_gain":0,"player_choice":"Gave Gold","damage_taken":0,"max_hp_gain":0,"max_hp_loss":0,"event_name":"Beggar","floor":19,"gold_loss":75},{"cards_removed":["Defend_R"],"damage_healed":0,"gold_gain":0,"player_choice":"Upgrade and Remove","damage_taken":0,"max_hp_gain":0,"max_hp_loss":0,"event_name":"Designer","floor":20,"gold_loss":90,"cards_upgraded":["Wild Strike"]},{"damage_healed":0,"gold_gain":0,"player_choice":"Ignored","damage_taken":0,"max_hp_gain":0,"max_hp_loss":0,"event_name":"Vampires","floor":28,"gold_loss":0},{"damage_healed":0,"gold_gain":0,"player_choice":"Simplicity","damage_taken":0,"max_hp_gain":0,"max_hp_loss":0,"event_name":"Back to Basics","floor":29,"gold_loss":0,"cards_upgraded":["Strike_R","Strike_R","Strike_R","Strike_R","Strike_R","Defend_R","Defend_R"]},{"cards_removed":["Defend_R"],"damage_healed":0,"gold_gain":0,"player_choice":"Removed Skill","damage_taken":0,"max_hp_gain":0,"max_hp_loss":0,"event_name":"Falling","floor":37,"gold_loss":0},{"damage_healed":0,"gold_gain":0,"player_choice":"Upgraded","damage_taken":0,"max_hp_gain":0,"max_hp_loss":0,"event_name":"Upgrade Shrine","floor":38,"gold_loss":0,"cards_upgraded":["Perfected Strike"]},{"damage_healed":0,"gold_gain":0,"player_choice":"Max HP","damage_taken":0,"max_hp_gain":0,"max_hp_loss":6,"event_name":"Winding Halls","floor":44,"gold_loss":0},{"cards_removed":["Wild Strike"],"damage_healed":0,"gold_gain":0,"player_choice":"Gave Card","damage_taken":0,"relics_obtained":["Potion Belt"],"max_hp_gain":0,"max_hp_loss":0,"event_name":"WeMeetAgain","floor":45,"gold_loss":0}],"is_beta":false,"boss_relics":[{"not_picked":["Fusion Hammer","Astrolabe"],"picked":"Busted Crown"},{"not_picked":["SacredBark","Black Star"],"picked":"Calling Bell"}],"items_purged_floors":[],"is_endless":false,"potions_floor_spawned":[2,11,14,16,18,24,31,36,40,48,54],"ascension_level":0}}