{"host":"sian7qp8a9pc9xwd","time":1613098938,"event":{"mods":["BaseMod","Minty Spire (QoL Compilation)","StSLib","SuperFastMode"],"gold_per_floor":[119,119,194,205,220,220,220,220,220,220,233,233,262,282,282,379,379,398,409,324,343,66,97,97,122,197,197,208,208,57,57,57,155,155,174,174,30,45,56,81,81,81,81,109,125,42,69,45,45,45,45],"floor_reached":50,"language":"ENG","playtime":1552,"items_purged":["Defend_P"],"score":833,"play_id":"f9539900-9ec7-4ea8-9c54-72333df7e81f","local_time":"20210211220218","is_ascension_mode":true,"campfire_choices":[{"data":"CutThroughFate","floor":6.0,"key":"SMITH"},{"data":"Eruption","floor":8.0,"key":"SMITH"},{"data":"BattleHymn","floor":10.0,"key":"SMITH"},{"data":"TalkToTheHand","floor":12.0,"key":"SMITH"},{"data":"FollowUp","floor":15.0,"key":"SMITH"},{"floor":24.0,"key":"REST"},{"floor":27.0,"key":"REST"},{"data":"DeceiveReality","floor":29.0,"key":"SMITH"},{"data":"DeusExMachina","floor":32.0,"key":"SMITH"},{"floor":41.0,"key":"REST"},{"floor":49,"key":"REST"}],"circlet_count":0,"master_deck":["Strike_P+1","Strike_P+1","Strike_P","Strike_P","Defend_P","Defend_P","Defend_P+1","Eruption+1","Vigilance","BattleHymn+1","TalkToTheHand+1","CutThroughFate+1","DeceiveReality+1","FollowUp+1","Brilliance","CarveReality+1","EmptyFist+1","Brilliance","DeusExMachina+1","LessonLearned+1","WindmillStrike+1","Worship","JustLucky+1","CutThroughFate","Finesse","Prostrate"],"relics":["PureWater","NeowsBlessing","Anchor","StrikeDummy","Mercury Hourglass","SlaversCollar","Dream Catcher","Toy Ornithopter","Pen Nib","Bronze Scales","Pantograph","Vajra","VioletLotus","Whetstone","Omamori","Darkstone Periapt","Mummified Hand","Prayer Wheel"],"acts_visited":["Exordium","TheCity","TheBeyond"],"potions_floor_usage":[47,47,50],"damage_taken":[{"damage":0.0,"enemies":"2 Louse","floor":1.0,"turns":1.0},{"damage":0.0,"enemies":"Small Slimes","floor":4.0,"turns":1.0},{"damage":0.0,"enemies":"Cultist","floor":5.0,"turns":1.0},{"damage":0.0,"enemies":"Gremlin Gang","floor":11.0,"turns":3.0},{"damage":0.0,"enemies":"Lagavulin","floor":13.0,"turns":4.0},{"damage":0.0,"enemies":"Blue Slaver","floor":14.0,"turns":3.0},{"damage":25.0,"enemies":"Hexaghost","floor":16.0,"turns":6.0},{"damage":7.0,"enemies":"Spheric Guardian","floor":18.0,"turns":3.0},{"damage":20.0,"enemies":"2 Thieves","floor":19.0,"turns":3.0},{"damage":11.0,"enemies":"Snecko","floor":21.0,"turns":4.0},{"damage":21.0,"enemies":"Slavers","floor":23.0,"turns":4.0},{"damage":0.0,"enemies":"Gremlin Leader","floor":25.0,"turns":5.0},{"damage":0.0,"enemies":"3 Cultists","floor":28.0,"turns":2.0},{"damage":7.0,"enemies":"Collector","floor":33.0,"turns":5.0},{"damage":14.0,"enemies":"Orb Walker","floor":35.0,"turns":3.0},{"damage":1.0,"enemies":"3 Shapes","floor":38.0,"turns":4.0},{"damage":0.0,"enemies":"Writhing Mass","floor":39.0,"turns":3.0},{"damage":42.0,"enemies":"Reptomancer","floor":40.0,"turns":4.0},{"damage":5.0,"enemies":"Giant Head","floor":44.0,"turns":5.0},{"damage":1.0,"enemies":"Spire Growth","floor":45.0,"turns":4.0},{"damage":26,"enemies":"Nemesis","floor":47,"turns":5},{"damage":60,"enemies":"Donu and Deca","floor":50,"turns":5}],"seed_played":"-6311526003334698690","potions_obtained":[{"floor":4.0,"key":"BlessingOfTheForge"},{"floor":7.0,"key":"Dexterity Potion"},{"floor":7.0,"key":"LiquidBronze"},{"floor":11.0,"key":"Explosive Potion"},{"floor":28.0,"key":"Ambrosia"},{"floor":33.0,"key":"BottledMiracle"},{"floor":35.0,"key":"Dexterity Potion"},{"floor":45.0,"key":"Ancient Potion"},{"floor":47,"key":"SteroidPotion"}],"is_trial":false,"path_per_floor":["M","?","?","M","M","R","?","R","T","R","M","R","E","M","R","B",null,"M","M","?","M","$","E","R","E","T","R","M","R","$","?","R","B",null,"M","?","$","M","M","E","R","?","T","E","M","$","E","$","R","B"],"character_chosen":"WATCHER","items_purchased":["Toy Ornithopter","Brilliance","SteroidPotion","Vajra","Worship","Finesse","Prostrate"],"campfire_rested":4,"item_purchase_floors":[22,22,22,30,37,46,48],"current_hp_per_floor":[65,47,36,36,36,36,36,36,36,36,36,36,36,36,36,11,57,50,30,30,19,19,3,24,24,24,45,45,45,45,45,45,72,72,58,58,58,57,57,15,36,36,36,31,30,30,14,14,35,5,5],"gold":45,"neow_bonus":"THREE_ENEMY_KILL","is_daily":false,"chose_seed":false,"campfire_upgraded":7,"win_rate":0.0,"timestamp":1613098938,"path_taken":["M","?","?","M","M","R","?","R","T","R","M","R","E","?","R","BOSS","M","?","?","M","$","E","R","E","T","R","M","R","$","?","R","BOSS","M","?","$","?","M","E","R","?","T","E","?","$","E","$","R","BOSS"],"items_purchased_type":["Relic","Card","Potion","Relic","Card","Card","Card"],"build_version":"2020-12-22","purchased_purges":1,"victory":false,"max_hp_per_floor":[72,72,72,72,72,72,72,72,72,72,72,72,72,72,72,72,72,72,72,72,72,72,72,72,72,72,72,72,72,72,72,72,72,72,72,72,72,72,72,72,72,72,72,72,72,72,72,72,72,72,72],"card_choices":[{"not_picked":["Consecrate","PathToVictory"],"picked":"BattleHymn","floor":1.0},{"not_picked":["Perseverance","ThirdEye"],"picked":"TalkToTheHand","floor":4.0},{"not_picked":["Wallop","Halt","CutThroughFate"],"picked":"SKIP","floor":5.0},{"not_picked":["Wallop","Halt"],"picked":"CutThroughFate","floor":5.0},{"not_picked":["WheelKick","CrushJoints"],"picked":"DeceiveReality","floor":11.0},{"not_picked":["CrushJoints","Ragnarok"],"picked":"FollowUp","floor":13.0},{"not_picked":["JustLucky","EmptyBody","InnerPeace"],"picked":"SKIP","floor":14.0},{"not_picked":["Blasphemy","Wish"],"picked":"Brilliance","floor":16.0},{"not_picked":["FearNoEvil","Protect+1"],"picked":"CarveReality+1","floor":18.0},{"not_picked":["Collect","Evaluate"],"picked":"EmptyFist+1","floor":19.0},{"not_picked":["BowlingBash","Weave+1","SignatureMove"],"picked":"SKIP","floor":21.0},{"not_picked":["Nirvana","EmptyBody"],"picked":"DeusExMachina","floor":23.0},{"not_picked":["SignatureMove","Alpha","Wish"],"picked":"SKIP","floor":25.0},{"not_picked":["WaveOfTheHand+1","SashWhip","Wireheading"],"picked":"SKIP","floor":28.0},{"not_picked":["SpiritShield","Ragnarok"],"picked":"LessonLearned","floor":33.0},{"not_picked":["Crescendo","ClearTheMind"],"picked":"WindmillStrike+1","floor":35.0},{"not_picked":["Halt+1","WreathOfFlame+1"],"picked":"JustLucky+1","floor":38.0},{"not_picked":["SandsOfTime+1","EmptyBody+1","CrushJoints+1"],"picked":"SKIP","floor":39.0},{"not_picked":["TalkToTheHand","WaveOfTheHand","CrushJoints+1"],"picked":"SKIP","floor":40.0},{"not_picked":["ThirdEye","Nirvana+1","Protect"],"picked":"SKIP","floor":44.0},{"not_picked":["JustLucky+1","Vengeance+1"],"picked":"CutThroughFate","floor":45.0},{"not_picked":["Meditate","ReachHeaven","BowlingBash+1"],"picked":"SKIP","floor":47}],"player_experience":960483,"relics_obtained":[{"floor":9.0,"key":"StrikeDummy"},{"floor":13.0,"key":"Mercury Hourglass"},{"floor":23.0,"key":"Pen Nib"},{"floor":25.0,"key":"Bronze Scales"},{"floor":26.0,"key":"Pantograph"},{"floor":40.0,"key":"Whetstone"},{"floor":43.0,"key":"Darkstone Periapt"},{"floor":44.0,"key":"Mummified Hand"},{"floor":47,"key":"Prayer Wheel"}],"event_choices":[{"damage_healed":0.0,"max_hp_gain":0.0,"max_hp_loss":0.0,"gold_gain":0.0,"event_name":"Scrap Ooze","player_choice":"Success","floor":2.0,"gold_loss":0.0,"damage_taken":18.0,"relics_obtained":["Anchor"]},{"damage_healed":0.0,"max_hp_gain":0.0,"max_hp_loss":0.0,"gold_gain":75.0,"event_name":"World of Goop","player_choice":"Gather Gold","floor":3.0,"gold_loss":0.0,"damage_taken":11.0},{"damage_healed":0.0,"max_hp_gain":0.0,"max_hp_loss":0.0,"gold_gain":0.0,"event_name":"Lab","player_choice":"Got Potions","floor":7.0,"gold_loss":0.0,"damage_taken":0.0},{"damage_healed":0.0,"max_hp_gain":0.0,"max_hp_loss":0.0,"gold_gain":0.0,"event_name":"Addict","player_choice":"Obtained Relic","floor":20.0,"gold_loss":85.0,"damage_taken":0.0,"relics_obtained":["Dream Catcher"]},{"damage_healed":0.0,"max_hp_gain":0.0,"max_hp_loss":0.0,"gold_gain":0.0,"event_name":"The Mausoleum","player_choice":"Ignored","floor":31.0,"gold_loss":0.0,"damage_taken":0.0},{"damage_healed":0.0,"max_hp_gain":0.0,"max_hp_loss":0.0,"gold_gain":0.0,"event_name":"Upgrade Shrine","player_choice":"Upgraded","floor":36.0,"gold_loss":0.0,"damage_taken":0.0,"cards_upgraded":["LessonLearned"]},{"damage_healed":0.0,"max_hp_gain":0.0,"max_hp_loss":0.0,"gold_gain":0.0,"event_name":"WeMeetAgain","player_choice":"Gave Potion","floor":42.0,"gold_loss":0.0,"damage_taken":0.0,"relics_obtained":["Omamori"]}],"is_beta":false,"boss_relics":[{"not_picked":["Philosopher\u0027s Stone","SacredBark"],"picked":"SlaversCollar"},{"not_picked":["Pandora\u0027s Box","HolyWater"],"picked":"VioletLotus"}],"items_purged_floors":[37],"is_endless":false,"potions_floor_spawned":[4,11,16,18,28,33,35,45,47],"killed_by":"Donu and Deca","ascension_level":6}}