{"host":"ul3z8ex5o8l5j7mh","time":1613151057,"event":{"mods":["AchievementEnabler","BaseMod","Bestiary","Colored Map","Colored Powertips","DeckTracker","Keyboard Shortcuts","Minty Spire (QoL Compilation)","Relic Sorter","Relic Stats","SuperFastMode"],"gold_per_floor":[115,135,95,15,32,62,62,79,79,79,110,75,92,149,149,149,149],"floor_reached":16,"language":"ENG","playtime":569,"items_purged":[],"score":157,"play_id":"bc517eab-70a8-4028-99c3-8c6698b76de3","local_time":"20210212183057","is_ascension_mode":true,"campfire_choices":[{"data":"Metallicize","floor":7,"key":"SMITH"},{"data":"Evolve","floor":10,"key":"SMITH"},{"data":"Shockwave","floor":15,"key":"SMITH"}],"circlet_count":0,"master_deck":["Strike_R","Strike_R","Strike_R","Strike_R","Strike_R","Defend_R","Defend_R","Defend_R","Defend_R","Bash","Evolve+1","Metallicize+1","Whirlwind","Corruption+1","Thunderclap","Thunderclap","Sever Soul","Shockwave+1"],"relics":["Burning Blood","NeowsBlessing","Frozen Egg 2","Pear","Meat on the Bone","Magic Flower"],"acts_visited":["Exordium"],"potions_floor_usage":[6,6,6,11,14,16],"damage_taken":[{"damage":0.0,"enemies":"2 Louse","floor":1.0,"turns":1.0},{"damage":0.0,"enemies":"Cultist","floor":2.0,"turns":1.0},{"damage":0.0,"enemies":"Small Slimes","floor":5.0,"turns":2.0},{"damage":12,"enemies":"Gremlin Nob","floor":6,"turns":4},{"damage":16,"enemies":"2 Fungi Beasts","floor":8,"turns":3},{"damage":51,"enemies":"Lagavulin","floor":11,"turns":8},{"damage":14,"enemies":"Red Slaver","floor":13,"turns":5},{"damage":36,"enemies":"Lagavulin Event","floor":14,"turns":6},{"damage":54,"enemies":"The Guardian","floor":16,"turns":10}],"seed_played":"2110422816534916496","potions_obtained":[{"floor":1.0,"key":"ElixirPotion"},{"floor":3.0,"key":"Fruit Juice"},{"floor":3.0,"key":"BlessingOfTheForge"},{"floor":3.0,"key":"HeartOfIron"},{"floor":5.0,"key":"Fire Potion"},{"floor":8,"key":"DistilledChaos"},{"floor":13,"key":"SteroidPotion"},{"floor":14,"key":"Weak Potion"}],"is_trial":false,"path_per_floor":["M","M","?","$","M","E","R","M","T","R","E","?","M","?","R","B"],"character_chosen":"IRONCLAD","items_purchased":["Metallicize"],"campfire_rested":0,"item_purchase_floors":[4],"current_hp_per_floor":[80,80,80,80,85,79,79,69,79,79,34,57,61,52,52,0,0],"gold":149,"neow_bonus":"THREE_ENEMY_KILL","is_daily":false,"chose_seed":false,"campfire_upgraded":3,"win_rate":0.0,"timestamp":1613151057,"path_taken":["M","M","?","?","?","E","R","M","T","R","E","?","M","?","R","BOSS"],"items_purchased_type":["Card"],"build_version":"2020-12-22","purchased_purges":0,"victory":false,"max_hp_per_floor":[80,80,80,80,85,85,85,85,95,95,95,95,95,95,95,95,95],"relic_stats":{"counters":[9,40],"Magic Flower":[9],"obtain_stats":[{"Pear":9,"NeowsBlessing":0,"Magic Flower":14,"Frozen Egg 2":6,"Burning Blood":0,"Meat on the Bone":11},{"Pear":5,"NeowsBlessing":0,"Magic Flower":7,"Frozen Egg 2":4,"Burning Blood":0,"Meat on the Bone":6},{"Pear":11,"NeowsBlessing":0,"Magic Flower":24,"Frozen Egg 2":8,"Burning Blood":0,"Meat on the Bone":19}],"Burning Blood":33,"Meat on the Bone":30},"card_choices":[{"not_picked":["Wild Strike","Headbutt"],"picked":"Evolve","floor":1.0},{"not_picked":["Anger","Disarm","Armaments"],"picked":"SKIP","floor":2.0},{"not_picked":["Dual Wield","Burning Pact"],"picked":"Whirlwind","floor":5.0},{"not_picked":["Bloodletting","Armaments"],"picked":"Corruption+1","floor":6},{"not_picked":["Wild Strike","Body Slam"],"picked":"Thunderclap","floor":8},{"not_picked":["Bloodletting","Entrench"],"picked":"Thunderclap","floor":11},{"not_picked":["Body Slam","Wild Strike"],"picked":"Sever Soul","floor":13},{"not_picked":["Body Slam","Spot Weakness"],"picked":"Shockwave","floor":14}],"player_experience":351550,"relics_obtained":[{"floor":6,"key":"Frozen Egg 2"},{"floor":9,"key":"Pear"},{"floor":11,"key":"Meat on the Bone"}],"event_choices":[{"damage_healed":0.0,"max_hp_gain":0.0,"max_hp_loss":0.0,"gold_gain":0.0,"event_name":"The Woman in Blue","player_choice":"Bought 3 Potions","floor":3.0,"gold_loss":0.0,"damage_taken":0.0},{"damage_healed":23,"gold_gain":0,"player_choice":"Healed","damage_taken":0,"max_hp_gain":0,"max_hp_loss":0,"event_name":"The Cleric","floor":12,"gold_loss":35},{"damage_healed":0,"gold_gain":0,"player_choice":"Searched \u00272\u0027 times","damage_taken":0,"relics_obtained":["Magic Flower"],"max_hp_gain":0,"max_hp_loss":0,"event_name":"Dead Adventurer","floor":14,"gold_loss":0}],"is_beta":false,"boss_relics":[],"items_purged_floors":[],"is_endless":false,"potions_floor_spawned":[1,5,8,13,14],"killed_by":"The Guardian","ascension_level":4}}