{"host":"88hg6ocvqrqxrx5h","time":1613115652,"event":{"mods":["2.2 Compatiblity","BaseMod","Bestiary","Block Reminder","Colored Map","DeckTracker","Highlight Path","Minty Spire (QoL Compilation)","Relic Stats","Unceasing Turn Reminder","slay the spire mod where everything is the same but ironclad has a cowboy hat"],"gold_per_floor":[110,120,120,120,145,180,196,239,239,239,263,277,277,6,6,6,6],"floor_reached":16,"language":"ENG","playtime":880,"items_purged":["Injury"],"score":157,"play_id":"9ab76ba1-b153-4bed-a9ac-25c7f42d4750","local_time":"20210211234052","is_ascension_mode":true,"campfire_choices":[{"floor":10.0,"key":"REST"},{"data":"Dark Embrace","floor":13.0,"key":"SMITH"},{"data":"Heavy Blade","floor":15.0,"key":"SMITH"}],"circlet_count":0,"master_deck":["Strike_R","Strike_R","Strike_R","Defend_R","Defend_R","Defend_R","Defend_R","Bash","Clumsy","Feel No Pain","Power Through","Headbutt","Shockwave","Shrug It Off","Shrug It Off","Armaments","Heavy Blade+1","Dark Embrace+1","Spot Weakness","Warcry","Panacea"],"relics":["Burning Blood","Golden Idol","Vajra","Centennial Puzzle","Lizard Tail","The Courier","Membership Card","PreservedInsect"],"acts_visited":["Exordium"],"potions_floor_usage":[16],"damage_taken":[{"damage":5.0,"enemies":"2 Louse","floor":1.0,"turns":5.0},{"damage":8.0,"enemies":"Jaw Worm","floor":2.0,"turns":4.0},{"damage":6.0,"enemies":"Small Slimes","floor":5.0,"turns":4.0},{"damage":36.0,"enemies":"3 Sentries","floor":6.0,"turns":13.0},{"damage":37.0,"enemies":"Exordium Thugs","floor":7.0,"turns":9.0},{"damage":4.0,"enemies":"Lagavulin","floor":8.0,"turns":7.0},{"damage":0.0,"enemies":"2 Fungi Beasts","floor":11.0,"turns":5.0},{"damage":3.0,"enemies":"3 Louse","floor":12.0,"turns":6.0},{"damage":116,"enemies":"Slime Boss","floor":16,"turns":11}],"seed_played":"1366813690462412970","potions_obtained":[{"floor":7.0,"key":"PowerPotion"},{"floor":11.0,"key":"BloodPotion"}],"is_trial":false,"path_per_floor":["M","M","?","?","M","E","M","E","T","R","M","M","R","$","R","B"],"character_chosen":"IRONCLAD","items_purchased":["Membership Card","Warcry","PreservedInsect","Panacea"],"campfire_rested":1,"item_purchase_floors":[14,14,14,14],"current_hp_per_floor":[73,71,71,68,68,38,7,9,9,33,39,42,42,42,42,0,0],"gold":6,"neow_bonus":"TRANSFORM_TWO_CARDS","is_daily":false,"chose_seed":false,"campfire_upgraded":2,"win_rate":0.0,"timestamp":1613115652,"path_taken":["M","M","?","?","M","E","M","E","T","R","M","M","R","$","R","BOSS"],"items_purchased_type":["Relic","Card","Relic","Card"],"build_version":"2020-12-22","purchased_purges":1,"victory":false,"max_hp_per_floor":[80,80,80,80,80,80,80,80,80,80,80,80,80,80,80,80,80],"relic_stats":{"Centennial Puzzle":[12],"Lizard Tail":40,"counters":[9,64],"Golden Idol":32,"PreservedInsect":0,"obtain_stats":[{"Centennial Puzzle":6,"Lizard Tail":8,"Golden Idol":3,"Vajra":4,"The Courier":9,"PreservedInsect":14,"Membership Card":14,"Burning Blood":0},{"Centennial Puzzle":4,"Lizard Tail":6,"Golden Idol":2,"Vajra":2,"The Courier":6,"PreservedInsect":8,"Membership Card":8,"Burning Blood":0},{"Centennial Puzzle":26,"Lizard Tail":42,"Golden Idol":9,"Vajra":9,"The Courier":42,"PreservedInsect":53,"Membership Card":53,"Burning Blood":0}],"Burning Blood":48},"card_choices":[{"not_picked":["Perfected Strike","Thunderclap"],"picked":"Headbutt","floor":1.0},{"not_picked":["Heavy Blade","Armaments"],"picked":"Shockwave","floor":2.0},{"not_picked":["Offering","Anger"],"picked":"Shrug It Off","floor":5.0},{"not_picked":["Shockwave","Perfected Strike"],"picked":"Shrug It Off","floor":6.0},{"not_picked":["Body Slam","Headbutt"],"picked":"Armaments","floor":7.0},{"not_picked":["Headbutt","Sentinel"],"picked":"Heavy Blade","floor":8.0},{"not_picked":["Sword Boomerang","Blood for Blood"],"picked":"Dark Embrace","floor":11.0},{"not_picked":["Berserk","Clash"],"picked":"Spot Weakness","floor":12.0}],"player_experience":178069,"relics_obtained":[{"floor":6.0,"key":"Centennial Puzzle"},{"floor":8.0,"key":"Lizard Tail"},{"floor":9.0,"key":"The Courier"}],"event_choices":[{"damage_healed":0.0,"max_hp_gain":0.0,"max_hp_loss":0.0,"gold_gain":0.0,"event_name":"Golden Idol","player_choice":"Take Wound","floor":3.0,"gold_loss":0.0,"damage_taken":0.0,"relics_obtained":["Golden Idol"],"cards_obtained":["Injury"]},{"damage_healed":0.0,"max_hp_gain":0.0,"max_hp_loss":0.0,"gold_gain":0.0,"event_name":"Scrap Ooze","player_choice":"Success","floor":4.0,"gold_loss":0.0,"damage_taken":3.0,"relics_obtained":["Vajra"]}],"is_beta":false,"boss_relics":[],"items_purged_floors":[14],"is_endless":false,"potions_floor_spawned":[7,11],"killed_by":"Slime Boss","ascension_level":8}}