{"host":"fbdlh90rovbiajun","time":1613150207,"event":{"mods":["AchievementEnabler","BaseMod","Colored Map","Minty Spire (QoL Compilation)","SuperFastMode"],"gold_per_floor":[114,64,79,90,103,103,103,121,121,139,139,162,162,13,13,13,13],"floor_reached":16,"language":"KOR","playtime":415,"items_purged":["Defend_P"],"score":94,"play_id":"ce390946-12f5-4239-b910-8bcb2a955c6c","local_time":"20210213021647","is_ascension_mode":false,"campfire_choices":[{"data":"Vigilance","floor":6,"key":"SMITH"},{"data":"FlurryOfBlows","floor":13,"key":"SMITH"},{"data":"MentalFortress","floor":15,"key":"SMITH"}],"circlet_count":0,"master_deck":["Strike_P","Strike_P","Strike_P","Defend_P","Defend_P","Eruption+1","Vigilance+1","FlurryOfBlows+1","MentalFortress+1"],"relics":["PureWater","Calipers","Golden Idol"],"acts_visited":["Exordium"],"potions_floor_usage":[16,16,16],"damage_taken":[{"damage":0,"enemies":"Cultist","floor":1,"turns":3},{"damage":1,"enemies":"Jaw Worm","floor":3,"turns":3},{"damage":0,"enemies":"2 Louse","floor":4,"turns":2},{"damage":11,"enemies":"Blue Slaver","floor":5,"turns":2},{"damage":21,"enemies":"Red Slaver","floor":8,"turns":2},{"damage":5,"enemies":"3 Louse","floor":10,"turns":2},{"damage":10,"enemies":"Looter","floor":12,"turns":2},{"damage":15,"enemies":"Slime Boss","floor":16,"turns":4}],"seed_played":"-7088742960231238671","potions_obtained":[{"floor":1,"key":"StancePotion"},{"floor":3,"key":"SteroidPotion"},{"floor":10,"key":"Explosive Potion"}],"is_trial":false,"path_per_floor":["M","?","M","M","M","R","?","M","T","M","?","M","R","$","R","B"],"character_chosen":"WATCHER","items_purchased":["MentalFortress"],"campfire_rested":0,"item_purchase_floors":[14],"current_hp_per_floor":[72,72,71,71,60,60,60,39,39,34,16,6,6,6,6,0,0],"gold":13,"neow_bonus":"UPGRADE_CARD","is_daily":false,"chose_seed":false,"campfire_upgraded":3,"win_rate":0.0,"timestamp":1613150207,"path_taken":["M","?","M","M","M","R","?","?","T","M","?","M","R","$","R","BOSS"],"items_purchased_type":["Card"],"build_version":"2020-12-22","purchased_purges":1,"victory":false,"max_hp_per_floor":[72,72,72,72,72,72,72,72,72,72,72,72,72,72,72,72,72],"card_choices":[{"not_picked":["ForeignInfluence","EmptyFist","Prostrate"],"picked":"SKIP","floor":1},{"not_picked":["Prostrate","ClearTheMind","ThirdEye"],"picked":"SKIP","floor":3},{"not_picked":["WaveOfTheHand","ClearTheMind","CutThroughFate"],"picked":"SKIP","floor":4},{"not_picked":["Conclude","Nirvana","Protect"],"picked":"SKIP","floor":5},{"not_picked":["Brilliance","FlyingSleeves"],"picked":"FlurryOfBlows","floor":8},{"not_picked":["FollowUp","PathToVictory","Tantrum"],"picked":"SKIP","floor":10},{"not_picked":["EmptyMind","Prostrate","LikeWater"],"picked":"SKIP","floor":12}],"player_experience":15401,"relics_obtained":[{"floor":9,"key":"Calipers"}],"event_choices":[{"cards_removed":["Defend_P"],"damage_healed":0,"gold_gain":0,"player_choice":"Card Removal","damage_taken":0,"max_hp_gain":0,"max_hp_loss":0,"event_name":"The Cleric","floor":2,"gold_loss":50},{"cards_removed":["Strike_P"],"damage_healed":0,"gold_gain":0,"player_choice":"Offered Basic","damage_taken":0,"max_hp_gain":0,"max_hp_loss":0,"event_name":"Bonfire Elementals","floor":7,"gold_loss":0},{"damage_healed":0,"gold_gain":0,"player_choice":"Take Damage","damage_taken":18,"relics_obtained":["Golden Idol"],"max_hp_gain":0,"max_hp_loss":0,"event_name":"Golden Idol","floor":11,"gold_loss":0}],"is_beta":false,"boss_relics":[],"items_purged_floors":[14],"is_endless":false,"potions_floor_spawned":[1,3,10],"killed_by":"Slime Boss","ascension_level":0}}