{"host":"9z6a73ubmgnn64m2","time":1613097967,"event":{"mods":["BaseMod","Bestiary","Colored Map","Highlight Path","Minty Spire (QoL Compilation)"],"gold_per_floor":[110,124,124,299,313,313,326,24,24,24,99,99,124,135,135,240,240,254,254,529,19,37,71,71,94,94,94,124,158,170,23,23,122,122,135,149,162,172,189,189,189,203,203,25,77,90,90,109,109,109,109],"floor_reached":50,"language":"ENG","playtime":13324,"items_purged":["Doubt","Regret"],"score":557,"play_id":"af3a1533-903c-4305-b819-33eb0e618fff","local_time":"20210211224607","is_ascension_mode":false,"campfire_choices":[{"data":"Bludgeon","floor":6.0,"key":"SMITH"},{"data":"Body Slam","floor":10.0,"key":"SMITH"},{"floor":12.0,"key":"REST"},{"data":"Armaments","floor":15.0,"key":"SMITH"},{"data":"Feel No Pain","floor":24.0,"key":"SMITH"},{"data":"Power Through","floor":32.0,"key":"SMITH"},{"floor":40.0,"key":"REST"},{"floor":47.0,"key":"REST"},{"floor":49.0,"key":"REST"}],"circlet_count":0,"master_deck":["Defend_R","Defend_R","Defend_R","Defend_R","Bash","Bludgeon+1","Rampage","Twin Strike","Armaments+1","Body Slam+1","Shrug It Off","Feel No Pain+1","Ghostly Armor","Berserk","Power Through+1","RitualDagger","Flex+1","Double Tap","Bite+1","Bite+1","Bite+1","Bite+1","Bite+1","Uppercut+1","Fiend Fire+1","Cleave+1","Feed+1","Dual Wield+1","Headbutt+1","Heavy Blade+1","Shockwave+1","Seeing Red+1","Madness+1","Madness+1","Intimidate+1","Flex+1","Reaper+1","Carnage+1","Parasite","Thunderclap+1"],"relics":["Black Blood","Vajra","Medical Kit","Meat on the Bone","Torii","Letter Opener","Centennial Puzzle","Gremlin Horn","Potion Belt","Molten Egg 2","Red Mask","Toxic Egg 2","Bronze Scales","Fusion Hammer","Kunai","TheAbacus","CaptainsWheel"],"acts_visited":["Exordium","TheCity","TheBeyond"],"potions_floor_usage":[50],"damage_taken":[{"damage":1.0,"enemies":"Cultist","floor":1.0,"turns":3.0},{"damage":2.0,"enemies":"2 Louse","floor":2.0,"turns":3.0},{"damage":12.0,"enemies":"Small Slimes","floor":5.0,"turns":4.0},{"damage":16.0,"enemies":"Red Slaver","floor":7.0,"turns":3.0},{"damage":14.0,"enemies":"Gremlin Nob","floor":13.0,"turns":3.0},{"damage":0.0,"enemies":"Exordium Wildlife","floor":14.0,"turns":4.0},{"damage":8.0,"enemies":"The Guardian","floor":16.0,"turns":14.0},{"damage":24.0,"enemies":"Chosen","floor":18.0,"turns":9.0},{"damage":6.0,"enemies":"3 Byrds","floor":22.0,"turns":5.0},{"damage":35.0,"enemies":"Book of Stabbing","floor":23.0,"turns":5.0},{"damage":2.0,"enemies":"Masked Bandits","floor":28.0,"turns":4.0},{"damage":40.0,"enemies":"Slavers","floor":29.0,"turns":7.0},{"damage":14.0,"enemies":"Centurion and Healer","floor":30.0,"turns":4.0},{"damage":60.0,"enemies":"Collector","floor":33.0,"turns":11.0},{"damage":7.0,"enemies":"Orb Walker","floor":35.0,"turns":3.0},{"damage":10.0,"enemies":"3 Shapes","floor":36.0,"turns":8.0},{"damage":1.0,"enemies":"Jaw Worm Horde","floor":37.0,"turns":3.0},{"damage":64.0,"enemies":"Maw","floor":38.0,"turns":8.0},{"damage":61.0,"enemies":"Spire Growth","floor":39.0,"turns":5.0},{"damage":29.0,"enemies":"Transient","floor":42.0,"turns":5.0},{"damage":35.0,"enemies":"2 Orb Walkers","floor":45.0,"turns":6.0},{"damage":19.0,"enemies":"Maw","floor":46.0,"turns":9.0},{"damage":3.0,"enemies":"Writhing Mass","floor":48.0,"turns":5.0},{"damage":97,"enemies":"Donu and Deca","floor":50,"turns":11}],"seed_played":"-2847285422288963597","potions_obtained":[{"floor":1.0,"key":"ColorlessPotion"},{"floor":14.0,"key":"SneckoOil"},{"floor":28.0,"key":"SmokeBomb"},{"floor":29.0,"key":"BlessingOfTheForge"},{"floor":30.0,"key":"ColorlessPotion"},{"floor":37.0,"key":"Strength Potion"},{"floor":39.0,"key":"AttackPotion"},{"floor":42.0,"key":"SpeedPotion"}],"is_trial":false,"path_per_floor":["M","M","T","?","M","R","M","$","T","R","?","R","E","M","R","B",null,"M","?","?","$","M","E","R","T","T","?","?","E","M","$","R","B",null,"M","M","M","M","M","R","?","M","T","$","?","M","R","M","R","B"],"character_chosen":"IRONCLAD","items_purchased":["Medical Kit","BloodPotion","Shrug It Off","Letter Opener","Centennial Puzzle","Bronze Scales","TheAbacus","Flex+1"],"campfire_rested":4,"item_purchase_floors":[8,8,8,21,21,31,44,44],"current_hp_per_floor":[80,80,80,80,74,74,64,64,64,64,56,80,72,78,78,76,80,68,62,62,62,68,57,57,57,57,56,56,52,56,56,56,47,56,60,64,68,46,37,57,48,58,58,58,51,72,72,72,72,0,0],"gold":109,"neow_bonus":"ONE_RANDOM_RARE_CARD","is_daily":false,"chose_seed":false,"campfire_upgraded":5,"win_rate":0.0,"timestamp":1613097967,"path_taken":["M","M","?","?","M","R","M","$","T","R","?","R","E","?","R","BOSS","M","?","?","$","?","E","R","?","T","?","?","E","?","?","R","BOSS","M","M","M","M","M","R","?","M","T","$","?","M","R","M","R","BOSS"],"items_purchased_type":["Relic","Potion","Card","Relic","Relic","Relic","Relic","Card"],"build_version":"2020-12-22","purchased_purges":2,"victory":false,"max_hp_per_floor":[80,80,80,80,80,80,80,80,80,80,80,80,80,80,80,80,80,80,80,80,80,80,80,80,80,80,56,56,56,56,56,56,56,56,60,64,68,68,68,68,68,68,68,68,72,72,72,72,72,72,72],"card_choices":[{"not_picked":["Second Wind","Shrug It Off"],"picked":"Rampage","floor":1.0},{"not_picked":["Rage","Sever Soul"],"picked":"Twin Strike","floor":2.0},{"not_picked":["Clash","True Grit"],"picked":"Armaments","floor":5.0},{"not_picked":["Perfected Strike","Combust"],"picked":"Body Slam","floor":7.0},{"not_picked":["Perfected Strike","Shrug It Off"],"picked":"Feel No Pain","floor":13.0},{"not_picked":["Hemokinesis","Shrug It Off"],"picked":"Ghostly Armor","floor":14.0},{"not_picked":["Offering","Juggernaut"],"picked":"Berserk","floor":16.0},{"not_picked":["Rupture","Shockwave+1"],"picked":"Power Through","floor":18.0},{"not_picked":["Clash","Sword Boomerang"],"picked":"Flex+1","floor":22.0},{"not_picked":["Perfected Strike","Flex"],"picked":"Double Tap","floor":23.0},{"not_picked":["Flex+1","Clash+1"],"picked":"Uppercut+1","floor":28.0},{"not_picked":["Clothesline+1","Fire Breathing"],"picked":"Fiend Fire+1","floor":29.0},{"not_picked":["Clash+1","Warcry+1"],"picked":"Cleave+1","floor":30.0},{"not_picked":["Berserk","Demon Form"],"picked":"Feed+1","floor":33.0},{"not_picked":["True Grit+1","Flame Barrier+1"],"picked":"Dual Wield+1","floor":35.0},{"not_picked":["Clothesline+1","Shrug It Off+1"],"picked":"Headbutt+1","floor":36.0},{"not_picked":["Corruption","Headbutt+1"],"picked":"Heavy Blade+1","floor":37.0},{"not_picked":["Pommel Strike+1","Warcry+1"],"picked":"Shockwave+1","floor":38.0},{"not_picked":["Perfected Strike+1","Heavy Blade+1"],"picked":"Seeing Red+1","floor":39.0},{"not_picked":["Cleave+1","Warcry+1"],"picked":"Intimidate+1","floor":42.0},{"not_picked":["Sword Boomerang+1","Anger+1"],"picked":"Reaper+1","floor":45.0},{"not_picked":["Clash+1","Anger+1"],"picked":"Carnage+1","floor":46.0},{"not_picked":["Twin Strike+1","Body Slam+1"],"picked":"Thunderclap+1","floor":48.0}],"player_experience":65265,"relics_obtained":[{"floor":3.0,"key":"Vajra"},{"floor":9.0,"key":"Meat on the Bone"},{"floor":13.0,"key":"Torii"},{"floor":23.0,"key":"Gremlin Horn"},{"floor":25.0,"key":"Potion Belt"},{"floor":26.0,"key":"Molten Egg 2"},{"floor":28.0,"key":"Red Mask"},{"floor":29.0,"key":"Toxic Egg 2"},{"floor":43.0,"key":"Kunai"},{"floor":45.0,"key":"CaptainsWheel"}],"event_choices":[{"damage_healed":0.0,"max_hp_gain":0.0,"max_hp_loss":0.0,"gold_gain":175.0,"event_name":"Liars Game","player_choice":"AGREE","floor":4.0,"gold_loss":0.0,"damage_taken":0.0,"cards_obtained":["Doubt"]},{"damage_healed":0.0,"max_hp_gain":0.0,"max_hp_loss":0.0,"gold_gain":75.0,"event_name":"FaceTrader","player_choice":"Touch","floor":11.0,"gold_loss":0.0,"damage_taken":8.0},{"damage_healed":0.0,"max_hp_gain":0.0,"max_hp_loss":0.0,"gold_gain":0.0,"event_name":"Nest","player_choice":"Joined the Cult","floor":19.0,"gold_loss":0.0,"damage_taken":6.0,"cards_obtained":["RitualDagger"]},{"damage_healed":0.0,"max_hp_gain":0.0,"max_hp_loss":0.0,"gold_gain":275.0,"event_name":"Golden Shrine","player_choice":"Desecrate","floor":20.0,"gold_loss":0.0,"damage_taken":0.0,"cards_obtained":["Regret"]},{"damage_healed":0.0,"max_hp_gain":0.0,"max_hp_loss":24.0,"gold_gain":0.0,"event_name":"Vampires","player_choice":"Became a vampire","floor":27.0,"gold_loss":0.0,"damage_taken":0.0,"cards_obtained":["Bite","Bite","Bite","Bite","Bite"]},{"damage_healed":0.0,"max_hp_gain":0.0,"max_hp_loss":0.0,"gold_gain":0.0,"event_name":"Masked Bandits","player_choice":"Fought Bandits","floor":28.0,"gold_loss":0.0,"damage_taken":0.0},{"damage_healed":0.0,"max_hp_gain":0.0,"max_hp_loss":0.0,"gold_gain":0.0,"event_name":"Winding Halls","player_choice":"Embrace Madness","floor":41.0,"gold_loss":0.0,"damage_taken":9.0,"cards_obtained":["Madness","Madness"]},{"damage_healed":0.0,"max_hp_gain":0.0,"max_hp_loss":0.0,"gold_gain":0.0,"event_name":"Mysterious Sphere","player_choice":"Fight","floor":45.0,"gold_loss":0.0,"damage_taken":0.0}],"is_beta":false,"boss_relics":[{"not_picked":["Runic Cube","Astrolabe"],"picked":"Black Blood"},{"not_picked":["Velvet Choker","Snecko Eye"],"picked":"Fusion Hammer"}],"items_purged_floors":[8,21],"is_endless":false,"potions_floor_spawned":[1,14,16,28,29,30,33,35,37,39,42,48],"killed_by":"Donu and Deca","ascension_level":0}}