{"host":"ln8zowmpyx5bxamj","time":1613091491,"event":{"mods":["Act Like it!","BaseMod","CapriCore","Colored Map","Conspire","Gensokyo","GifTheSpireLib","Hallownest","Hubris","KomeijiMod","Minty Spire (QoL Compilation)","Permanent Neow","Replay The Spire","StSLib","The Immortal","Uncapped","Yuyuko"],"gold_per_floor":[116,127,147,158,258,288,306,306,306,306],"floor_reached":8,"language":"ENG","playtime":1215,"items_purged":[],"score":60,"play_id":"085fc4e5-c7b5-4016-9f2f-4c09ab045c33","local_time":"20210211185811","is_ascension_mode":false,"campfire_choices":[],"circlet_count":0,"master_deck":["MokouMod:Strike","MokouMod:Strike","MokouMod:Strike","MokouMod:Strike","MokouMod:Strike","MokouMod:Defend","MokouMod:Defend","MokouMod:Defend","MokouMod:Defend","MokouMod:HeatSpark","MokouMod:Afterburner","MokouMod:Combust","MokouMod:Sear","MokouMod:HouraiForge","MokouMod:ScorchedEarth"],"relics":["conspire:RoyalGoblet","Mercury Hourglass"],"acts_visited":["Exordium"],"potions_floor_usage":[4,4,6,8],"damage_taken":[{"damage":4,"enemies":"Cultist","floor":1,"turns":4},{"damage":6,"enemies":"Jaw Worm","floor":2,"turns":4},{"damage":2,"enemies":"2 Louse","floor":3,"turns":4},{"damage":12,"enemies":"Looter","floor":4,"turns":4},{"damage":51,"enemies":"Gremlin Nob","floor":6,"turns":6},{"damage":25,"enemies":"Large Slime","floor":7,"turns":6},{"damage":38,"enemies":"3 Sentries","floor":8,"turns":8}],"seed_played":"445605322690069340","potions_obtained":[{"floor":1,"key":"PowerPotion"},{"floor":2,"key":"AttackPotion"},{"floor":3,"key":"ColorlessPotion"},{"floor":7,"key":"Block Potion"}],"is_trial":false,"path_per_floor":["M","M","M","M","?","E","M","E"],"character_chosen":"MKU","items_purchased":[],"campfire_rested":0,"item_purchase_floors":[],"current_hp_per_floor":[71,65,63,51,51,18,11,0,0,0],"gold":306,"neow_bonus":"BOSS_RELIC","is_daily":false,"chose_seed":false,"campfire_upgraded":0,"win_rate":0.0,"timestamp":1613091491,"path_taken":["M","M","?","M","?","E","M","E"],"items_purchased_type":[],"build_version":"2020-12-22","purchased_purges":0,"victory":false,"max_hp_per_floor":[75,75,75,75,75,75,75,75,75,75],"card_choices":[{"not_picked":["MokouMod:Sear","MokouMod:FlareStarter"],"picked":"MokouMod:Afterburner","floor":1},{"not_picked":["MokouMod:InfernalWave","MokouMod:AdaptivePyromancy"],"picked":"MokouMod:Combust","floor":2},{"not_picked":["MokouMod:IcarusDive","MokouMod:Firecracker"],"picked":"MokouMod:Sear","floor":3},{"not_picked":["MokouMod:FujiyamaVolcano","MokouMod:Stoke","MokouMod:SearingShot"],"picked":"SKIP","floor":4},{"not_picked":["MokouMod:InfernalWave","MokouMod:BurningDraft"],"picked":"MokouMod:HouraiForge","floor":6},{"not_picked":["MokouMod:UncontrollableSolarReaction","MokouMod:Sear"],"picked":"MokouMod:ScorchedEarth","floor":7}],"player_experience":338498,"relics_obtained":[{"floor":6,"key":"Mercury Hourglass"}],"event_choices":[{"damage_healed":0,"gold_gain":100,"player_choice":"Pray","damage_taken":0,"max_hp_gain":0,"max_hp_loss":0,"event_name":"Golden Shrine","floor":5,"gold_loss":0}],"is_beta":false,"boss_relics":[],"items_purged_floors":[],"is_endless":false,"potions_floor_spawned":[1,2,3,7],"killed_by":"3 Sentries","ascension_level":0}}