{"host":"7gewg82ormp6yt4e","time":1613139307,"event":{"mods":["BaseMod","Block Reminder","Colored Map","DeckTracker","Highlight Path","Minty Spire (QoL Compilation)","Relic Stats","StSLib","ojb\u0027s Info Mod"],"gold_per_floor":[115,115,115,37,54,83,83,112,138,138,157,82,82,99,99,173,173,191,191,209,209,14,48,48,80,131,56,71,90,118,168,168,242,242,279,279,333,333,369,369,411,69,69,96,96,96,139,199,199,199,199,199,199,0,27,27,27],"floor_reached":56,"language":"JPN","playtime":5633,"items_purged":["Regret"],"score":2188,"play_id":"1c66a6d7-dc21-436a-a511-c1d26c1e22fc","local_time":"20210212231507","is_ascension_mode":true,"campfire_choices":[{"data":"SandsOfTime","floor":7.0,"key":"SMITH"},{"data":"CrushJoints","floor":13.0,"key":"SMITH"},{"data":"Eruption","floor":15.0,"key":"SMITH"},{"floor":24.0,"key":"REST"},{"floor":32.0,"key":"REST"},{"floor":40.0,"key":"REST"},{"floor":45.0,"key":"RECALL"},{"floor":49.0,"key":"REST"},{"floor":53,"key":"REST"}],"circlet_count":0,"master_deck":["AscendersBane","Strike_P+1","Strike_P","Defend_P","Defend_P","Defend_P","Defend_P+1","Eruption+1","Vigilance","Crescendo","EmptyFist","Halt","ClearTheMind","SandsOfTime+1","CutThroughFate","CrushJoints+1","Adaptation","DevaForm","EmptyBody","BowlingBash","FearNoEvil","FearNoEvil","EmptyBody","Devotion","SignatureMove","Crescendo","Wireheading+1","Wish","ThirdEye","Worship","Brilliance","CrushJoints+1","CutThroughFate","MentalFortress","ThirdEye+1"],"relics":["PureWater","NeowsBlessing","Centennial Puzzle","TeardropLocket","Regal Pillow","Pear","Fusion Hammer","Yang","Tiny Chest","Strawberry","FossilizedHelix","Runic Pyramid","Unceasing Top","ClockworkSouvenir","GoldenEye","Oddly Smooth Stone","Nunchaku","Sundial"],"acts_visited":["Exordium","TheCity","TheBeyond","TheEnding"],"potions_floor_usage":[51,56],"damage_taken":[{"damage":0.0,"enemies":"2 Louse","floor":1.0,"turns":1.0},{"damage":0.0,"enemies":"Cultist","floor":5.0,"turns":1.0},{"damage":0.0,"enemies":"Lagavulin","floor":6.0,"turns":1.0},{"damage":0.0,"enemies":"Gremlin Nob","floor":8.0,"turns":2.0},{"damage":0.0,"enemies":"Small Slimes","floor":11.0,"turns":1.0},{"damage":3.0,"enemies":"2 Fungi Beasts","floor":14.0,"turns":2.0},{"damage":26.0,"enemies":"Hexaghost","floor":16.0,"turns":7.0},{"damage":0.0,"enemies":"Chosen","floor":18.0,"turns":2.0},{"damage":1.0,"enemies":"Spheric Guardian","floor":20.0,"turns":3.0},{"damage":13.0,"enemies":"Gremlin Leader","floor":23.0,"turns":3.0},{"damage":14.0,"enemies":"Book of Stabbing","floor":25.0,"turns":3.0},{"damage":5.0,"enemies":"Snecko","floor":28.0,"turns":3.0},{"damage":17.0,"enemies":"Snake Plant","floor":29.0,"turns":4.0},{"damage":8.0,"enemies":"Gremlin Leader","floor":30.0,"turns":4.0},{"damage":42.0,"enemies":"Champ","floor":33.0,"turns":8.0},{"damage":0.0,"enemies":"Orb Walker","floor":35.0,"turns":4.0},{"damage":47.0,"enemies":"2 Orb Walkers","floor":37.0,"turns":6.0},{"damage":0.0,"enemies":"3 Shapes","floor":39.0,"turns":5.0},{"damage":3.0,"enemies":"Transient","floor":41.0,"turns":6.0},{"damage":30.0,"enemies":"Reptomancer","floor":44.0,"turns":6.0},{"damage":6.0,"enemies":"3 Darklings","floor":47.0,"turns":6.0},{"damage":9.0,"enemies":"Giant Head","floor":48.0,"turns":7.0},{"damage":64.0,"enemies":"Awakened One","floor":50.0,"turns":12.0},{"damage":0,"enemies":"Donu and Deca","floor":51,"turns":13},{"damage":36,"enemies":"Shield and Spear","floor":55,"turns":8},{"damage":59,"enemies":"The Heart","floor":56,"turns":5}],"seed_played":"5383783650360001577","potions_obtained":[{"floor":1.0,"key":"ColorlessPotion"},{"floor":3.0,"key":"Fire Potion"},{"floor":11.0,"key":"StancePotion"},{"floor":16.0,"key":"BlessingOfTheForge"},{"floor":23.0,"key":"Fruit Juice"},{"floor":29.0,"key":"ColorlessPotion"},{"floor":30.0,"key":"SpeedPotion"},{"floor":33.0,"key":"Fire Potion"},{"floor":37.0,"key":"Energy Potion"},{"floor":41.0,"key":"Regen Potion"},{"floor":44.0,"key":"Block Potion"},{"floor":48.0,"key":"PowerPotion"}],"is_trial":false,"path_per_floor":["M","?","?","$","M","E","R","E","T","?","M","$","R","M","R","B",null,"M","?","M","?","$","E","R","E","T","?","M","M","E","?","R","B",null,"M","T","?","$","M","R","M","$","T","E","R","?","M","E","R","B","B",null,"R","$","E","B"],"character_chosen":"WATCHER","items_purchased":["EmptyFist","Halt","FearNoEvil","CultistPotion","ClockworkSouvenir","Brilliance","Ambrosia","MentalFortress","CultistPotion"],"campfire_rested":5,"item_purchase_floors":[4,4,22,22,42,42,42,54,54],"current_hp_per_floor":[61,41,41,41,41,41,41,41,41,51,51,51,51,48,48,22,64,64,64,63,63,63,50,78,64,71,71,66,49,41,33,73,36,77,77,77,30,30,30,72,69,69,69,53,53,53,47,38,80,16,16,72,90,90,54,0,0],"gold":27,"neow_bonus":"THREE_ENEMY_KILL","is_daily":false,"chose_seed":false,"campfire_upgraded":3,"win_rate":0.0,"timestamp":1613139307,"path_taken":["M","?","?","$","?","E","R","E","T","?","M","$","R","M","R","BOSS","M","?","M","?","$","E","R","E","T","?","M","?","E","?","R","BOSS","M","?","?","$","M","R","M","$","T","E","R","?","M","E","R","BOSS","BOSS","R","$","E","BOSS"],"items_purchased_type":["Card","Card","Card","Potion","Relic","Card","Potion","Card","Potion"],"build_version":"2020-12-22","purchased_purges":1,"victory":false,"max_hp_per_floor":[68,68,68,68,68,68,68,68,68,78,78,78,78,78,78,78,78,78,78,78,78,78,78,78,78,85,85,85,85,85,85,85,90,90,90,90,90,90,90,90,90,90,90,90,90,90,90,90,90,90,90,90,90,90,90,90,90],"relic_stats":{"Centennial Puzzle":[51],"Regal Pillow":50,"Nunchaku":[10],"counters":[26,123],"Sundial":[0],"Yang":[255],"Tiny Chest":1,"GoldenEye":[104],"obtain_stats":[{"Regal Pillow":9,"Pear":10,"NeowsBlessing":0,"Oddly Smooth Stone":44,"Yang":23,"TeardropLocket":8,"GoldenEye":43,"ClockworkSouvenir":42,"Centennial Puzzle":6,"Nunchaku":48,"Sundial":55,"Strawberry":26,"Tiny Chest":25,"Fusion Hammer":17,"PureWater":0,"FossilizedHelix":30,"Unceasing Top":37,"Runic Pyramid":34},{"Regal Pillow":4,"Pear":4,"NeowsBlessing":0,"Oddly Smooth Stone":20,"Yang":10,"TeardropLocket":4,"GoldenEye":19,"ClockworkSouvenir":19,"Centennial Puzzle":3,"Nunchaku":22,"Sundial":25,"Strawberry":11,"Tiny Chest":11,"Fusion Hammer":7,"PureWater":0,"FossilizedHelix":14,"Unceasing Top":17,"Runic Pyramid":15},{"Regal Pillow":5,"Pear":5,"NeowsBlessing":0,"Oddly Smooth Stone":72,"Yang":23,"TeardropLocket":5,"GoldenEye":66,"ClockworkSouvenir":66,"Centennial Puzzle":3,"Nunchaku":85,"Sundial":118,"Strawberry":26,"Tiny Chest":26,"Fusion Hammer":15,"PureWater":0,"FossilizedHelix":37,"Unceasing Top":55,"Runic Pyramid":45}],"Unceasing Top":[10]},"card_choices":[{"not_picked":["WreathOfFlame","Nirvana"],"picked":"Crescendo","floor":1.0},{"not_picked":["FlurryOfBlows","Evaluate"],"picked":"ClearTheMind","floor":5.0},{"not_picked":["PathToVictory","SashWhip"],"picked":"SandsOfTime","floor":6.0},{"not_picked":["Halt","MasterReality"],"picked":"CutThroughFate","floor":8.0},{"not_picked":["JustLucky","SashWhip"],"picked":"CrushJoints","floor":11.0},{"not_picked":["DeceiveReality","Halt"],"picked":"Adaptation","floor":14.0},{"not_picked":["Scrawl","Brilliance"],"picked":"DevaForm","floor":16.0},{"not_picked":["ReachHeaven","CrushJoints+1"],"picked":"EmptyBody","floor":18.0},{"not_picked":["EmptyMind","Consecrate"],"picked":"BowlingBash","floor":20.0},{"not_picked":["Conclude","BowlingBash"],"picked":"EmptyBody","floor":23.0},{"not_picked":["Protect","EmptyFist","Establishment"],"picked":"SKIP","floor":25.0},{"not_picked":["Evaluate","EmptyMind","ClearTheMind"],"picked":"SKIP","floor":28.0},{"not_picked":["ReachHeaven","PathToVictory"],"picked":"Crescendo","floor":29.0},{"not_picked":["SandsOfTime","LikeWater"],"picked":"Wireheading+1","floor":30.0},{"not_picked":["DeusExMachina","Blasphemy"],"picked":"Wish","floor":33.0},{"not_picked":["FollowUp","Adaptation"],"picked":"ThirdEye","floor":35.0},{"not_picked":["CrushJoints+1","SandsOfTime"],"picked":"Worship","floor":37.0},{"not_picked":["FlyingSleeves","BattleHymn+1","PathToVictory+1"],"picked":"SKIP","floor":39.0},{"not_picked":["Consecrate","WreathOfFlame","Weave"],"picked":"SKIP","floor":41.0},{"not_picked":["Crescendo+1","Perseverance"],"picked":"CrushJoints+1","floor":44.0},{"not_picked":["Alpha","PathToVictory+1"],"picked":"CutThroughFate","floor":47.0},{"not_picked":["ForeignInfluence","ClearTheMind","CutThroughFate"],"picked":"SKIP","floor":48.0},{"not_picked":["Ragnarok","DevaForm"],"picked":"ThirdEye+1","floor":55}],"player_experience":2842361,"relics_obtained":[{"floor":6.0,"key":"Centennial Puzzle"},{"floor":8.0,"key":"TeardropLocket"},{"floor":9.0,"key":"Regal Pillow"},{"floor":23.0,"key":"Yang"},{"floor":25.0,"key":"Tiny Chest"},{"floor":26.0,"key":"Strawberry"},{"floor":30.0,"key":"FossilizedHelix"},{"floor":37.0,"key":"Unceasing Top"},{"floor":43.0,"key":"GoldenEye"},{"floor":44.0,"key":"Oddly Smooth Stone"},{"floor":48.0,"key":"Nunchaku"},{"floor":55,"key":"Sundial"}],"event_choices":[{"damage_healed":0.0,"max_hp_gain":0.0,"max_hp_loss":0.0,"gold_gain":0.0,"event_name":"Shining Light","player_choice":"Entered Light","floor":2.0,"gold_loss":0.0,"damage_taken":20.0,"cards_upgraded":["Strike_P","Defend_P"]},{"damage_healed":0.0,"max_hp_gain":0.0,"max_hp_loss":0.0,"gold_gain":0.0,"event_name":"Lab","player_choice":"Got Potions","floor":3.0,"gold_loss":0.0,"damage_taken":0.0},{"damage_healed":0.0,"max_hp_gain":0.0,"max_hp_loss":0.0,"gold_gain":0.0,"event_name":"Big Fish","player_choice":"Box","floor":10.0,"gold_loss":0.0,"damage_taken":0.0,"relics_obtained":["Pear"],"cards_obtained":["Regret"]},{"damage_healed":0.0,"max_hp_gain":0.0,"max_hp_loss":0.0,"gold_gain":0.0,"event_name":"Vampires","player_choice":"Ignored","floor":19.0,"gold_loss":0.0,"damage_taken":0.0},{"damage_healed":0.0,"max_hp_gain":0.0,"max_hp_loss":0.0,"gold_gain":0.0,"event_name":"The Library","player_choice":"Read","floor":21.0,"gold_loss":0.0,"damage_taken":0.0,"cards_obtained":["FearNoEvil"]},{"damage_healed":0.0,"max_hp_gain":0.0,"max_hp_loss":0.0,"gold_gain":0.0,"cards_transformed":["Strike_P","Strike_P"],"event_name":"Designer","player_choice":"Transformed Cards","floor":27.0,"gold_loss":75.0,"damage_taken":0.0,"cards_obtained":["Devotion","SignatureMove"]},{"damage_healed":0.0,"max_hp_gain":0.0,"max_hp_loss":0.0,"gold_gain":50.0,"event_name":"FaceTrader","player_choice":"Touch","floor":31.0,"gold_loss":0.0,"damage_taken":8.0},{"damage_healed":0.0,"max_hp_gain":0.0,"max_hp_loss":0.0,"gold_gain":0.0,"event_name":"Mysterious Sphere","player_choice":"Fight","floor":37.0,"gold_loss":0.0,"damage_taken":0.0},{"damage_healed":0.0,"max_hp_gain":0.0,"max_hp_loss":0.0,"gold_gain":0.0,"event_name":"SecretPortal","player_choice":"Ignored","floor":46.0,"gold_loss":0.0,"damage_taken":0.0}],"is_beta":false,"boss_relics":[{"not_picked":["Velvet Choker","Coffee Dripper"],"picked":"Fusion Hammer"},{"not_picked":["Calling Bell","SlaversCollar"],"picked":"Runic Pyramid"}],"items_purged_floors":[12],"is_endless":false,"potions_floor_spawned":[1,5,11,16,20,23,29,30,33,37,41,44,48],"killed_by":"The Heart","ascension_level":20}}