{"host":"mqhvlr3kpxebko0t","time":1613118772,"event":{"mods":["AchievementEnabler","BaseMod","Colored Map","Colored Powertips","KOR Keyword Fix","Keyboard Shortcuts","Minty Spire (QoL Compilation)","StSLib","SuperFastMode"],"gold_per_floor":[117,198,210,135,135,163,174,194,194,206,131,131,146,18,18,96,96,106,106,156,156,81,81,95,122,122,141,157,177,177,193,193,271,271,286,4,29,81,97,97,113,129,129,129,139,0,0,20,20,20],"floor_reached":51,"language":"KOR","playtime":1502,"items_purged":["Strike_B","Strike_B","Defend_B+1"],"score":1254,"play_id":"e0d5365a-fca0-409f-bf58-c9491a4ed55b","local_time":"20210212173252","is_ascension_mode":true,"campfire_choices":[{"data":"Chaos","floor":12.0,"key":"SMITH"},{"data":"Go for the Eyes","floor":15.0,"key":"SMITH"},{"data":"Cold Snap","floor":23.0,"key":"SMITH"},{"data":"Skim","floor":30.0,"key":"SMITH"},{"floor":32.0,"key":"REST"},{"floor":40,"key":"REST"},{"data":"Biased Cognition","floor":44,"key":"SMITH"},{"floor":49,"key":"REST"}],"circlet_count":0,"master_deck":["AscendersBane","Zap+1","Conserve Battery","Glacier","Chaos+1","BootSequence","Go for the Eyes+1","Core Surge","Core Surge+1","Conserve Battery+1","Redo+1","Skim+1","Compile Driver","Biased Cognition+1","Turbo+1"],"relics":["Cracked Core","NeowsBlessing","Pear","StoneCalendar","Odd Mushroom","Mummified Hand","Astrolabe","Enchiridion","StrikeDummy","Kunai","Potion Belt","Empty Cage","Bag of Preparation","CaptainsWheel","Turnip","Gremlin Horn","Red Mask"],"acts_visited":["Exordium","TheCity","TheBeyond"],"potions_floor_usage":[50,50],"damage_taken":[{"damage":0.0,"enemies":"Cultist","floor":1.0,"turns":1.0},{"damage":0.0,"enemies":"Jaw Worm","floor":3.0,"turns":1.0},{"damage":0.0,"enemies":"3 Sentries","floor":6.0,"turns":1.0},{"damage":0.0,"enemies":"Small Slimes","floor":7.0,"turns":4.0},{"damage":6.0,"enemies":"The Mushroom Lair","floor":8.0,"turns":5.0},{"damage":2.0,"enemies":"2 Fungi Beasts","floor":10.0,"turns":4.0},{"damage":0.0,"enemies":"Exordium Wildlife","floor":13.0,"turns":6.0},{"damage":36.0,"enemies":"The Guardian","floor":16.0,"turns":15.0},{"damage":6.0,"enemies":"3 Byrds","floor":18.0,"turns":5.0},{"damage":0.0,"enemies":"Spheric Guardian","floor":24.0,"turns":4.0},{"damage":3.0,"enemies":"Slavers","floor":25.0,"turns":7.0},{"damage":0.0,"enemies":"Snake Plant","floor":27.0,"turns":5.0},{"damage":1.0,"enemies":"3 Cultists","floor":28.0,"turns":7.0},{"damage":0.0,"enemies":"Centurion and Healer","floor":29.0,"turns":7.0},{"damage":0.0,"enemies":"Snake Plant","floor":31.0,"turns":6.0},{"damage":12.0,"enemies":"Champ","floor":33.0,"turns":18.0},{"damage":0.0,"enemies":"3 Shapes","floor":35.0,"turns":4.0},{"damage":0.0,"enemies":"Mind Bloom Boss Battle","floor":37.0,"turns":5.0},{"damage":44,"enemies":"2 Orb Walkers","floor":38,"turns":7},{"damage":7,"enemies":"Orb Walker","floor":39,"turns":3},{"damage":1,"enemies":"3 Darklings","floor":41,"turns":5},{"damage":2,"enemies":"Jaw Worm Horde","floor":42,"turns":4},{"damage":0,"enemies":"Maw","floor":45,"turns":5},{"damage":0,"enemies":"Transient","floor":48,"turns":5},{"damage":22,"enemies":"Awakened One","floor":50,"turns":15}],"seed_played":"-4523205489273550266","potions_obtained":[{"floor":1.0,"key":"EssenceOfDarkness"},{"floor":7.0,"key":"Swift Potion"},{"floor":8.0,"key":"Energy Potion"},{"floor":25.0,"key":"Explosive Potion"},{"floor":27.0,"key":"ColorlessPotion"},{"floor":28.0,"key":"LiquidBronze"},{"floor":39,"key":"Energy Potion"},{"floor":41,"key":"PowerPotion"}],"is_trial":false,"path_per_floor":["M","T","M","$","?","E","M","?","T","M","?","R","M","$","R","B",null,"M","?","?","T","?","R","M","E","T","M","M","M","R","M","R","B",null,"M","$","?","?","M","R","M","M","T","R","M","?","?","M","R","B",null],"character_chosen":"DEFECT","items_purchased":["Cold Snap","Bag of Preparation"],"campfire_rested":3,"item_purchase_floors":[14,36],"current_hp_per_floor":[64,74,74,74,50,50,50,44,44,42,42,42,42,42,42,6,62,56,35,35,35,35,35,35,32,32,32,31,31,31,31,55,43,72,72,72,72,28,21,45,44,42,42,42,42,42,42,42,65,43],"gold":20,"neow_bonus":"THREE_ENEMY_KILL","is_daily":false,"chose_seed":false,"campfire_upgraded":5,"win_rate":0.0,"timestamp":1613118772,"path_taken":["M","?","M","$","?","E","M","?","T","M","?","R","M","$","R","BOSS","M","?","?","?","?","R","M","E","T","M","M","M","R","M","R","BOSS","M","$","?","?","M","R","M","M","T","R","M","?","?","M","R","BOSS"],"items_purchased_type":["Card","Relic"],"build_version":"2020-12-22","purchased_purges":3,"victory":true,"max_hp_per_floor":[71,81,81,81,81,81,81,81,81,81,81,81,81,81,81,81,81,81,81,81,81,81,81,81,81,81,81,81,81,81,81,81,81,81,81,81,81,81,81,81,81,81,81,81,81,81,77,77,77,77],"card_choices":[{"not_picked":["Steam Power","Gash","Turbo"],"picked":"SKIP","floor":1.0},{"not_picked":["Hologram","Ball Lightning"],"picked":"Conserve Battery","floor":3.0},{"not_picked":["Meteor Strike","Redo"],"picked":"Glacier","floor":6.0},{"not_picked":["Turbo","Hello World"],"picked":"Chaos","floor":7.0},{"not_picked":["Beam Cell","Ball Lightning"],"picked":"BootSequence","floor":8.0},{"not_picked":["Hologram","Ball Lightning"],"picked":"Go for the Eyes","floor":10.0},{"not_picked":["Lockon","Beam Cell","Skim"],"picked":"SKIP","floor":13.0},{"not_picked":["Rainbow","Reboot"],"picked":"Core Surge","floor":16.0},{"not_picked":["Hologram","Go for the Eyes","Steam"],"picked":"SKIP","floor":18.0},{"not_picked":["Ball Lightning+1","Reprogram","Leap"],"picked":"SKIP","floor":24.0},{"not_picked":["Leap","Sweeping Beam","Scrape"],"picked":"SKIP","floor":25.0},{"not_picked":["Leap","Heatsinks","Turbo+1"],"picked":"SKIP","floor":27.0},{"not_picked":["Rip and Tear","Hello World","Static Discharge"],"picked":"SKIP","floor":28.0},{"not_picked":["Storm","Glacier"],"picked":"Skim","floor":29.0},{"not_picked":["Cold Snap+1","Hello World","Compile Driver"],"picked":"SKIP","floor":31.0},{"not_picked":["Cold Snap+1","Hello World"],"picked":"Compile Driver","floor":31.0},{"not_picked":["Echo Form","Core Surge"],"picked":"Biased Cognition","floor":33.0},{"not_picked":["Sweeping Beam+1","Compile Driver","Steam"],"picked":"SKIP","floor":35.0},{"not_picked":["Hologram","Barrage"],"picked":"Turbo+1","floor":37.0},{"not_picked":["Cold Snap","Rebound","Barrage"],"picked":"SKIP","floor":39},{"not_picked":["BootSequence+1","Melter+1","Leap"],"picked":"SKIP","floor":41},{"not_picked":["Stack","All For One","Steam+1"],"picked":"SKIP","floor":42},{"not_picked":["Steam","Stack","Redo+1"],"picked":"SKIP","floor":45},{"not_picked":["Leap","Go for the Eyes","Compile Driver"],"picked":"SKIP","floor":48}],"player_experience":716997,"relics_obtained":[{"floor":2.0,"key":"Pear"},{"floor":6.0,"key":"StoneCalendar"},{"floor":8.0,"key":"Odd Mushroom"},{"floor":9.0,"key":"Mummified Hand"},{"floor":19.0,"key":"Enchiridion"},{"floor":21.0,"key":"StrikeDummy"},{"floor":25.0,"key":"Kunai"},{"floor":26.0,"key":"Potion Belt"},{"floor":37.0,"key":"CaptainsWheel"},{"floor":38,"key":"Turnip"},{"floor":43,"key":"Gremlin Horn"}],"event_choices":[{"damage_healed":0.0,"max_hp_gain":0.0,"max_hp_loss":0.0,"gold_gain":0.0,"event_name":"Shining Light","player_choice":"Entered Light","floor":5.0,"gold_loss":0.0,"damage_taken":24.0,"cards_upgraded":["Defend_B","Zap"]},{"damage_healed":0.0,"max_hp_gain":0.0,"max_hp_loss":0.0,"gold_gain":0.0,"event_name":"Mushrooms","player_choice":"Fought Mushrooms","floor":8.0,"gold_loss":0.0,"damage_taken":0.0},{"cards_removed":["Strike_B"],"damage_healed":0.0,"max_hp_gain":0.0,"max_hp_loss":0.0,"gold_gain":0.0,"event_name":"The Cleric","player_choice":"Card Removal","floor":11.0,"gold_loss":75.0,"damage_taken":0.0},{"damage_healed":0.0,"max_hp_gain":0.0,"max_hp_loss":0.0,"gold_gain":0.0,"event_name":"Cursed Tome","player_choice":"Obtained Book","floor":19.0,"gold_loss":0.0,"damage_taken":21.0},{"damage_healed":0.0,"max_hp_gain":0.0,"max_hp_loss":0.0,"gold_gain":50.0,"event_name":"Nest","player_choice":"Stole From Cult","floor":20.0,"gold_loss":0.0,"damage_taken":0.0},{"cards_removed":["Dualcast"],"damage_healed":0.0,"max_hp_gain":0.0,"max_hp_loss":0.0,"gold_gain":0.0,"event_name":"Beggar","player_choice":"Gave Gold","floor":22.0,"gold_loss":75.0,"damage_taken":0.0},{"damage_healed":0.0,"max_hp_gain":0.0,"max_hp_loss":0.0,"gold_gain":0.0,"event_name":"MindBloom","player_choice":"Fight","floor":37.0,"gold_loss":0.0,"damage_taken":0.0},{"damage_healed":0,"gold_gain":0,"player_choice":"Fight","damage_taken":0,"max_hp_gain":0,"max_hp_loss":0,"event_name":"Mysterious Sphere","floor":38,"gold_loss":0},{"damage_healed":0,"gold_gain":0,"player_choice":"Paid","damage_taken":0,"relics_obtained":["Red Mask"],"max_hp_gain":0,"max_hp_loss":0,"event_name":"Tomb of Lord Red Mask","floor":46,"gold_loss":139},{"damage_healed":0,"gold_gain":0,"player_choice":"Max HP","damage_taken":0,"max_hp_gain":0,"max_hp_loss":4,"event_name":"Winding Halls","floor":47,"gold_loss":0}],"is_beta":false,"boss_relics":[{"not_picked":["Fusion Hammer","Calling Bell"],"picked":"Astrolabe"},{"not_picked":["Philosopher\u0027s Stone","Velvet Choker"],"picked":"Empty Cage"}],"items_purged_floors":[4,14,36],"is_endless":false,"potions_floor_spawned":[1,7,8,24,25,27,28,39,41,42],"ascension_level":16}}