{"host":"xz7n3qy1zq36rzpg","time":1613143552,"event":{"mods":["BaseMod","Colored Map","Colored Powertips","Highlight Path","Minty Spire (QoL Compilation)","Quick Restart","Shop Mod"],"gold_per_floor":[114,129,129,143,157,185,7,7,76,76,96,96,131,158,158,254,254,209,184,184,184,184,184,184,184,184,184,184,31,31,31,31,31,31],"floor_reached":33,"language":"ENG","playtime":2093,"items_purged":[],"score":398,"play_id":"8a09185e-897f-40ba-a82d-5562445c5bd6","local_time":"20210212162552","is_ascension_mode":true,"campfire_choices":[{"data":"Anger","floor":8,"key":"SMITH"},{"data":"Cleave","floor":12,"key":"SMITH"},{"data":"Thunderclap","floor":15,"key":"SMITH"},{"floor":23,"key":"REST"},{"data":"Limit Break","floor":30,"key":"SMITH"},{"floor":32,"key":"REST"}],"circlet_count":0,"master_deck":["Strike_R","Strike_R","Strike_R","Strike_R","Defend_R","Defend_R","Defend_R","Defend_R","Bash","Cleave+1","Rage","Thunderclap+1","Clothesline","Anger+1","Feed","Flame Barrier","Dual Wield","Double Tap","Barricade","Whirlwind+1","Wild Strike","Spot Weakness","True Grit","Disarm","Perfected Strike+1","Heavy Blade+1","Limit Break+1"],"relics":["Burning Blood","TungstenRod","Bag of Marbles","Letter Opener","Smiling Mask","Boot","Ectoplasm","HornCleat","Kunai","Peace Pipe","Red Mask","MealTicket"],"acts_visited":["Exordium","TheCity"],"potions_floor_usage":[13,16,16,25],"damage_taken":[{"damage":13.0,"enemies":"Jaw Worm","floor":1.0,"turns":4.0},{"damage":0.0,"enemies":"Cultist","floor":2.0,"turns":4.0},{"damage":8,"enemies":"2 Louse","floor":4,"turns":3},{"damage":0,"enemies":"Large Slime","floor":5,"turns":5},{"damage":28,"enemies":"Gremlin Nob","floor":6,"turns":4},{"damage":7,"enemies":"Blue Slaver","floor":11,"turns":3},{"damage":14,"enemies":"Lagavulin","floor":13,"turns":5},{"damage":30,"enemies":"Hexaghost","floor":16,"turns":10},{"damage":16,"enemies":"2 Thieves","floor":18,"turns":3},{"damage":4,"enemies":"Spheric Guardian","floor":20,"turns":3},{"damage":21,"enemies":"Snecko","floor":22,"turns":4},{"damage":0,"enemies":"Gremlin Leader","floor":24,"turns":7},{"damage":9,"enemies":"Shelled Parasite and Fungi","floor":25,"turns":6},{"damage":10,"enemies":"Masked Bandits","floor":27,"turns":2},{"damage":34,"enemies":"Book of Stabbing","floor":31,"turns":6},{"damage":71,"enemies":"Champ","floor":33,"turns":9}],"seed_played":"-2785082681301638171","potions_obtained":[{"floor":2.0,"key":"Dexterity Potion"},{"floor":4,"key":"LiquidMemories"},{"floor":13,"key":"Block Potion"},{"floor":24,"key":"Weak Potion"},{"floor":25,"key":"ElixirPotion"},{"floor":27,"key":"Explosive Potion"}],"is_trial":false,"path_per_floor":["M","M","?","M","M","E","$","R","T","$","M","R","E","T","R","B",null,"M","$","M","T","M","R","E","M","T","?","?","$","R","E","R","B"],"character_chosen":"IRONCLAD","items_purchased":["Flame Barrier","Bag of Marbles","Wild Strike","Limit Break"],"campfire_rested":2,"item_purchase_floors":[7,7,19,29],"current_hp_per_floor":[73,79,72,70,76,54,54,54,54,54,53,53,45,45,45,21,65,55,55,57,57,42,66,72,72,72,71,71,71,71,43,68,0,0],"gold":31,"neow_bonus":"THREE_CARDS","is_daily":false,"chose_seed":false,"campfire_upgraded":4,"win_rate":0.0,"timestamp":1613143552,"path_taken":["M","M","?","M","M","E","$","R","T","$","M","R","E","?","R","BOSS","M","$","M","?","?","R","E","M","T","?","?","?","R","E","R","BOSS"],"items_purchased_type":["Card","Relic","Card","Card"],"build_version":"2020-12-22","purchased_purges":0,"victory":false,"max_hp_per_floor":[80,80,80,80,80,80,80,80,80,80,80,80,80,80,80,80,80,80,80,80,80,80,80,80,83,83,86,86,86,86,86,86,86,86],"card_choices":[{"not_picked":["Battle Trance","Second Wind"],"picked":"Cleave","floor":0.0},{"not_picked":["Heavy Blade","Shockwave"],"picked":"Rage","floor":1.0},{"not_picked":["Twin Strike","Evolve"],"picked":"Thunderclap","floor":2.0},{"not_picked":["Disarm","Headbutt"],"picked":"Clothesline","floor":4},{"not_picked":["Entrench","Clash"],"picked":"Anger","floor":5},{"not_picked":["Thunderclap","Sever Soul"],"picked":"Feed","floor":6},{"not_picked":["Thunderclap","Anger"],"picked":"Dual Wield","floor":11},{"not_picked":["Wild Strike","Seeing Red"],"picked":"Double Tap","floor":13},{"not_picked":["Impervious","Feed"],"picked":"Barricade","floor":16},{"not_picked":["Havoc+1","Cleave"],"picked":"Whirlwind+1","floor":18},{"not_picked":["Dark Embrace","Shockwave"],"picked":"Spot Weakness","floor":20},{"not_picked":["Flex","Cleave"],"picked":"True Grit","floor":22},{"not_picked":["Spot Weakness","Havoc"],"picked":"Disarm","floor":24},{"not_picked":["Armaments","Sentinel"],"picked":"Perfected Strike+1","floor":25},{"not_picked":["Twin Strike+1","Havoc"],"picked":"Heavy Blade+1","floor":27},{"not_picked":["Barricade","Feed","Clothesline"],"picked":"SKIP","floor":31}],"player_experience":508290,"relics_obtained":[{"floor":6,"key":"TungstenRod"},{"floor":9,"key":"Letter Opener"},{"floor":13,"key":"Smiling Mask"},{"floor":14,"key":"Boot"},{"floor":21,"key":"HornCleat"},{"floor":24,"key":"Kunai"},{"floor":26,"key":"Peace Pipe"},{"floor":27,"key":"Red Mask"},{"floor":31,"key":"MealTicket"}],"event_choices":[{"cards_removed":["Strike_R"],"damage_healed":0.0,"max_hp_gain":0.0,"max_hp_loss":0.0,"gold_gain":0.0,"event_name":"Golden Wing","player_choice":"Card Removal","floor":3.0,"gold_loss":0.0,"damage_taken":7.0},{"damage_healed":0,"gold_gain":0,"player_choice":"Fought Bandits","damage_taken":0,"max_hp_gain":0,"max_hp_loss":0,"event_name":"Masked Bandits","floor":27,"gold_loss":0},{"damage_healed":0,"gold_gain":0,"player_choice":"Ignored","damage_taken":0,"max_hp_gain":0,"max_hp_loss":0,"event_name":"Beggar","floor":28,"gold_loss":0}],"is_beta":false,"boss_relics":[{"not_picked":["Philosopher\u0027s Stone","SlaversCollar"],"picked":"Ectoplasm"}],"items_purged_floors":[],"is_endless":false,"potions_floor_spawned":[2,4,13,24,25,27],"killed_by":"Champ","ascension_level":5}}