{"host":"362zhnvmfmhc3u7b","time":1613107434,"event":{"mods":["BaseMod","Colored Powertips","Minty Spire (QoL Compilation)","Quick Restart","Rare Cards Sparkle","StSLib"],"gold_per_floor":[14,14,32,32,48,48,76,76,76,76,99,120,42,42,42],"floor_reached":14,"language":"ENG","playtime":603,"items_purged":[],"score":156,"play_id":"1e2cc476-8c35-46ac-90a1-195b7613a7ef","local_time":"20210212002354","is_ascension_mode":true,"campfire_choices":[{"data":"Demon Form","floor":6,"key":"SMITH"},{"floor":8,"key":"REST"},{"data":"Reaper","floor":10,"key":"SMITH"}],"circlet_count":0,"master_deck":["AscendersBane","Strike_R","Strike_R","Strike_R","Strike_R","Strike_R","Defend_R","Defend_R","Defend_R","Defend_R","Bash","Demon Form+1","Flame Barrier","Inflame","Reaper+1","Shrug It Off","Thunderclap","Headbutt","Disarm"],"relics":["Burning Blood","Golden Idol","Odd Mushroom","Question Card"],"acts_visited":["Exordium"],"potions_floor_usage":[3,5],"damage_taken":[{"damage":21,"enemies":"Jaw Worm","floor":1,"turns":6},{"damage":0,"enemies":"Small Slimes","floor":3,"turns":4},{"damage":10,"enemies":"2 Louse","floor":5,"turns":3},{"damage":62,"enemies":"The Mushroom Lair","floor":7,"turns":6},{"damage":40,"enemies":"Exordium Wildlife","floor":11,"turns":6},{"damage":30,"enemies":"3 Louse","floor":12,"turns":6},{"damage":10,"enemies":"3 Sentries","floor":14,"turns":2}],"seed_played":"3909539108900084329","potions_obtained":[{"floor":1,"key":"Block Potion"},{"floor":3,"key":"Regen Potion"},{"floor":12,"key":"ElixirPotion"}],"is_trial":false,"path_per_floor":["M","?","M","$","M","R","?","R","T","R","M","M","$","E"],"character_chosen":"IRONCLAD","items_purchased":["Disarm"],"campfire_rested":1,"item_purchase_floors":[13],"current_hp_per_floor":[53,53,59,59,64,64,22,42,42,42,22,13,13,3,3],"gold":42,"neow_bonus":"THREE_RARE_CARDS","is_daily":false,"chose_seed":false,"campfire_upgraded":2,"win_rate":0.0,"timestamp":1613107434,"path_taken":["M","?","M","?","M","R","?","R","T","R","M","M","$","E"],"items_purchased_type":["Card"],"build_version":"2020-12-22","purchased_purges":0,"victory":false,"max_hp_per_floor":[75,68,68,68,68,68,68,68,68,68,68,68,68,68,68],"card_choices":[{"not_picked":["Corruption","Offering"],"picked":"Demon Form","floor":0},{"not_picked":["Second Wind","Clash"],"picked":"Flame Barrier","floor":1},{"not_picked":["True Grit","Clash"],"picked":"Inflame","floor":3},{"not_picked":["Burning Pact","Disarm"],"picked":"Reaper","floor":5},{"not_picked":["Iron Wave","Havoc"],"picked":"Shrug It Off","floor":7},{"not_picked":["Rupture","Searing Blow","Twin Strike"],"picked":"Thunderclap","floor":11},{"not_picked":["Perfected Strike","Anger","Thunderclap"],"picked":"Headbutt","floor":12}],"player_experience":1597673,"relics_obtained":[{"floor":7,"key":"Odd Mushroom"},{"floor":9,"key":"Question Card"}],"event_choices":[{"damage_healed":0,"gold_gain":0,"player_choice":"Lose Max HP","damage_taken":0,"relics_obtained":["Golden Idol"],"max_hp_gain":0,"max_hp_loss":7,"event_name":"Golden Idol","floor":2,"gold_loss":0},{"damage_healed":0,"gold_gain":0,"player_choice":"Fought Mushrooms","damage_taken":0,"max_hp_gain":0,"max_hp_loss":0,"event_name":"Mushrooms","floor":7,"gold_loss":0}],"is_beta":false,"boss_relics":[],"items_purged_floors":[],"is_endless":false,"potions_floor_spawned":[1,3,12],"killed_by":"3 Sentries","ascension_level":19}}