{"host":"fnlf8nl5agtxb8g8","time":1613116734,"event":{"mods":["Act Like it!","BaseMod","Better Altar","Better Match","Better Note","Better Sensory Stone","Better Skull","Better Third Choice","Better Vampires","Minty Spire (QoL Compilation)","Quick Restart","Rare Cards Sparkle","StSLib","The Jungle","The Senshi"],"gold_per_floor":[110,121,121,71,71,111,129,129,129],"floor_reached":8,"language":"ENG","playtime":400,"items_purged":[],"score":67,"play_id":"a93c85cc-cbb4-42a6-a770-a5620064deec","local_time":"20210212015854","is_ascension_mode":true,"campfire_choices":[],"circlet_count":0,"master_deck":["theSenshi:SailorKick","theSenshi:SailorKick","theSenshi:SailorKick","theSenshi:SailorBlock","theSenshi:SailorBlock","theSenshi:SailorBlock","theSenshi:RoseThrow","theSenshi:MoonPrismPowerMakeUp","theSenshi:MoonPrincessHalation","theSenshi:MoonPunch"],"relics":["theSenshi:EternalSailorFukuRelic","Golden Idol","Happy Flower"],"acts_visited":["Exordium"],"potions_floor_usage":[],"damage_taken":[{"damage":6,"enemies":"2 Louse","floor":1,"turns":4},{"damage":6,"enemies":"Small Slimes","floor":2,"turns":5},{"damage":52,"enemies":"3 Sentries","floor":6,"turns":11},{"damage":3,"enemies":"Jaw Worm","floor":7,"turns":2},{"damage":9,"enemies":"Lagavulin","floor":8,"turns":4}],"seed_played":"-1493506489717512738","potions_obtained":[],"is_trial":false,"path_per_floor":["M","M","?","?","?","E","M","E"],"character_chosen":"THE_SENSHI","items_purchased":[],"campfire_rested":0,"item_purchase_floors":[],"current_hp_per_floor":[69,63,56,56,38,10,7,0,0],"gold":129,"neow_bonus":"BOSS_RELIC","is_daily":false,"chose_seed":false,"campfire_upgraded":0,"win_rate":0.0,"timestamp":1613116734,"path_taken":["M","M","?","?","?","E","M","E"],"items_purchased_type":[],"build_version":"2020-12-22","purchased_purges":0,"victory":false,"max_hp_per_floor":[75,75,75,75,75,75,75,75,75],"card_choices":[{"not_picked":["theSenshi:TuxedoSmokingBomber","theSenshi:SailorChibiMoonAssists"],"picked":"theSenshi:MoonPrincessHalation","floor":1},{"not_picked":["theSenshi:SailorPlanetPower","theSenshi:SailorNeptuneAssists","theSenshi:SailorJupiterAssists"],"picked":"SKIP","floor":2},{"not_picked":["theSenshi:SailorMarsAssists","theSenshi:SchoolBag"],"picked":"theSenshi:MoonPunch","floor":6},{"not_picked":["theSenshi:SailorMarsAssists","theSenshi:LunasBite","theSenshi:Sidestep"],"picked":"SKIP","floor":7}],"player_experience":820792,"relics_obtained":[{"floor":6,"key":"Happy Flower"}],"event_choices":[{"cards_removed":["theSenshi:SailorBlock"],"damage_healed":0,"gold_gain":0,"player_choice":"Card Removal","damage_taken":7,"max_hp_gain":0,"max_hp_loss":0,"event_name":"Golden Wing","floor":3,"gold_loss":0},{"cards_removed":["theSenshi:SailorKick"],"damage_healed":0,"gold_gain":0,"player_choice":"Card Removal","damage_taken":0,"max_hp_gain":0,"max_hp_loss":0,"event_name":"The Cleric","floor":4,"gold_loss":50},{"damage_healed":0,"gold_gain":0,"player_choice":"Take Damage","damage_taken":18,"relics_obtained":["Golden Idol"],"max_hp_gain":0,"max_hp_loss":0,"event_name":"Golden Idol","floor":5,"gold_loss":0}],"is_beta":false,"boss_relics":[],"items_purged_floors":[],"is_endless":false,"potions_floor_spawned":[],"killed_by":"Lagavulin","ascension_level":4}}