{"host":"yml0ux6c8lqydjlc","time":1613163571,"event":{"mods":["Aspiration","BaseMod","Conspire","Downfall","Hermit","Jedi Mod","Minty Spire (QoL Compilation)","Robot Space Explorer","StSLib"],"gold_per_floor":[118,131,33,33,45,70,145,145,170,170,196,215,140,155,155,250,250,268,141,158,173,206,206,81,106,106,106,116,134,134,148,148,243,243,261,22,41,41,53,53,53],"floor_reached":40,"language":"ENG","playtime":3793,"items_purged":["Strike_G","Strike_G","Strike_G"],"score":458,"play_id":"5f4e499a-ac7c-4dc1-a5f8-fca7d07cc0d1","local_time":"20210212155931","is_ascension_mode":false,"campfire_choices":[{"data":"Infinite Blades","floor":8.0,"key":"SMITH"},{"data":"conspire:Banana","floor":10.0,"key":"SMITH"},{"floor":15.0,"key":"REST"},{"floor":23,"key":"REST"},{"floor":30,"key":"REST"},{"floor":32,"key":"REST"}],"circlet_count":0,"master_deck":["Defend_G","Defend_G","Defend_G","Defend_G","Defend_G","Survivor","Neutralize","Dodge and Roll","Infinite Blades+1","conspire:Banana+1","Deadly Poison","Crippling Poison","Poisoned Stab","Slice","Backflip","Bane+1","Dagger Throw","Deadly Poison+1","Leg Sweep","Terror+1","Bouncing Flask","Poisoned Stab+1","Poisoned Stab","Corpse Explosion","Bane+1","Dodge and Roll+1"],"relics":["Ring of the Snake","jedi:rubbersling","MealTicket","Odd Mushroom","Empty Cage","Red Mask","jedi:scrapmetal","Bottled Lightning","SlaversCollar","jedi:sprinkler"],"acts_visited":["Exordium","TheCity","TheBeyond"],"potions_floor_usage":[21,25,28,33,39],"damage_taken":[{"damage":0.0,"enemies":"Jaw Worm","floor":1.0,"turns":8.0},{"damage":0.0,"enemies":"2 Louse","floor":2.0,"turns":5.0},{"damage":0.0,"enemies":"Small Slimes","floor":5.0,"turns":3.0},{"damage":8.0,"enemies":"3 Sentries","floor":6.0,"turns":8.0},{"damage":20.0,"enemies":"The Mushroom Lair","floor":11.0,"turns":7.0},{"damage":0.0,"enemies":"Looter","floor":12.0,"turns":4.0},{"damage":14.0,"enemies":"Gremlin Gang","floor":14.0,"turns":4.0},{"damage":39.0,"enemies":"The Guardian","floor":16.0,"turns":14.0},{"damage":6,"enemies":"Spheric Guardian","floor":18,"turns":5},{"damage":5,"enemies":"Chosen","floor":20,"turns":4},{"damage":23,"enemies":"Snake Plant","floor":21,"turns":5},{"damage":52,"enemies":"Masked Bandits","floor":22,"turns":7},{"damage":2,"enemies":"conspire:SneckoGhost","floor":25,"turns":7},{"damage":31,"enemies":"3 Cultists","floor":28,"turns":7},{"damage":22,"enemies":"Cultist and Chosen","floor":29,"turns":7},{"damage":15,"enemies":"Centurion and Healer","floor":31,"turns":8},{"damage":47,"enemies":"conspire:MysteriousRune","floor":33,"turns":11},{"damage":44,"enemies":"3 Darklings","floor":35,"turns":4},{"damage":36,"enemies":"3 Shapes","floor":37,"turns":4},{"damage":81,"enemies":"3 Darklings","floor":39,"turns":7},{"damage":37,"enemies":"Reptomancer","floor":40,"turns":2}],"seed_played":"-7887732057958871522","potions_obtained":[{"floor":5.0,"key":"CultistPotion"},{"floor":11.0,"key":"Weak Potion"},{"floor":12.0,"key":"Explosive Potion"},{"floor":14.0,"key":"Regen Potion"},{"floor":18,"key":"LiquidMemories"},{"floor":22,"key":"BlessingOfTheForge"},{"floor":25,"key":"conspire:TimeTravelPotion"},{"floor":31,"key":"AttackPotion"},{"floor":35,"key":"DistilledChaos"},{"floor":37,"key":"FairyPotion"}],"is_trial":false,"path_per_floor":["M","M","$","?","M","E","?","R","T","R","?","M","$","M","R","B",null,"M","$","M","M","?","R","$","E","T","?","M","M","R","M","R","B",null,"M","$","M","$","M","E"],"character_chosen":"THE_SILENT","items_purchased":["conspire:Banana","Dagger Throw","jedi:sprinkler"],"campfire_rested":4,"item_purchase_floors":[3,19,36],"current_hp_per_floor":[77,77,77,77,78,71,60,60,60,60,42,44,59,47,72,50,87,83,89,86,65,15,43,58,58,58,58,42,22,52,39,69,24,105,63,78,44,59,16,0,0],"gold":53,"neow_bonus":"TEN_PERCENT_HP_BONUS","is_daily":false,"chose_seed":false,"campfire_upgraded":2,"win_rate":0.0,"timestamp":1613163571,"path_taken":["M","M","$","?","M","E","?","R","T","R","?","M","$","M","R","BOSS","M","$","M","M","?","R","?","E","T","?","?","M","R","?","R","BOSS","M","$","M","$","M","E"],"items_purchased_type":["Card","Card","Relic"],"build_version":"2020-12-22","purchased_purges":3,"victory":false,"max_hp_per_floor":[77,77,77,77,78,79,79,79,79,79,81,83,83,85,85,87,87,89,89,91,93,95,95,95,97,97,97,99,101,101,103,103,105,105,107,107,109,109,111,111,111],"card_choices":[{"not_picked":["Outmaneuver","conspire:PoisonWeapons"],"picked":"Dodge and Roll","floor":1.0},{"not_picked":["Acrobatics","Prepared"],"picked":"Infinite Blades","floor":2.0},{"not_picked":["Choke","Dodge and Roll"],"picked":"Deadly Poison","floor":5.0},{"not_picked":["conspire:PoisonWeapons","jedi:collectorvenom"],"picked":"Crippling Poison","floor":6.0},{"not_picked":["Flying Knee","Underhanded Strike"],"picked":"Poisoned Stab","floor":11.0},{"not_picked":["jedi:collectorvenom","Tactician"],"picked":"Slice","floor":12.0},{"not_picked":["Eviscerate","Underhanded Strike"],"picked":"Backflip","floor":14.0},{"not_picked":["Underhanded Strike","Infinite Blades"],"picked":"Bane+1","floor":18},{"not_picked":["Blade Dance","Quick Slash"],"picked":"Deadly Poison+1","floor":20},{"not_picked":["Unload","Blade Dance","Dagger Throw"],"picked":"SKIP","floor":21},{"not_picked":["Dagger Spray","Underhanded Strike"],"picked":"Leg Sweep","floor":22},{"not_picked":["Deadly Poison","Finisher"],"picked":"Terror+1","floor":25},{"not_picked":["Deflect","Unload"],"picked":"Bouncing Flask","floor":28},{"not_picked":["Bane","Terror"],"picked":"Poisoned Stab+1","floor":29},{"not_picked":["Dagger Spray","Footwork"],"picked":"Poisoned Stab","floor":31},{"not_picked":["jedi:rejectivetoxin","After Image"],"picked":"Corpse Explosion","floor":33},{"not_picked":["Poisoned Stab+1","Deadly Poison+1"],"picked":"Bane+1","floor":35},{"not_picked":["Deadly Poison","Flechettes","Riddle With Holes+1"],"picked":"SKIP","floor":37},{"not_picked":["Dagger Throw","Backflip+1"],"picked":"Dodge and Roll+1","floor":39}],"player_experience":59911,"relics_obtained":[{"floor":6.0,"key":"jedi:rubbersling"},{"floor":9.0,"key":"MealTicket"},{"floor":11.0,"key":"Odd Mushroom"},{"floor":22,"key":"Red Mask"},{"floor":25,"key":"jedi:scrapmetal"},{"floor":26,"key":"Bottled Lightning"}],"event_choices":[{"damage_healed":0.0,"max_hp_gain":0.0,"max_hp_loss":0.0,"gold_gain":0.0,"event_name":"Liars Game","player_choice":"Ignored","floor":4.0,"gold_loss":0.0,"damage_taken":0.0},{"damage_healed":0.0,"max_hp_gain":0.0,"max_hp_loss":0.0,"gold_gain":75.0,"event_name":"World of Goop","player_choice":"Gather Gold","floor":7.0,"gold_loss":0.0,"damage_taken":11.0},{"damage_healed":0.0,"max_hp_gain":0.0,"max_hp_loss":0.0,"gold_gain":0.0,"event_name":"Mushrooms","player_choice":"Fought Mushrooms","floor":11.0,"gold_loss":0.0,"damage_taken":0.0},{"damage_healed":0,"gold_gain":0,"player_choice":"Fought Bandits","damage_taken":0,"max_hp_gain":0,"max_hp_loss":0,"event_name":"Masked Bandits","floor":22,"gold_loss":0}],"is_beta":false,"boss_relics":[{"not_picked":["aspiration:PoetsPen_weak","conspire:SlowCooker"],"picked":"Empty Cage"},{"not_picked":["jedi:hotpepper","Sozu"],"picked":"SlaversCollar"}],"items_purged_floors":[13,19,24],"is_endless":false,"potions_floor_spawned":[5,11,12,14,18,22,25,31,35,37],"killed_by":"Reptomancer","ascension_level":0}}