{"host":"mqhvlr3kpxebko0t","time":1613116607,"event":{"mods":["AchievementEnabler","BaseMod","Colored Map","Colored Powertips","KOR Keyword Fix","Keyboard Shortcuts","Minty Spire (QoL Compilation)","StSLib","SuperFastMode"],"gold_per_floor":[116,131,151,167,185,185,110,122,203,203,228,228,238,163,163,237,237,247,247,265,284,284,284],"floor_reached":22,"language":"KOR","playtime":427,"items_purged":["Strike_G"],"score":352,"play_id":"a2499918-a6c8-45bc-9820-9a2c6cd0a95e","local_time":"20210212165647","is_ascension_mode":true,"campfire_choices":[{"data":"Deadly Poison","floor":6.0,"key":"SMITH"},{"floor":10.0,"key":"REST"},{"data":"Neutralize","floor":15.0,"key":"SMITH"}],"circlet_count":0,"master_deck":["AscendersBane","Strike_G","Strike_G","Strike_G","Defend_G","Defend_G","Defend_G","Defend_G","Defend_G","Survivor","Neutralize+1","Terror","Dagger Throw","Deadly Poison+1","Backflip","Backstab","Crippling Poison+1"],"relics":["Ring of the Snake","Gremlin Horn","Singing Bowl","Busted Crown"],"acts_visited":["Exordium","TheCity"],"potions_floor_usage":[18,22],"damage_taken":[{"damage":0.0,"enemies":"Cultist","floor":1.0,"turns":4.0},{"damage":2.0,"enemies":"Jaw Worm","floor":2.0,"turns":5.0},{"damage":2.0,"enemies":"2 Louse","floor":3.0,"turns":4.0},{"damage":9.0,"enemies":"Blue Slaver","floor":4.0,"turns":4.0},{"damage":9.0,"enemies":"Exordium Thugs","floor":5.0,"turns":5.0},{"damage":5.0,"enemies":"Lots of Slimes","floor":8.0,"turns":5.0},{"damage":31.0,"enemies":"Lagavulin","floor":11.0,"turns":6.0},{"damage":2.0,"enemies":"2 Fungi Beasts","floor":13.0,"turns":4.0},{"damage":9.0,"enemies":"The Guardian","floor":16.0,"turns":11.0},{"damage":8,"enemies":"2 Thieves","floor":18,"turns":4},{"damage":10,"enemies":"Spheric Guardian","floor":20,"turns":4},{"damage":22,"enemies":"Shelled Parasite and Fungi","floor":21,"turns":6},{"damage":28,"enemies":"Snecko","floor":22,"turns":5}],"seed_played":"-1017032808288391012","potions_obtained":[{"floor":1.0,"key":"SkillPotion"},{"floor":3.0,"key":"EntropicBrew"},{"floor":4.0,"key":"Block Potion"},{"floor":11.0,"key":"EntropicBrew"},{"floor":16.0,"key":"CunningPotion"},{"floor":20,"key":"Ancient Potion"},{"floor":21,"key":"Fire Potion"}],"is_trial":false,"path_per_floor":["M","M","M","M","M","R","$","M","T","R","E","?","M","?","R","B",null,"M","?","M","M","M"],"character_chosen":"THE_SILENT","items_purchased":[],"campfire_rested":1,"item_purchase_floors":[],"current_hp_per_floor":[65,63,61,52,43,43,43,38,38,59,28,28,26,26,26,19,60,54,54,46,26,0,0],"gold":284,"neow_bonus":"TEN_PERCENT_HP_BONUS","is_daily":false,"chose_seed":false,"campfire_upgraded":2,"win_rate":0.0,"timestamp":1613116607,"path_taken":["M","M","?","M","M","R","$","M","T","R","E","?","M","?","R","BOSS","M","?","?","M","M"],"items_purchased_type":[],"build_version":"2020-12-22","purchased_purges":1,"victory":false,"max_hp_per_floor":[72,72,72,72,72,72,72,72,72,72,72,72,72,72,72,74,74,76,76,78,80,80,80],"card_choices":[{"not_picked":["Slice","Escape Plan"],"picked":"Terror","floor":1.0},{"not_picked":["Skewer","Dodge and Roll"],"picked":"Dagger Throw","floor":2.0},{"not_picked":["Footwork","Deflect"],"picked":"Deadly Poison","floor":3.0},{"not_picked":["Sucker Punch","Cloak And Dagger","Flechettes"],"picked":"SKIP","floor":4.0},{"not_picked":["Dagger Spray","Prepared","All Out Attack"],"picked":"SKIP","floor":5.0},{"not_picked":["Deadly Poison","Predator"],"picked":"Backflip","floor":8.0},{"not_picked":["Burst","Deadly Poison"],"picked":"Backstab","floor":11.0},{"not_picked":["Deflect","Backflip"],"picked":"Crippling Poison","floor":13.0},{"not_picked":["Night Terror","Unload","Burst"],"picked":"Singing Bowl","floor":16.0},{"not_picked":["Quick Slash"],"picked":"Singing Bowl","floor":18},{"not_picked":["Accuracy+1"],"picked":"Singing Bowl","floor":20},{"not_picked":["Bane"],"picked":"Singing Bowl","floor":21}],"player_experience":716570,"relics_obtained":[{"floor":9.0,"key":"Gremlin Horn"},{"floor":11.0,"key":"Singing Bowl"}],"event_choices":[{"damage_healed":0.0,"max_hp_gain":0.0,"max_hp_loss":0.0,"gold_gain":0.0,"event_name":"Liars Game","player_choice":"Ignored","floor":12.0,"gold_loss":0.0,"damage_taken":0.0},{"cards_removed":["Strike_G"],"damage_healed":0.0,"max_hp_gain":0.0,"max_hp_loss":0.0,"gold_gain":0.0,"event_name":"The Cleric","player_choice":"Card Removal","floor":14.0,"gold_loss":75.0,"damage_taken":0.0},{"damage_healed":0,"gold_gain":0,"player_choice":"Forge","damage_taken":0,"max_hp_gain":0,"max_hp_loss":0,"event_name":"Accursed Blacksmith","floor":19,"gold_loss":0,"cards_upgraded":["Crippling Poison"]}],"is_beta":false,"boss_relics":[{"not_picked":["Pandora\u0027s Box","Runic Pyramid"],"picked":"Busted Crown"}],"items_purged_floors":[7],"is_endless":false,"potions_floor_spawned":[1,3,4,11,16,20,21],"killed_by":"Snecko","ascension_level":17}}