{"host":"8is2j71l4wmybkoi","time":1613126162,"event":{"mods":["AchievementEnabler","BaseMod","Colored Map","Minty Spire (QoL Compilation)","Rare Cards Sparkle","StSLib","SuperFastMode"],"gold_per_floor":[112,124,124,199,215,225,254,254,254,273,273,273],"floor_reached":11,"language":"KOR","playtime":365,"items_purged":[],"score":131,"play_id":"6d83adde-564f-4361-9d85-fbfab7176147","local_time":"20210212193602","is_ascension_mode":true,"campfire_choices":[{"data":"Blade Dance","floor":8,"key":"SMITH"}],"circlet_count":0,"master_deck":["AscendersBane","Strike_G","Strike_G","Strike_G","Strike_G","Strike_G","Defend_G","Defend_G","Defend_G","Defend_G","Survivor","Neutralize","Dark Shackles","Eviscerate","Backflip","Endless Agony","Caltrops","Blade Dance+1","Masterful Stab"],"relics":["Ring of the Snake","Meat on the Bone","The Courier"],"acts_visited":["Exordium"],"potions_floor_usage":[11],"damage_taken":[{"damage":1,"enemies":"2 Louse","floor":1,"turns":4},{"damage":3,"enemies":"Small Slimes","floor":2,"turns":3},{"damage":3,"enemies":"Jaw Worm","floor":5,"turns":3},{"damage":7,"enemies":"Blue Slaver","floor":6,"turns":5},{"damage":22,"enemies":"Gremlin Nob","floor":7,"turns":5},{"damage":1,"enemies":"Looter","floor":10,"turns":3},{"damage":26,"enemies":"Lagavulin","floor":11,"turns":5}],"seed_played":"-8382124533646963876","potions_obtained":[{"floor":6,"key":"Ancient Potion"}],"is_trial":false,"path_per_floor":["M","M","?","?","M","M","E","R","T","M","E"],"character_chosen":"THE_SILENT","items_purchased":[],"campfire_rested":0,"item_purchase_floors":[],"current_hp_per_floor":[58,55,48,37,34,27,5,5,5,16,0,0],"gold":273,"neow_bonus":"RANDOM_COLORLESS","is_daily":false,"chose_seed":false,"campfire_upgraded":1,"win_rate":0.0,"timestamp":1613126162,"path_taken":["M","M","?","?","M","M","E","R","T","M","E"],"items_purchased_type":[],"build_version":"2020-12-22","purchased_purges":0,"victory":false,"max_hp_per_floor":[66,66,66,66,66,66,66,66,66,66,66,66],"card_choices":[{"not_picked":["Forethought","Mind Blast"],"picked":"Dark Shackles","floor":0},{"not_picked":["Expertise","Acrobatics"],"picked":"Eviscerate","floor":1},{"not_picked":["Prepared","Catalyst"],"picked":"Backflip","floor":2},{"not_picked":["Deadly Poison","Backstab"],"picked":"Endless Agony","floor":5},{"not_picked":["Poisoned Stab","Reflex"],"picked":"Caltrops","floor":6},{"not_picked":["Prepared","Dodge and Roll"],"picked":"Blade Dance","floor":7},{"not_picked":["Backflip","Expertise"],"picked":"Masterful Stab","floor":10}],"player_experience":1152670,"relics_obtained":[{"floor":7,"key":"Meat on the Bone"},{"floor":9,"key":"The Courier"}],"event_choices":[{"cards_removed":["Defend_G"],"damage_healed":0,"gold_gain":0,"player_choice":"Card Removal","damage_taken":7,"max_hp_gain":0,"max_hp_loss":0,"event_name":"Golden Wing","floor":3,"gold_loss":0},{"damage_healed":0,"gold_gain":75,"player_choice":"Gather Gold","damage_taken":11,"max_hp_gain":0,"max_hp_loss":0,"event_name":"World of Goop","floor":4,"gold_loss":0}],"is_beta":false,"boss_relics":[],"items_purged_floors":[],"is_endless":false,"potions_floor_spawned":[6],"killed_by":"Lagavulin","ascension_level":15}}