{"host":"a5csdf9n4csbv6sp","time":1613147324,"event":{"mods":["BaseMod","Minty Spire (QoL Compilation)","Permanent Neow","Relic Stats"],"gold_per_floor":[364,375,34,109,109,109,124,155,210,210,222,232,263,275,275,352,352,371,388,407,407,457,487,487,487,487],"floor_reached":25,"language":"ENG","playtime":1564,"items_purged":["Strike_B"],"score":466,"play_id":"7203f3ad-7add-4a1b-a95a-2ed5bb9e5bb6","local_time":"20210212232844","is_ascension_mode":true,"campfire_choices":[{"floor":6.0,"key":"REST"},{"data":"Conserve Battery","floor":10.0,"key":"SMITH"},{"data":"Defragment","floor":15.0,"key":"SMITH"},{"floor":24,"key":"REST"}],"circlet_count":0,"master_deck":["AscendersBane","Strike_B","Strike_B","Strike_B","Defend_B","Defend_B","Defend_B","Defend_B","Zap","Dualcast","Genetic Algorithm","Self Repair","Glacier","FTL","Conserve Battery+1","Streamline+1","Melter+1","Defragment+1","Defragment","Rainbow","Echo Form","Doom and Gloom","Fusion","Hologram"],"relics":["Cracked Core","Thread and Needle","Whetstone","Pear","Inserter","Nunchaku"],"acts_visited":["Exordium","TheCity"],"potions_floor_usage":[23,25],"damage_taken":[{"damage":1.0,"enemies":"2 Louse","floor":1.0,"turns":2.0},{"damage":8.0,"enemies":"Jaw Worm","floor":2.0,"turns":3.0},{"damage":0.0,"enemies":"Cultist","floor":7.0,"turns":5.0},{"damage":5.0,"enemies":"Lagavulin","floor":8.0,"turns":8.0},{"damage":10.0,"enemies":"Lots of Slimes","floor":11.0,"turns":7.0},{"damage":5.0,"enemies":"3 Louse","floor":12.0,"turns":4.0},{"damage":18.0,"enemies":"Gremlin Nob","floor":13.0,"turns":4.0},{"damage":0.0,"enemies":"Large Slime","floor":14.0,"turns":7.0},{"damage":3.0,"enemies":"The Guardian","floor":16.0,"turns":10.0},{"damage":7.0,"enemies":"Chosen","floor":18.0,"turns":6.0},{"damage":10.0,"enemies":"2 Thieves","floor":19.0,"turns":5.0},{"damage":7.0,"enemies":"Sentry and Sphere","floor":20.0,"turns":5.0},{"damage":56,"enemies":"Gremlin Leader","floor":23,"turns":8},{"damage":46,"enemies":"Slavers","floor":25,"turns":5}],"seed_played":"-1448853363824355243","potions_obtained":[{"floor":2.0,"key":"DuplicationPotion"},{"floor":12.0,"key":"Block Potion"},{"floor":19.0,"key":"Strength Potion"},{"floor":20.0,"key":"Fire Potion"}],"is_trial":false,"path_per_floor":["M","M","$","?","T","R","M","E","T","R","M","M","E","M","R","B",null,"M","M","M","?","?","E","R","E"],"character_chosen":"DEFECT","items_purchased":["Glacier","FTL","Conserve Battery","SteroidPotion"],"campfire_rested":2,"item_purchase_floors":[3,3,3,3],"current_hp_per_floor":[45,37,37,26,26,47,54,56,56,56,53,55,54,61,61,65,77,77,67,67,67,67,18,42,0,0],"gold":487,"neow_bonus":"TWO_FIFTY_GOLD","is_daily":false,"chose_seed":false,"campfire_upgraded":2,"win_rate":0.0,"timestamp":1613147324,"path_taken":["M","M","$","?","?","R","?","E","T","R","M","M","E","M","R","BOSS","M","M","?","?","?","E","R","E"],"items_purchased_type":["Card","Card","Card","Potion"],"build_version":"2020-12-22","purchased_purges":1,"victory":false,"max_hp_per_floor":[71,71,71,71,71,71,71,71,71,71,71,71,81,81,81,81,81,81,81,81,81,81,81,81,81,81],"relic_stats":{"Nunchaku":[0],"Inserter":[14],"counters":[14,79],"Whetstone":["Melter","Streamline"],"obtain_stats":[{"Nunchaku":23,"Pear":13,"Inserter":17,"Thread and Needle":5,"Whetstone":8,"Cracked Core":0},{"Nunchaku":13,"Pear":7,"Inserter":9,"Thread and Needle":2,"Whetstone":4,"Cracked Core":0},{"Nunchaku":74,"Pear":33,"Inserter":50,"Thread and Needle":5,"Whetstone":18,"Cracked Core":0}]},"card_choices":[{"not_picked":["Go for the Eyes","Streamline"],"picked":"Genetic Algorithm","floor":1.0},{"not_picked":["Storm","Beam Cell"],"picked":"Self Repair","floor":2.0},{"not_picked":["Hello World","Redo"],"picked":"Streamline","floor":7.0},{"not_picked":["Coolheaded","Lockon"],"picked":"Melter","floor":8.0},{"not_picked":["Meteor Strike","Coolheaded"],"picked":"Defragment","floor":11.0},{"not_picked":["Beam Cell","Static Discharge"],"picked":"Defragment","floor":12.0},{"not_picked":["Sunder","Auto Shields","Rebound"],"picked":"SKIP","floor":13.0},{"not_picked":["Chaos","Cold Snap"],"picked":"Rainbow","floor":14.0},{"not_picked":["Rainbow","All For One"],"picked":"Echo Form","floor":16.0},{"not_picked":["Coolheaded","Capacitor"],"picked":"Doom and Gloom","floor":18.0},{"not_picked":["Storm","Compile Driver"],"picked":"Fusion","floor":19.0},{"not_picked":["Sweeping Beam","Gash","Storm"],"picked":"SKIP","floor":20.0},{"not_picked":["Conserve Battery","Doom and Gloom"],"picked":"Hologram","floor":23}],"player_experience":1876455,"relics_obtained":[{"floor":5.0,"key":"Thread and Needle"},{"floor":8.0,"key":"Whetstone"},{"floor":13.0,"key":"Pear"},{"floor":23,"key":"Nunchaku"}],"event_choices":[{"damage_healed":0.0,"max_hp_gain":0.0,"max_hp_loss":0.0,"gold_gain":75.0,"event_name":"World of Goop","player_choice":"Gather Gold","floor":4.0,"gold_loss":0.0,"damage_taken":11.0},{"damage_healed":0.0,"max_hp_gain":0.0,"max_hp_loss":0.0,"gold_gain":0.0,"event_name":"Vampires","player_choice":"Ignored","floor":21.0,"gold_loss":0.0,"damage_taken":0.0},{"damage_healed":0,"gold_gain":100,"player_choice":"Bet on Murderer","damage_taken":0,"max_hp_gain":0,"max_hp_loss":0,"event_name":"The Joust","floor":22,"gold_loss":50}],"is_beta":false,"boss_relics":[{"not_picked":["Pandora\u0027s Box","SacredBark"],"picked":"Inserter"}],"items_purged_floors":[3],"is_endless":false,"potions_floor_spawned":[2,7,12,16,19,20],"killed_by":"Slavers","ascension_level":20}}