{"host":"rupmf8lnk599ormj","time":1613095300,"event":{"mods":["2.2 Compatiblity","AchievementEnabler","BaseMod","Better Match","Better Third Choice","BetterRewards","Colored Map","Colored Powertips","Conspire","Downfall","Evolution","Gold Saver","Googly Eyes","Hero for Fun","Hubris","Minty Spire (QoL Compilation)","Quick Restart","Rare Cards Sparkle","Replay The Spire","Shade Mod","Spicy Shops","StSLib","The Cursed"],"gold_per_floor":[1531,440,452,452,452,498,498,513,582,582,594,604,604,604],"floor_reached":13,"language":"ENG","playtime":929,"items_purged":[],"score":94,"play_id":"37ed7b6f-65d5-48c8-92c0-cb68906a5833","local_time":"20210211210140","is_ascension_mode":true,"campfire_choices":[{"floor":7,"key":"REST"},{"floor":10,"key":"REST"}],"circlet_count":0,"master_deck":["Strike_G","Strike_G","Strike_G","Defend_G","Defend_G","Survivor","Neutralize","hubris:Envy","Parasite","Poisoned Stab","Accuracy","Outmaneuver","Flying Knee","ReplayTheSpireMod:Brewmster","Magnetism","Enlightenment","ReplayTheSpireMod:The Works","Burn","ReplayTheSpireMod:Scrap Shanks","Backflip","PiercingWail","Underhanded Strike"],"relics":["EVO:Axolotl","Kintsugi","hubris:HerbalPaste","Lantern","hubris:64BitClover","ReplayTheSpireMod:ShopPack","hubris:MedicalManual","hubris:DisguiseKit","conspire:BottledYoYo"],"acts_visited":["Exordium"],"potions_floor_usage":[6,6,6,12,12,12,13],"damage_taken":[{"damage":7,"enemies":"2 Louse","floor":1,"turns":4},{"damage":6,"enemies":"Jaw Worm","floor":3,"turns":5},{"damage":28,"enemies":"Lagavulin","floor":6,"turns":7},{"damage":17,"enemies":"conspire:RoseBush","floor":8,"turns":6},{"damage":40,"enemies":"2 Fungi Beasts","floor":11,"turns":7},{"damage":22,"enemies":"Exordium Wildlife","floor":12,"turns":6},{"damage":29,"enemies":"3 Sentries","floor":13,"turns":5}],"seed_played":"3749656805461516320","potions_obtained":[{"floor":6,"key":"DistilledChaos"},{"floor":8,"key":"Toxic Potion"}],"is_trial":false,"path_per_floor":["M","$","M","?","T","E","R","M","T","R","M","M","E"],"character_chosen":"THE_SILENT","items_purchased":["hubris:HerbalPaste","Lantern","hubris:64BitClover","ReplayTheSpireMod:ShopPack","hubris:MedicalManual","Accuracy","Outmaneuver","Flying Knee"],"campfire_rested":2,"item_purchase_floors":[2,2,2,2,2,2,2,2],"current_hp_per_floor":[63,63,63,63,63,41,62,51,51,70,31,15,0,0],"gold":604,"neow_bonus":"BOSS_RELIC","is_daily":false,"chose_seed":false,"campfire_upgraded":0,"win_rate":0.0,"timestamp":1613095300,"path_taken":["M","$","M","?","?","E","R","?","T","R","M","M","E"],"items_purchased_type":["Relic","Relic","Relic","Relic","Relic","Card","Card","Card"],"build_version":"2020-12-22","purchased_purges":0,"victory":false,"max_hp_per_floor":[70,70,70,70,70,70,70,70,70,70,70,70,70,70],"card_choices":[{"not_picked":["Bane","Caltrops"],"picked":"Poisoned Stab","floor":1},{"not_picked":["Sadistic Nature","Panache"],"picked":"ReplayTheSpireMod:Brewmster","floor":2},{"not_picked":["Chrysalis","Deep Breath"],"picked":"Magnetism","floor":2},{"not_picked":["hubris:Insight","Dark Shackles"],"picked":"Enlightenment","floor":2},{"not_picked":["Underhanded Strike","Slice"],"picked":"ReplayTheSpireMod:The Works","floor":3},{"not_picked":["Dagger Throw","Deadly Poison"],"picked":"ReplayTheSpireMod:Scrap Shanks","floor":6},{"not_picked":["Sucker Punch","Slice","Leap"],"picked":"Backflip","floor":8},{"not_picked":["Acrobatics","Blur","Steam Power"],"picked":"PiercingWail","floor":11},{"not_picked":["Dagger Throw","Quick Slash","Coolheaded"],"picked":"Underhanded Strike","floor":12}],"player_experience":247269,"relics_obtained":[{"floor":6,"key":"hubris:DisguiseKit"},{"floor":9,"key":"conspire:BottledYoYo"}],"event_choices":[{"damage_healed":63,"gold_gain":0,"player_choice":"Embrace Burn","damage_taken":0,"max_hp_gain":0,"max_hp_loss":70,"event_name":"betterThird:BetterShining","floor":4,"gold_loss":0}],"is_beta":false,"boss_relics":[],"items_purged_floors":[],"is_endless":false,"potions_floor_spawned":[6,8],"killed_by":"3 Sentries","ascension_level":2}}