{"host":"qljq6nt1bltq73k9","time":1613131736,"event":{"mods":["BaseMod","Colored Map","Colored Powertips","Downfall","Minty Spire (QoL Compilation)","Quick Restart","Replay The Spire","StSLib","[IsaacMod]ÒÔÈö¼âËþ"],"gold_per_floor":[99,99,99,99,99,98784,98784,98795,98820,98837,98837,98848,98861,98876,98894,98990,98990,98990,99090,99090,99109,98268,98268,98268,98295,98322,98322,98331,98354,97957,97957,97985,98094,98094,98094,98110,97664,97681,97225,97247,97270,97270,97270,97299,97299,97299,97319,97347,97361,97361],"floor_reached":51,"language":"ZHS","playtime":2186,"items_purged":["champ:Defend","champ:Strike","champ:Defend","champ:Defend","champ:Defend","downfall:Bewildered"],"score":801,"play_id":"78235297-d037-4041-b4c8-56434a9f4f64","local_time":"20210212200856","is_ascension_mode":false,"campfire_choices":[{"floor":1.0,"key":"DIG"},{"data":"champ:FanOfKnives","floor":11.0,"key":"SMITH"},{"data":"champ:MurderStrike","floor":18.0,"key":"SMITH"},{"data":"champ:Taunt","floor":23.0,"key":"SMITH"},{"floor":35,"key":"DIG"}],"circlet_count":0,"master_deck":["champ:Execute","champ:Taunt+1","champ:FanOfKnives+1","champ:ShieldWall+1","champ:FlashCut","champ:IronFortress","champ:Haymaker","expansioncontent:Chronoboost","expansioncontent:QuickStudy+1","champ:IronFortress+1","champ:PreciseThrust","champ:Haymaker","champ:PreciseThrust","champ:Circumvent","champ:MurderStrike+1","J.A.X.+1","champ:StanceDance","champ:VampiricStrike","champ:FocusedBerserking","Secret Weapon","champ:IronFortress","Mayhem","champ:EndlessRage","champ:SetATrap","champ:BerserkersShout+1","champ:FanOfKnives","champ:Encircle","champ:GladiatorStyle","champ:BringItOn","champ:LastStand","champ:GladiatorForm+1","Panache+1","champ:Devastate","champ:FalseCounter","champ:Backstep+1","champ:FaceSlap","champ:CheapShot","champ:StanceDance+1"],"relics":["champ:ChampionCrownUpgraded","HushsDoor","D6","downfall:HeartsMalice","Ginger","Membership Card","Eternal Feather","Blue Candle","ReplayTheSpireMod:Shallot","Mirror","Guide Book","sneckomod:BlankCard","hexamod:CandleOfCauterizing","MutagenicStrength","Replay:Accelerometer","Strange Spoon","Pet Ghost","CeramicFish","Frozen Eye","Happy Flower","sneckomod:BabySnecko","Omamori","HornCleat","ClockworkSouvenir","Gambling Chip","SlaversCollar","TungstenRod","Frozen Egg 2","Turnip","HandDrill","MealTicket","SharpPlug","Cauldron","Dream Catcher","Toolbox","Bottled Lightning","Toy Ornithopter","Ring of Searing","ReplayTheSpireMod:Ring of Collecting"],"acts_visited":["Exordium","TheCity","TheBeyond"],"potions_floor_usage":[50,50,50,50],"damage_taken":[{"damage":0.0,"enemies":"2 Louse","floor":2.0,"turns":1.0},{"damage":0.0,"enemies":"Small Slimes","floor":4.0,"turns":1.0},{"damage":0.0,"enemies":"Cultist","floor":5.0,"turns":1.0},{"damage":14.0,"enemies":"downfall:FleeingMerchant","floor":6.0,"turns":4.0},{"damage":0.0,"enemies":"Red Slaver","floor":8.0,"turns":2.0},{"damage":21.0,"enemies":"Replay:BlueRogue","floor":9.0,"turns":4.0},{"damage":5.0,"enemies":"3 Louse","floor":10.0,"turns":2.0},{"damage":0.0,"enemies":"2 Fungi Beasts","floor":12.0,"turns":1.0},{"damage":4.0,"enemies":"Exordium Wildlife","floor":13.0,"turns":2.0},{"damage":0.0,"enemies":"Blue Slaver","floor":14.0,"turns":2.0},{"damage":0.0,"enemies":"2 Fungi Beasts","floor":15.0,"turns":2.0},{"damage":20.0,"enemies":"IC_STATUS_ARCHETYPE","floor":16.0,"turns":4.0},{"damage":20.0,"enemies":"downfall:Augmenter","floor":19.0,"turns":6.0},{"damage":3.0,"enemies":"Chosen","floor":21.0,"turns":2.0},{"damage":23.0,"enemies":"downfall:FleeingMerchant","floor":22.0,"turns":4.0},{"damage":10.0,"enemies":"Snecko","floor":25.0,"turns":4.0},{"damage":0.0,"enemies":"Snake Plant","floor":26.0,"turns":2.0},{"damage":13,"enemies":"Cultist and Chosen","floor":29,"turns":3},{"damage":23,"enemies":"downfall:FleeingMerchant","floor":30,"turns":4},{"damage":15,"enemies":"Shelled Parasite and Fungi","floor":32,"turns":2},{"damage":21,"enemies":"WA_ARCHETYPE_CALM","floor":33,"turns":5},{"damage":0,"enemies":"3 Shapes","floor":36,"turns":1},{"damage":9,"enemies":"downfall:FleeingMerchant","floor":37,"turns":2},{"damage":2,"enemies":"3 Darklings","floor":38,"turns":2},{"damage":20,"enemies":"Maw","floor":40,"turns":6},{"damage":39,"enemies":"4 Shapes","floor":44,"turns":5},{"damage":5,"enemies":"Spire Growth","floor":47,"turns":3},{"damage":6,"enemies":"3 Darklings","floor":48,"turns":4},{"damage":14,"enemies":"Maw","floor":49,"turns":5},{"damage":75,"enemies":"SI_POISON_ARCHETYPE","floor":50,"turns":5}],"seed_played":"-7336002157984742199","potions_obtained":[{"floor":9.0,"key":"DistilledChaos"},{"floor":16.0,"key":"bronze:BurnAndBuffPotion"},{"floor":19.0,"key":"champ:CounterPotion"},{"floor":26.0,"key":"champ:UltimateStancePotion"},{"floor":49,"key":"Doom Potion"}],"is_trial":false,"path_per_floor":["R_BF","M","?","M","M","$","T","M","E","M","R","M","M","M","M","B",null,"R","?","?","M","$","R","T","M","M","?","?","M","$","T","M","B",null,"R_BF","M","$","M","$","M","T","?","?","M","?","?","M","M","M","B",null],"character_chosen":"THE_CHAMP","items_purchased":["LifebloodPotion","champ:IronFortress","Membership Card","Eternal Feather","Blue Candle","LiquidMemories","SneckoOil","champ:Haymaker","ReplayTheSpireMod:Shallot","expansioncontent:Chronoboost","expansioncontent:QuickStudy","champ:IronFortress+1","Mirror","Guide Book","EntropicBrew","Replay:Accelerometer","Strange Spoon","Pet Ghost","Secret Weapon","champ:IronFortress","CeramicFish","Frozen Eye","Mayhem","champ:EndlessRage","FairyPotion","Omamori","HornCleat","ClockworkSouvenir","champ:GladiatorStyle","Frozen Egg 2","Turnip","HandDrill","champ:GladiatorForm+1","Panache+1","MealTicket","SharpPlug","Cauldron","Dream Catcher","Toolbox","Bottled Lightning","champ:Devastate","champ:FalseCounter"],"campfire_rested":0,"item_purchase_floors":[6,6,6,6,6,6,6,6,6,6,6,6,6,6,6,22,22,22,22,22,22,22,22,22,22,30,30,30,30,37,37,37,37,37,37,37,37,39,39,39,39,39],"current_hp_per_floor":[90,90,90,90,90,86,86,86,65,65,74,74,70,70,70,55,90,90,75,75,72,69,81,81,81,81,81,81,78,65,65,50,44,90,90,90,90,88,90,89,89,89,89,70,70,70,65,64,65,25],"gold":97361,"neow_bonus":"THREE_ENEMY_KILL","is_daily":false,"chose_seed":false,"campfire_upgraded":3,"win_rate":0.0,"timestamp":1613131736,"path_taken":["R_BF","M","?","M","M","$","T","M","E","M","R","M","M","M","M","BOSS","R","?","?","M","$","R","T","M","?","?","?","M","$","?","M","BOSS","R_BF","M","$","M","$","M","T","?","?","?","?","?","M","M","M","BOSS"],"items_purchased_type":["Potion","Card","Relic","Relic","Relic","Potion","Potion","Card","Relic","Card","Card","Card","Relic","Relic","Potion","Relic","Relic","Relic","Card","Card","Relic","Relic","Card","Card","Potion","Relic","Relic","Relic","Card","Relic","Relic","Relic","Card","Card","Relic","Relic","Relic","Relic","Relic","Relic","Card","Card"],"build_version":"2020-12-22","purchased_purges":6,"victory":true,"max_hp_per_floor":[90,90,90,90,90,90,90,90,90,90,90,90,90,90,90,90,90,90,90,90,90,90,90,90,90,90,90,90,90,90,90,90,90,90,90,90,90,90,90,90,90,90,90,90,90,90,90,90,90,90],"card_choices":[{"not_picked":["champ:CrookedStrike","champ:Circumvent"],"picked":"champ:FanOfKnives","floor":2.0},{"not_picked":["champ:TripleStrike","champ:CrownThrow"],"picked":"champ:ShieldWall","floor":4.0},{"not_picked":["champ:BladeFlurry","champ:Shatter"],"picked":"champ:FlashCut","floor":5.0},{"not_picked":["champ:Duel","champ:CrownThrow"],"picked":"Bomb","floor":6.0},{"not_picked":["champ:CrownThrow","champ:Lariat"],"picked":"champ:PreciseThrust","floor":8.0},{"not_picked":["champ:HeartStrike","champ:SteelEdge"],"picked":"champ:Haymaker","floor":9.0},{"not_picked":["champ:DeathBlow","champ:FocusedBerserking"],"picked":"champ:PreciseThrust","floor":10.0},{"not_picked":["champ:CrownThrow","champ:EnragedBash","champ:FlashCut"],"picked":"SKIP","floor":12.0},{"not_picked":["champ:Endure","champ:HeartStrike","champ:Circumvent"],"picked":"SKIP","floor":13.0},{"not_picked":["champ:PerfectedStrike","champ:AdrenalArmor"],"picked":"Bomb","floor":14.0},{"not_picked":["champ:PreemptiveStrike","champ:BringItOn"],"picked":"champ:Circumvent","floor":15.0},{"not_picked":["champ:SteelEdge","champ:HeavySlash"],"picked":"champ:MurderStrike","floor":16.0},{"not_picked":[],"picked":"J.A.X.","floor":19.0},{"not_picked":["champ:Shatter","champ:Circumvent"],"picked":"champ:StanceDance","floor":19.0},{"not_picked":["champ:Haymaker+1","champ:CrookedStrike","champ:TornadoPunch"],"picked":"SKIP","floor":21.0},{"not_picked":["champ:SkillfulDodge","champ:BladeFlurry","champ:Lariat+1"],"picked":"SKIP","floor":22.0},{"not_picked":["champ:DeathBlow","champ:Haymaker"],"picked":"champ:SetATrap","floor":25.0},{"not_picked":["champ:SkillfulDodge","champ:FlashCut"],"picked":"champ:BerserkersShout+1","floor":26.0},{"not_picked":["champ:FlashCut","champ:CrownThrow"],"picked":"champ:FanOfKnives","floor":29},{"not_picked":["champ:CalledShot","champ:FocusedBerserking"],"picked":"champ:Encircle","floor":30},{"not_picked":["champ:BerserkersShout+1","champ:Haymaker"],"picked":"champ:BringItOn","floor":32},{"not_picked":["champ:SteelEdge","champ:SwordThrow"],"picked":"champ:LastStand","floor":33},{"not_picked":["champ:PreciseThrust+1","champ:CrownThrow+1","champ:PerfectedStrike+1"],"picked":"SKIP","floor":36},{"not_picked":["champ:FalseCounter","champ:FlashCut","champ:PreciseThrust+1"],"picked":"SKIP","floor":37},{"not_picked":["champ:Shatter","champ:BerserkersShout+1","champ:BringItOn+1"],"picked":"SKIP","floor":38},{"not_picked":["champ:FlashCut","champ:TornadoPunch"],"picked":"champ:Backstep+1","floor":40},{"not_picked":["champ:BringItOn+1","champ:FlashCut"],"picked":"champ:FaceSlap","floor":44},{"not_picked":["champ:AdrenalArmor","champ:DeathBlow"],"picked":"champ:CheapShot","floor":47},{"not_picked":["champ:SetATrap","champ:CrownThrow+1"],"picked":"champ:StanceDance+1","floor":48},{"not_picked":["champ:TornadoPunch","champ:FancyFootwork+1","champ:BerserkersShout"],"picked":"SKIP","floor":49}],"player_experience":479431,"relics_obtained":[{"floor":1.0,"key":"Ginger"},{"floor":7.0,"key":"sneckomod:BlankCard"},{"floor":9.0,"key":"hexamod:CandleOfCauterizing"},{"floor":19.0,"key":"MutagenicStrength"},{"floor":24.0,"key":"Happy Flower"},{"floor":31,"key":"Gambling Chip"},{"floor":35,"key":"TungstenRod"},{"floor":41,"key":"Toy Ornithopter"},{"floor":45,"key":"Ring of Searing"},{"floor":45,"key":"ReplayTheSpireMod:Ring of Collecting"}],"event_choices":[],"is_beta":false,"boss_relics":[{"not_picked":["Kintsugi","Tiny House"],"picked":"champ:ChampionCrownUpgraded"},{"not_picked":[]},{"not_picked":["Runic Pyramid","Honey Jar"],"picked":"SlaversCollar"},{"not_picked":[]}],"items_purged_floors":[6,6,22,22,30,39],"is_endless":false,"potions_floor_spawned":[8,9,12,14,16,19,26,29,33,40,44,48,49],"ascension_level":0}}