{"host":"2sct7qpnpunnnd84","time":1613173285,"event":{"mods":["BaseMod","Googly Eyes","Minty Spire (QoL Compilation)","Quick Restart","Shop Mod","StSLib","The IronCluck"],"gold_per_floor":[114,130,130,205,8,8,49,49,49,73,73,73,94,114,114,244,244,258,258,258,65,65,100,34,53,108,127,140,140,140,155,155,255,255,267,267,267,280,280,290,290,308,355,355,355,355,355,427,427,427],"floor_reached":51,"language":"ENG","playtime":3217,"items_purged":[],"score":888,"play_id":"e6af8545-8d18-434b-8ee9-9152a812ef6c","local_time":"20210212154125","is_ascension_mode":false,"campfire_choices":[{"floor":6.0,"key":"REST"},{"floor":8.0,"key":"REST"},{"floor":12.0,"key":"REST"},{"data":"Footwork","floor":15.0,"key":"SMITH"},{"floor":30.0,"key":"REST"},{"floor":32.0,"key":"REST"},{"floor":45.0,"key":"REST"},{"floor":47.0,"key":"REST"},{"floor":49.0,"key":"REST"}],"circlet_count":0,"master_deck":["Survivor","Neutralize","Doubt","Flying Knee","Terror+1","Injury","Footwork+1","Slice","Sucker Punch","Finisher","Poisoned Stab","Storm of Steel","Blade Dance","Flying Knee","Cloak And Dagger","Accuracy+1","Blade Dance","Cloak And Dagger","Sucker Punch","Flying Knee+1","Blade Dance","Malaise","Malaise","Dash","Dagger Throw","Distraction","Glass Knife","Distraction","Blur","Outmaneuver","Bullet Time","Cloak And Dagger","Madness","Madness","Deflect","Infinite Blades+1","Deflect","Panacea"],"relics":["Ring of the Snake","Gambling Chip","Bloody Idol","Membership Card","Centennial Puzzle","Ginger","Fusion Hammer","Lizard Tail","Vajra","Bronze Scales","Pandora\u0027s Box","Juzu Bracelet","Letter Opener"],"acts_visited":["Exordium","TheCity","TheBeyond"],"potions_floor_usage":[50,50,50],"damage_taken":[{"damage":4.0,"enemies":"Small Slimes","floor":1.0,"turns":4.0},{"damage":0.0,"enemies":"2 Louse","floor":2.0,"turns":3.0},{"damage":13.0,"enemies":"3 Sentries","floor":7.0,"turns":11.0},{"damage":1.0,"enemies":"Jaw Worm","floor":10.0,"turns":4.0},{"damage":0.0,"enemies":"Red Slaver","floor":13.0,"turns":5.0},{"damage":4.0,"enemies":"3 Louse","floor":14.0,"turns":4.0},{"damage":56.0,"enemies":"Hexaghost","floor":16.0,"turns":11.0},{"damage":3.0,"enemies":"3 Byrds","floor":18.0,"turns":6.0},{"damage":11.0,"enemies":"Book of Stabbing","floor":23.0,"turns":4.0},{"damage":12.0,"enemies":"2 Thieves","floor":25.0,"turns":2.0},{"damage":0.0,"enemies":"Centurion and Healer","floor":27.0,"turns":5.0},{"damage":0.0,"enemies":"Snecko","floor":28.0,"turns":4.0},{"damage":0.0,"enemies":"Snake Plant","floor":31.0,"turns":2.0},{"damage":60.0,"enemies":"Champ","floor":33.0,"turns":9.0},{"damage":11.0,"enemies":"3 Darklings","floor":35.0,"turns":3.0},{"damage":20.0,"enemies":"Orb Walker","floor":38.0,"turns":4.0},{"damage":20.0,"enemies":"Sphere and 2 Shapes","floor":40.0,"turns":6.0},{"damage":0.0,"enemies":"Jaw Worm Horde","floor":42.0,"turns":4.0},{"damage":88,"enemies":"Donu and Deca","floor":50,"turns":8}],"seed_played":"-5592381295513282906","potions_obtained":[{"floor":2.0,"key":"SneckoOil"},{"floor":7.0,"key":"SkillPotion"},{"floor":13.0,"key":"GhostInAJar"},{"floor":25.0,"key":"LiquidMemories"},{"floor":27.0,"key":"Energy Potion"},{"floor":29.0,"key":"Energy Potion"},{"floor":31.0,"key":"BlessingOfTheForge"},{"floor":38.0,"key":"PowerPotion"},{"floor":42.0,"key":"AttackPotion"}],"is_trial":false,"path_per_floor":["M","M","?","?","$","R","E","R","T","M","?","R","M","M","R","B",null,"M","?","?","$","?","E","$","M","T","M","M","?","R","M","R","B",null,"M","?","?","M","?","M","?","M","T","?","R","?","R","T","R","B",null],"character_chosen":"THE_SILENT","items_purchased":["Membership Card","Footwork","Lizard Tail","Blade Dance","Flying Knee","Accuracy","Blade Dance"],"campfire_rested":8,"item_purchase_floors":[5,5,21,21,21,24,24],"current_hp_per_floor":[66,66,66,55,55,70,57,70,70,69,55,70,70,66,66,10,70,67,67,67,67,67,61,61,59,64,69,70,70,70,70,70,15,70,64,64,55,40,40,25,25,30,35,35,56,56,70,70,70,22],"gold":427,"neow_bonus":"ONE_RARE_RELIC","is_daily":false,"chose_seed":false,"campfire_upgraded":1,"win_rate":0.0,"timestamp":1613173285,"path_taken":["M","M","?","?","?","R","E","R","T","?","?","R","M","M","R","BOSS","M","?","?","$","?","E","$","M","T","M","?","?","R","M","R","BOSS","M","?","?","M","?","M","?","M","T","?","R","?","R","?","R","BOSS"],"items_purchased_type":["Relic","Card","Relic","Card","Card","Card","Card"],"build_version":"2020-12-22","purchased_purges":0,"victory":true,"max_hp_per_floor":[70,70,70,70,70,70,70,70,70,70,70,70,70,70,70,70,70,70,70,70,70,70,70,70,70,70,70,70,70,70,70,70,70,70,70,70,70,70,70,70,70,70,70,70,70,70,70,70,70,70],"card_choices":[{"not_picked":["Backflip","Bane"],"picked":"Flying Knee","floor":1.0},{"not_picked":["Dash","Finisher"],"picked":"Terror","floor":2.0},{"not_picked":["Outmaneuver","Bane"],"picked":"Slice","floor":7.0},{"not_picked":["Slice","Well Laid Plans"],"picked":"Sucker Punch","floor":10.0},{"not_picked":["Underhanded Strike","Dodge and Roll"],"picked":"Finisher","floor":13.0},{"not_picked":["Sucker Punch","Eviscerate"],"picked":"Poisoned Stab","floor":14.0},{"not_picked":["Doppelganger","Glass Knife"],"picked":"Storm of Steel","floor":16.0},{"not_picked":["Prepared","PiercingWail","Dagger Throw"],"picked":"SKIP","floor":18.0},{"not_picked":["Prepared","Escape Plan"],"picked":"Cloak And Dagger","floor":23.0},{"not_picked":["Masterful Stab","Dagger Throw"],"picked":"Cloak And Dagger","floor":25.0},{"not_picked":["Bane","Acrobatics+1"],"picked":"Sucker Punch","floor":27.0},{"not_picked":["Tools of the Trade","Footwork"],"picked":"Flying Knee+1","floor":28.0},{"not_picked":["Deadly Poison","Dagger Throw+1"],"picked":"Blade Dance","floor":31.0},{"not_picked":["Wraith Form v2","Unload"],"picked":"Malaise","floor":33.0},{"not_picked":["Acrobatics+1","Bane+1"],"picked":"Cloak And Dagger","floor":35.0},{"not_picked":["Reflex","Predator"],"picked":"Deflect","floor":38.0},{"not_picked":["Bouncing Flask","Deadly Poison"],"picked":"Infinite Blades+1","floor":40.0},{"not_picked":["All Out Attack+1","Concentrate"],"picked":"Deflect","floor":42.0},{"not_picked":["Dramatic Entrance","Purity"],"picked":"Panacea","floor":44.0}],"player_experience":3431526,"relics_obtained":[{"floor":7.0,"key":"Centennial Puzzle"},{"floor":9.0,"key":"Ginger"},{"floor":23.0,"key":"Vajra"},{"floor":26.0,"key":"Bronze Scales"},{"floor":43.0,"key":"Juzu Bracelet"},{"floor":48.0,"key":"Letter Opener"}],"event_choices":[{"damage_healed":0.0,"max_hp_gain":0.0,"max_hp_loss":0.0,"gold_gain":0.0,"event_name":"Golden Idol","player_choice":"Take Wound","floor":3.0,"gold_loss":0.0,"damage_taken":0.0,"relics_obtained":["Golden Idol"],"cards_obtained":["Injury"]},{"damage_healed":0.0,"max_hp_gain":0.0,"max_hp_loss":0.0,"gold_gain":75.0,"event_name":"World of Goop","player_choice":"Gather Gold","floor":4.0,"gold_loss":0.0,"damage_taken":11.0},{"damage_healed":0.0,"max_hp_gain":0.0,"max_hp_loss":0.0,"gold_gain":0.0,"event_name":"Shining Light","player_choice":"Entered Light","floor":11.0,"gold_loss":0.0,"damage_taken":14.0,"cards_upgraded":["Terror","Defend_G"]},{"damage_healed":0.0,"max_hp_gain":0.0,"max_hp_loss":0.0,"gold_gain":0.0,"event_name":"Forgotten Altar","player_choice":"Gave Idol","floor":19.0,"relics_lost":["Golden Idol"],"gold_loss":0.0,"damage_taken":0.0,"relics_obtained":["Bloody Idol"]},{"damage_healed":0.0,"max_hp_gain":0.0,"max_hp_loss":0.0,"gold_gain":0.0,"event_name":"Back to Basics","player_choice":"Simplicity","floor":20.0,"gold_loss":0.0,"damage_taken":0.0,"cards_upgraded":["Strike_G","Strike_G","Strike_G","Strike_G","Strike_G","Defend_G","Defend_G","Defend_G","Defend_G"]},{"damage_healed":0.0,"max_hp_gain":0.0,"max_hp_loss":0.0,"gold_gain":0.0,"event_name":"Vampires","player_choice":"Ignored","floor":22.0,"gold_loss":0.0,"damage_taken":0.0},{"damage_healed":0.0,"max_hp_gain":0.0,"max_hp_loss":0.0,"gold_gain":0.0,"event_name":"Lab","player_choice":"Got Potions","floor":29.0,"gold_loss":0.0,"damage_taken":0.0},{"cards_removed":["Malaise"],"damage_healed":0.0,"max_hp_gain":0.0,"max_hp_loss":0.0,"gold_gain":0.0,"event_name":"Falling","player_choice":"Removed Skill","floor":36.0,"gold_loss":0.0,"damage_taken":0.0},{"damage_healed":0.0,"max_hp_gain":0.0,"max_hp_loss":0.0,"gold_gain":0.0,"event_name":"Winding Halls","player_choice":"Embrace Madness","floor":37.0,"gold_loss":0.0,"damage_taken":9.0,"cards_obtained":["Madness","Madness"]},{"damage_healed":0.0,"max_hp_gain":0.0,"max_hp_loss":0.0,"gold_gain":0.0,"event_name":"Tomb of Lord Red Mask","player_choice":"Ignored","floor":39.0,"gold_loss":0.0,"damage_taken":0.0},{"damage_healed":0.0,"max_hp_gain":0.0,"max_hp_loss":0.0,"gold_gain":0.0,"event_name":"Upgrade Shrine","player_choice":"Upgraded","floor":41.0,"gold_loss":0.0,"damage_taken":0.0,"cards_upgraded":["Accuracy"]},{"damage_healed":0.0,"max_hp_gain":0.0,"max_hp_loss":0.0,"gold_gain":0.0,"event_name":"SensoryStone","player_choice":"Memory 1","floor":44.0,"gold_loss":0.0,"damage_taken":0.0},{"damage_healed":0.0,"max_hp_gain":0.0,"max_hp_loss":0.0,"gold_gain":0.0,"event_name":"Mysterious Sphere","player_choice":"Ignored","floor":46.0,"gold_loss":0.0,"damage_taken":0.0}],"is_beta":false,"boss_relics":[{"not_picked":["Coffee Dripper","Black Star"],"picked":"Fusion Hammer"},{"not_picked":["Velvet Choker","SlaversCollar"],"picked":"Pandora\u0027s Box"}],"items_purged_floors":[],"is_endless":false,"potions_floor_spawned":[2,7,13,25,27,31,33,38,42],"ascension_level":0}}