{"host":"5ddwedapke4fsx0r","time":1613163346,"event":{"mods":["BaseMod","Downfall","Minty Spire (QoL Compilation)","Reliquary","Shade Mod","StSLib"],"gold_per_floor":[99,111,126,126,139,159,159,59,79,79,79,79,79,97,112,112,112,112],"floor_reached":16,"language":"ENG","playtime":691,"items_purged":[],"score":103,"play_id":"771de69d-0f6c-4403-a5cd-051598ce64bf","local_time":"20210212215546","is_ascension_mode":true,"campfire_choices":[{"floor":1,"key":"RECALL"},{"data":"champ:UltimateStance","floor":8,"key":"SMITH"},{"data":"champ:StrikeOfGenius","floor":11,"key":"SMITH"},{"data":"champ:EnchantCrown","floor":13,"key":"SMITH"}],"circlet_count":0,"master_deck":["champ:Execute","champ:Taunt","champ:EnchantCrown+1","champ:IgnorePain","champ:AdrenalArmor","champ:ShieldWall","champ:UltimateStance+1","champ:Shatter","champ:StrikeOfGenius+1","champ:FocusedDefense","champ:BringItOn","champ:DefensiveStyle+1","champ:FlashCut","champ:IronFortress","champ:RageSigil","champ:BringItOn"],"relics":["Pandora\u0027s Box","reliquary:QuartzCube","downfall:HeartBlessingRed"],"acts_visited":["Exordium"],"potions_floor_usage":[],"damage_taken":[{"damage":18,"enemies":"2 Louse","floor":2,"turns":3},{"damage":20,"enemies":"Cultist","floor":3,"turns":4},{"damage":15,"enemies":"Jaw Worm","floor":5,"turns":3},{"damage":16,"enemies":"2 Fungi Beasts","floor":6,"turns":3},{"damage":32,"enemies":"Exordium Wildlife","floor":9,"turns":3},{"damage":16,"enemies":"Lots of Slimes","floor":14,"turns":4},{"damage":28,"enemies":"3 Louse","floor":15,"turns":3},{"damage":60,"enemies":"IC_STATUS_ARCHETYPE","floor":16,"turns":4}],"seed_played":"-3881548963735889867","potions_obtained":[{"floor":5,"key":"hexamod:SoulburnPotion"},{"floor":14,"key":"SpeedPotion"}],"is_trial":false,"path_per_floor":["R","M","M","?","M","M","T","R","M","?","R","?","R","M","M","B"],"character_chosen":"THE_CHAMP","items_purchased":[],"campfire_rested":0,"item_purchase_floors":[],"current_hp_per_floor":[90,82,82,82,82,76,76,76,74,74,74,74,74,68,60,0,0,0],"gold":112,"neow_bonus":"BOSS_RELIC","is_daily":false,"chose_seed":false,"campfire_upgraded":3,"win_rate":0.0,"timestamp":1613163346,"path_taken":["R","M","M","?","M","M","T","R","?","?","R","?","R","M","M","BOSS"],"items_purchased_type":[],"build_version":"2020-12-22","purchased_purges":0,"victory":false,"max_hp_per_floor":[90,90,90,90,90,90,90,90,90,90,90,90,90,90,90,90,90,90],"card_choices":[{"not_picked":["champ:BladeFlurry","champ:Backstep"],"picked":"champ:BringItOn","floor":2},{"not_picked":["champ:PerfectedStrike","champ:PreciseThrust"],"picked":"champ:DefensiveStyle","floor":3},{"not_picked":["champ:TornadoPunch","champ:Duel"],"picked":"champ:FlashCut","floor":5},{"not_picked":["champ:AdrenalArmor","champ:DefensiveShout","champ:GutPunch"],"picked":"SKIP","floor":6},{"not_picked":["champ:StanceDance","champ:RapidStrikes"],"picked":"champ:IronFortress","floor":9},{"not_picked":["champ:FlashCut","champ:Backstep"],"picked":"champ:RageSigil","floor":14},{"not_picked":["champ:DefensiveShout","champ:CrownThrow"],"picked":"champ:BringItOn","floor":15}],"player_experience":495172,"relics_obtained":[{"floor":7,"key":"reliquary:QuartzCube"}],"event_choices":[{"damage_healed":0,"gold_gain":0,"player_choice":"Forge","damage_taken":0,"max_hp_gain":0,"max_hp_loss":0,"event_name":"Accursed Blacksmith","floor":4,"gold_loss":0,"cards_upgraded":["champ:DefensiveStyle"]}],"is_beta":false,"boss_relics":[],"items_purged_floors":[],"is_endless":false,"potions_floor_spawned":[5,14],"killed_by":"IC_STATUS_ARCHETYPE","ascension_level":2}}