{"host":"fbdlh90rovbiajun","time":1613117428,"event":{"mods":["AchievementEnabler","BaseMod","Colored Map","Minty Spire (QoL Compilation)","SuperFastMode"],"gold_per_floor":[109,109,184,184,196,208,208,133,158,158,158,174,74,91,91,192,192,207,207,207,207,207,207,224,224,273,291,291,306,143,159,159,262,262,281,191,209,259,259,259,270,293,293,293,311,325,325,378,378,378],"floor_reached":51,"language":"KOR","playtime":2002,"items_purged":["Defend_B","Defend_B","Strike_B+1"],"score":710,"play_id":"c61d0186-2417-41b2-8433-111836a44a59","local_time":"20210212171028","is_ascension_mode":false,"campfire_choices":[{"data":"Zap","floor":7,"key":"SMITH"},{"data":"Strike_B","floor":11,"key":"SMITH"},{"data":"Go for the Eyes","floor":15,"key":"SMITH"},{"data":"FTL","floor":23,"key":"SMITH"},{"data":"Skim","floor":25,"key":"SMITH"},{"data":"Streamline","floor":28,"key":"SMITH"},{"data":"Gash","floor":32,"key":"SMITH"},{"floor":40,"key":"REST"},{"floor":44,"key":"REST"},{"floor":47,"key":"REST"},{"floor":49,"key":"REST"}],"circlet_count":0,"master_deck":["Defend_B+1","Zap+1","Dualcast+1","Streamline+1","Go for the Eyes+1","Skim+1","FTL+1","Skim+1","Gash+1","Scrape+1","Gash+1"],"relics":["Cracked Core","NeowsBlessing","Orichalcum","Empty Cage","Blood Vial","Runic Pyramid","Unceasing Top","Pen Nib","Meat on the Bone","StoneCalendar"],"acts_visited":["Exordium","TheCity","TheBeyond"],"potions_floor_usage":[33],"damage_taken":[{"damage":0,"enemies":"Small Slimes","floor":1,"turns":1},{"damage":0,"enemies":"2 Louse","floor":5,"turns":1},{"damage":0,"enemies":"Cultist","floor":6,"turns":1},{"damage":0,"enemies":"Large Slime","floor":12,"turns":4},{"damage":6,"enemies":"Blue Slaver","floor":14,"turns":2},{"damage":32,"enemies":"Slime Boss","floor":16,"turns":8},{"damage":0,"enemies":"Chosen","floor":18,"turns":3},{"damage":5,"enemies":"3 Byrds","floor":24,"turns":4},{"damage":15,"enemies":"Shelled Parasite and Fungi","floor":27,"turns":3},{"damage":0,"enemies":"Chosen and Byrds","floor":29,"turns":3},{"damage":11,"enemies":"Centurion and Healer","floor":31,"turns":3},{"damage":28,"enemies":"Automaton","floor":33,"turns":5},{"damage":1,"enemies":"Orb Walker","floor":35,"turns":2},{"damage":8,"enemies":"3 Shapes","floor":37,"turns":2},{"damage":0,"enemies":"Mind Bloom Boss Battle","floor":38,"turns":3},{"damage":2,"enemies":"Sphere and 2 Shapes","floor":41,"turns":3},{"damage":0,"enemies":"Jaw Worm Horde","floor":45,"turns":2},{"damage":9,"enemies":"Writhing Mass","floor":46,"turns":2},{"damage":4,"enemies":"2 Orb Walkers","floor":48,"turns":2},{"damage":18,"enemies":"Awakened One","floor":50,"turns":4}],"seed_played":"-4846636693349581705","potions_obtained":[{"floor":5,"key":"Weak Potion"},{"floor":6,"key":"Explosive Potion"},{"floor":12,"key":"AttackPotion"},{"floor":27,"key":"DistilledChaos"},{"floor":33,"key":"PotionOfCapacity"},{"floor":37,"key":"EssenceOfSteel"}],"is_trial":false,"path_per_floor":["M","?","?","?","M","M","R","$","T","?","R","M","$","M","R","B",null,"M","?","?","?","?","R","M","R","T","M","R","M","$","M","R","B",null,"M","?","M","?","?","R","M","T","T","R","M","M","R","?","R","B",null],"character_chosen":"DEFECT","items_purchased":["Skim"],"campfire_rested":4,"item_purchase_floors":[30],"current_hp_per_floor":[75,60,49,49,49,49,49,49,49,74,74,74,74,68,68,36,75,75,75,75,61,61,61,56,56,56,43,43,45,45,36,36,10,80,79,79,72,74,74,80,78,78,78,80,80,71,80,76,80,62],"gold":378,"neow_bonus":"THREE_ENEMY_KILL","is_daily":false,"chose_seed":false,"campfire_upgraded":7,"win_rate":0.0,"timestamp":1613117428,"path_taken":["M","?","?","?","M","?","R","$","T","?","R","M","$","M","R","BOSS","M","?","?","?","?","R","M","R","T","M","R","M","$","M","R","BOSS","M","?","?","?","?","R","M","?","T","R","?","M","R","?","R","BOSS"],"items_purchased_type":["Card"],"build_version":"2020-12-22","purchased_purges":3,"victory":true,"max_hp_per_floor":[75,75,75,75,75,75,75,75,75,75,75,75,75,75,75,75,75,75,75,75,80,80,80,80,80,80,80,80,80,80,80,80,80,80,80,80,80,80,80,80,80,80,80,80,80,80,80,80,80,80],"card_choices":[{"not_picked":["Leap","Doom and Gloom","Auto Shields"],"picked":"SKIP","floor":1},{"not_picked":["Fusion","Static Discharge","Hello World"],"picked":"SKIP","floor":5},{"not_picked":["Stack","Fusion","Turbo"],"picked":"SKIP","floor":6},{"not_picked":["Leap","Compile Driver"],"picked":"Streamline","floor":12},{"not_picked":["Tempest","Amplify"],"picked":"Go for the Eyes","floor":14},{"not_picked":["Coolheaded+1","Rip and Tear"],"picked":"Skim","floor":18},{"not_picked":["Stack+1","Barrage","Conserve Battery"],"picked":"SKIP","floor":24},{"not_picked":["Go for the Eyes","Streamline","Sunder"],"picked":"SKIP","floor":27},{"not_picked":["Steam","Sweeping Beam","Auto Shields+1"],"picked":"SKIP","floor":29},{"not_picked":["Coolheaded+1","Cold Snap"],"picked":"Gash","floor":31},{"not_picked":["Redo+1","Rip and Tear","Self Repair"],"picked":"SKIP","floor":35},{"not_picked":["Auto Shields","Barrage+1","Chaos"],"picked":"SKIP","floor":37},{"not_picked":["Stack+1","Rebound"],"picked":"Scrape+1","floor":38},{"not_picked":["Leap","Hologram+1","Cold Snap"],"picked":"SKIP","floor":41},{"not_picked":["Fusion+1","Leap+1"],"picked":"Gash+1","floor":45},{"not_picked":["White Noise","Aggregate+1","Leap+1"],"picked":"SKIP","floor":46}],"player_experience":8117,"relics_obtained":[{"floor":9,"key":"Orichalcum"},{"floor":26,"key":"Blood Vial"},{"floor":38,"key":"Unceasing Top"},{"floor":42,"key":"Pen Nib"},{"floor":43,"key":"Meat on the Bone"},{"floor":48,"key":"StoneCalendar"}],"event_choices":[{"damage_healed":0,"gold_gain":0,"player_choice":"Entered Light","damage_taken":15,"max_hp_gain":0,"max_hp_loss":0,"event_name":"Shining Light","floor":2,"gold_loss":0,"cards_upgraded":["Defend_B","Strike_B"]},{"damage_healed":0,"gold_gain":75,"player_choice":"Gather Gold","damage_taken":11,"max_hp_gain":0,"max_hp_loss":0,"event_name":"World of Goop","floor":3,"gold_loss":0},{"damage_healed":0,"gold_gain":0,"player_choice":"Forge","damage_taken":0,"max_hp_gain":0,"max_hp_loss":0,"event_name":"Accursed Blacksmith","floor":4,"gold_loss":0,"cards_upgraded":["Dualcast"]},{"damage_healed":25,"gold_gain":0,"player_choice":"Banana","damage_taken":0,"max_hp_gain":0,"max_hp_loss":0,"event_name":"Big Fish","floor":10,"gold_loss":0},{"cards_removed":["Defend_B"],"damage_healed":0,"gold_gain":0,"player_choice":"Elegance","damage_taken":0,"max_hp_gain":0,"max_hp_loss":0,"event_name":"Back to Basics","floor":19,"gold_loss":0},{"damage_healed":0,"gold_gain":0,"player_choice":"Ignored","damage_taken":0,"max_hp_gain":0,"max_hp_loss":0,"event_name":"Ghosts","floor":20,"gold_loss":0},{"damage_healed":0,"gold_gain":0,"player_choice":"Shed Blood","damage_taken":19,"max_hp_gain":5,"max_hp_loss":0,"event_name":"Forgotten Altar","floor":21,"gold_loss":0},{"damage_healed":0,"gold_gain":0,"player_choice":"Read","damage_taken":0,"max_hp_gain":0,"max_hp_loss":0,"event_name":"The Library","floor":22,"gold_loss":0,"cards_obtained":["FTL"]},{"cards_removed":["Strike_B"],"damage_healed":0,"gold_gain":0,"player_choice":"Upgrade and Remove","damage_taken":0,"max_hp_gain":0,"max_hp_loss":0,"event_name":"Designer","floor":36,"gold_loss":90,"cards_upgraded":["Skim"]},{"damage_healed":0,"gold_gain":0,"player_choice":"Fight","damage_taken":0,"max_hp_gain":0,"max_hp_loss":0,"event_name":"MindBloom","floor":38,"gold_loss":0},{"damage_healed":0,"gold_gain":0,"player_choice":"Ignored","damage_taken":0,"max_hp_gain":0,"max_hp_loss":0,"event_name":"Tomb of Lord Red Mask","floor":39,"gold_loss":0},{"damage_healed":0,"gold_gain":0,"player_choice":"Fight","damage_taken":0,"max_hp_gain":0,"max_hp_loss":0,"event_name":"Mysterious Sphere","floor":48,"gold_loss":0}],"is_beta":false,"boss_relics":[{"not_picked":["FrozenCore","Philosopher\u0027s Stone"],"picked":"Empty Cage"},{"not_picked":["Astrolabe","Coffee Dripper"],"picked":"Runic Pyramid"}],"items_purged_floors":[8,13,30],"is_endless":false,"potions_floor_spawned":[5,6,12,27,29,31,33,35,37,41,48],"ascension_level":0}}