{"host":"og21o26alpnbwmz8","time":1613148879,"event":{"mods":["Act Like it!","Aspiration","BaseMod","Conspire","Downfall","Gensokyo","Halation","Hubris","Jedi Mod","Mimic Mod","Minty Spire (QoL Compilation)","Pale of the Ancients","Reliquary","Replay The Spire","Shop Mod","Spikes Relics","StSLib","The Alterego","The Blue Laboratory","The Poker Player","The Witch","Waifu the Spire","Yuri Mod"],"gold_per_floor":[99,112,128,128,141,141,141,41,41,26,26,54,54,68,87,87,87,87],"floor_reached":16,"language":"ENG","playtime":495,"items_purged":[],"score":100,"play_id":"b9e632ae-810e-416b-93f0-f2c0a72d118e","local_time":"20210212115439","is_ascension_mode":false,"campfire_choices":[{"data":"champ:Taunt","floor":1,"key":"SMITH"},{"data":"champ:FaceSlap","floor":8,"key":"SMITH"},{"data":"champ:FaceSlap","floor":13,"key":"SMITH"}],"circlet_count":0,"master_deck":["champ:Strike","champ:Defend","champ:Defend","champ:Defend","champ:Defend","champ:Execute","champ:Taunt+1","champ:FaceSlap+1","champ:FanOfKnives","Pride","champ:AdrenalArmor","champ:BerserkersShout+1","Backstab","Grand Finale","m_BronzeAgony","champ:FaceSlap+1"],"relics":["champ:ChampionCrown","Tiny Chest","downfall:HeartBlessingBlue","halation:WeightlessCrab","Chameleon Ring"],"acts_visited":["Exordium"],"potions_floor_usage":[],"damage_taken":[{"damage":10,"enemies":"Gensokyo:Python","floor":2,"turns":3},{"damage":15,"enemies":"Gensokyo:Gryphon","floor":3,"turns":4},{"damage":52,"enemies":"Gensokyo:2_Kodama","floor":5,"turns":5},{"damage":20,"enemies":"downfall:FleeingMerchant","floor":10,"turns":4},{"damage":82,"enemies":"Gensokyo:Aya","floor":12,"turns":6},{"damage":21,"enemies":"Gensokyo:VengefulSpirit","floor":14,"turns":3},{"damage":15,"enemies":"Gensokyo:LivingMonolith","floor":15,"turns":2},{"damage":61,"enemies":"DF_ARCHETYPE_STREAMLINE","floor":16,"turns":4}],"seed_played":"7889584837939528327","potions_obtained":[{"floor":2,"key":"AttackPotion"},{"floor":5,"key":"Reflective Coating"},{"floor":14,"key":"jedi:holywater"}],"is_trial":false,"path_per_floor":["R","M","M","?","M","?","T","R","T","$","?","E","R","M","M","B"],"character_chosen":"THE_CHAMP","items_purchased":[],"campfire_rested":0,"item_purchase_floors":[],"current_hp_per_floor":[90,90,90,55,48,48,48,58,58,58,58,53,53,57,57,0,0,0],"gold":87,"neow_bonus":"RANDOM_COMMON_RELIC","is_daily":false,"chose_seed":false,"campfire_upgraded":3,"win_rate":0.0,"timestamp":1613148879,"path_taken":["R","M","M","?","?","?","T","R","?","$","?","E","R","?","M","BOSS"],"items_purchased_type":[],"build_version":"2020-12-22","purchased_purges":0,"victory":false,"max_hp_per_floor":[90,90,90,90,90,90,90,100,100,100,100,100,100,100,100,100,100,100],"card_choices":[{"not_picked":["champ:SwordSigil","champ:SetATrap"],"picked":"champ:FaceSlap","floor":2},{"not_picked":["champ:TornadoPunch","champ:PreciseThrust"],"picked":"champ:FanOfKnives","floor":3},{"not_picked":["champ:ViciousMockery","champ:ShieldSigil"],"picked":"champ:AdrenalArmor","floor":5},{"not_picked":["champ:Circumvent","champ:ArenaPreparation","champ:GutPunch"],"picked":"SKIP","floor":10},{"not_picked":["champ:PerfectedStrike","champ:BerserkersShout"],"picked":"champ:FaceSlap","floor":12},{"not_picked":["champ:FlashCut","champ:Endure","champ:PerfectedStrike"],"picked":"SKIP","floor":14},{"not_picked":["champ:ShieldSlam","champ:FocusedDefense","champ:GutPunch"],"picked":"SKIP","floor":15}],"player_experience":260295,"relics_obtained":[{"floor":9,"key":"halation:WeightlessCrab"},{"floor":12,"key":"Chameleon Ring"}],"event_choices":[],"is_beta":false,"boss_relics":[],"items_purged_floors":[],"is_endless":false,"potions_floor_spawned":[2,5,14],"killed_by":"DF_ARCHETYPE_STREAMLINE","ascension_level":0}}