{"host":"xwgrz7y3g1a3iikb","time":1613162436,"event":{"mods":["BaseMod","Bestiary","Minty Spire (QoL Compilation)","Permanent Neow","Quick Restart","Relic Stats","StSLib","ojb\u0027s Info Mod"],"gold_per_floor":[119,132,132,149,149,177,177,177,177],"floor_reached":8,"language":"ENG","playtime":241,"items_purged":[],"score":112,"play_id":"91b95c4b-3679-4e60-8c64-9369937f4252","local_time":"20210212124036","is_ascension_mode":true,"campfire_choices":[{"floor":7,"key":"REST"}],"circlet_count":0,"master_deck":["AscendersBane","Strike_R","Strike_R","Strike_R","Strike_R","Defend_R","Defend_R","Defend_R","Defend_R","Bash","Reaper","Pommel Strike","Armaments","True Grit","Barricade"],"relics":["Burning Blood","Question Card"],"acts_visited":["Exordium"],"potions_floor_usage":[6],"damage_taken":[{"damage":5,"enemies":"Small Slimes","floor":1,"turns":4},{"damage":1,"enemies":"Cultist","floor":2,"turns":3},{"damage":12,"enemies":"Jaw Worm","floor":4,"turns":5},{"damage":58,"enemies":"Lagavulin","floor":6,"turns":9},{"damage":66,"enemies":"Gremlin Nob","floor":8,"turns":5}],"seed_played":"-3736970295487265642","potions_obtained":[{"floor":4,"key":"Explosive Potion"}],"is_trial":false,"path_per_floor":["M","M","?","M","?","E","R","E"],"character_chosen":"IRONCLAD","items_purchased":[],"campfire_rested":1,"item_purchase_floors":[],"current_hp_per_floor":[75,75,75,73,78,29,53,0,0],"gold":177,"neow_bonus":"ONE_RANDOM_RARE_CARD","is_daily":false,"chose_seed":false,"campfire_upgraded":0,"win_rate":0.0,"timestamp":1613162436,"path_taken":["M","M","?","?","?","E","R","E"],"items_purchased_type":[],"build_version":"2020-12-22","purchased_purges":0,"victory":false,"max_hp_per_floor":[75,75,75,75,80,80,80,80,80],"relic_stats":{"counters":[5,26],"Question Card":0,"obtain_stats":[{"Question Card":6,"Burning Blood":0},{"Question Card":4,"Burning Blood":0},{"Question Card":21,"Burning Blood":0}],"Burning Blood":15},"card_choices":[{"not_picked":["True Grit","Sword Boomerang"],"picked":"Pommel Strike","floor":1},{"not_picked":["Warcry","Blood for Blood"],"picked":"Armaments","floor":2},{"not_picked":["Thunderclap","Rupture"],"picked":"True Grit","floor":4},{"not_picked":["Flame Barrier","Flex"],"picked":"Barricade","floor":6}],"player_experience":339141,"relics_obtained":[{"floor":6,"key":"Question Card"}],"event_choices":[{"cards_removed":["Strike_R"],"damage_healed":0,"gold_gain":0,"player_choice":"Offered Basic","damage_taken":0,"max_hp_gain":0,"max_hp_loss":0,"event_name":"Bonfire Elementals","floor":3,"gold_loss":0},{"damage_healed":0,"gold_gain":0,"player_choice":"Donut","damage_taken":0,"max_hp_gain":5,"max_hp_loss":0,"event_name":"Big Fish","floor":5,"gold_loss":0}],"is_beta":false,"boss_relics":[],"items_purged_floors":[],"is_endless":false,"potions_floor_spawned":[4],"killed_by":"Gremlin Nob","ascension_level":20}}