{"host":"cepa1iaiubs928mn","time":1613118356,"event":{"mods":["Bard","BaseMod","Conspire","Gremlin Mod","Hermit","Hero for Fun","Hubris","KinomotoSakuraMod(Ÿ Ò˝‹‚?)","Luminous","Mimic Mod","Minty Spire (QoL Compilation)","Quick Restart","Replay The Spire","Robot Space Explorer","Shop Mod","StSLib","The Alterego","The Bug Knight","The Construct","The Cursed","The Disciple","The Hierophant","The Marked","The Necromancer","The Poker Player","The Senshi","The Servant 0.9.4","The Spell Scribe","The Witch","Yuri Mod"],"gold_per_floor":[112,112,112,37,54,80,100,100,100,120,20,39,39,49,109,109,109],"floor_reached":16,"language":"KOR","playtime":950,"items_purged":["theSenshi:SailorBlock","theSenshi:SailorKick"],"score":127,"play_id":"f5ef1dc8-c1da-4292-94e5-813082028188","local_time":"20210212172556","is_ascension_mode":false,"campfire_choices":[{"data":"theSenshi:SailorMercuryAssists","floor":8,"key":"SMITH"}],"circlet_count":0,"master_deck":["theSenshi:SailorKick","theSenshi:SailorKick","theSenshi:SailorBlock","theSenshi:SailorBlock","theSenshi:RoseThrow","theSenshi:MoonPrismPowerMakeUp","theSenshi:SailorMarsAssists","theSenshi:TallSilhouette","theSenshi:LunasBite","theSenshi:SailorStarMakerAssists","theSenshi:SailorMercuryAssists+1","theSenshi:MoonPunch","theSenshi:EncouragingSpeech","theSenshi:StudyParty"],"relics":["theSenshi:TransformationBroochRelic","NeowsBlessing","theSenshi:TiaraRelic","Gremlin Horn","ReplayFunnel"],"acts_visited":["Exordium"],"potions_floor_usage":[15,16,16],"damage_taken":[{"damage":0,"enemies":"Cultist","floor":1,"turns":1},{"damage":0,"enemies":"Jaw Worm","floor":5,"turns":1},{"damage":0,"enemies":"3 Sentries","floor":6,"turns":2},{"damage":5,"enemies":"Small Slimes","floor":7,"turns":3},{"damage":15,"enemies":"2 Fungi Beasts","floor":10,"turns":3},{"damage":4,"enemies":"Exordium Thugs","floor":12,"turns":5},{"damage":3,"enemies":"Blue Slaver","floor":14,"turns":3},{"damage":19,"enemies":"Lagavulin Event","floor":15,"turns":7},{"damage":25,"enemies":"Slime Boss","floor":16,"turns":10}],"seed_played":"4374434570193261382","potions_obtained":[{"floor":1,"key":"Doom Potion"},{"floor":6,"key":"GamblersBrew"},{"floor":12,"key":"SpeedPotion"},{"floor":15,"key":"AttackPotion"}],"is_trial":false,"path_per_floor":["M","?","?","$","M","E","M","R","T","M","$","M","?","M","R","B"],"character_chosen":"THE_SENSHI","items_purchased":[],"campfire_rested":0,"item_purchase_floors":[],"current_hp_per_floor":[75,68,68,68,68,68,63,63,63,48,48,44,44,41,22,0,0],"gold":109,"neow_bonus":"THREE_ENEMY_KILL","is_daily":false,"chose_seed":false,"campfire_upgraded":1,"win_rate":0.0,"timestamp":1613118356,"path_taken":["M","?","?","$","?","E","M","R","T","M","?","M","?","M","R","BOSS"],"items_purchased_type":[],"build_version":"2020-12-22","purchased_purges":2,"victory":false,"max_hp_per_floor":[75,75,75,75,75,75,75,75,75,75,75,75,75,75,75,75,75],"card_choices":[{"not_picked":["theSenshi:SailorUranusAssists","theSenshi:DramaticEntrance"],"picked":"theSenshi:SailorMarsAssists","floor":1},{"not_picked":["theSenshi:LunaWiseMentor","theSenshi:TallSilhouette"],"picked":"theSenshi:LunasBite","floor":5},{"not_picked":["theSenshi:MoonPrincessHalation","theSenshi:MoonSpiralHeartAttack"],"picked":"theSenshi:SailorStarMakerAssists","floor":6},{"not_picked":["theSenshi:MoonKick","theSenshi:RainbowMoonHeartAche"],"picked":"theSenshi:SailorMercuryAssists","floor":7},{"not_picked":["theSenshi:MoonKick","theSenshi:MoonTiaraMagic"],"picked":"theSenshi:MoonPunch","floor":10},{"not_picked":["theSenshi:LunasBite","theSenshi:SailorNeptuneAssists"],"picked":"theSenshi:EncouragingSpeech","floor":12},{"not_picked":["theSenshi:SailorMercuryAssists","theSenshi:SailorUranusAssists"],"picked":"theSenshi:StudyParty","floor":14}],"player_experience":2847,"relics_obtained":[{"floor":6,"key":"theSenshi:TiaraRelic"},{"floor":9,"key":"Gremlin Horn"},{"floor":15,"key":"ReplayFunnel"}],"event_choices":[{"cards_removed":["theSenshi:SailorBlock"],"damage_healed":0,"gold_gain":0,"player_choice":"Card Removal","damage_taken":7,"max_hp_gain":0,"max_hp_loss":0,"event_name":"Golden Wing","floor":2,"gold_loss":0},{"damage_healed":0,"gold_gain":0,"cards_transformed":["theSenshi:SailorKick"],"player_choice":"Transformed","damage_taken":0,"max_hp_gain":0,"max_hp_loss":0,"event_name":"Transmorgrifier","floor":3,"gold_loss":0,"cards_obtained":["theSenshi:TallSilhouette"]},{"damage_healed":0,"gold_gain":0,"player_choice":"Leave","damage_taken":0,"max_hp_gain":0,"max_hp_loss":0,"event_name":"The Cleric","floor":13,"gold_loss":0},{"damage_healed":0,"gold_gain":0,"player_choice":"Searched \u00271\u0027 times","damage_taken":0,"max_hp_gain":0,"max_hp_loss":0,"event_name":"Dead Adventurer","floor":15,"gold_loss":0}],"is_beta":false,"boss_relics":[],"items_purged_floors":[4,11],"is_endless":false,"potions_floor_spawned":[1,6,12,15],"killed_by":"Slime Boss","ascension_level":0}}