{"host":"lnnm69al9x392px5","time":1613105772,"event":{"mods":["BaseMod","Downfall","Minty Spire (QoL Compilation)","Reliquary","Replay The Spire","StSLib"],"gold_per_floor":[99,110,110,130,140,153,205,205,221,249,249,249,249,249,16,28,44,146,146,146,165,165,165,165,177,177,177,268,268,286,321,340,340,340,340],"floor_reached":33,"language":"ENG","playtime":1093,"items_purged":["Pain"],"score":292,"play_id":"100b05cd-a3b9-4dca-b022-9f07f63630f2","local_time":"20210211205612","is_ascension_mode":false,"campfire_choices":[{"data":"Slimebound:CorrosiveSpit","floor":1,"key":"SMITH"},{"data":"Slimebound:SplitBruiser","floor":8,"key":"SMITH"},{"floor":11,"key":"REST"},{"data":"Slimebound:SplitSpecialist","floor":14,"key":"SMITH"},{"data":"Slimebound:FirmFortitude","floor":20,"key":"SMITH"},{"data":"Slimebound:Recycling","floor":27,"key":"SMITH"},{"floor":29,"key":"REST"}],"circlet_count":0,"master_deck":["Slimebound:Tackle","Slimebound:Defend_Slimebound","Slimebound:Defend_Slimebound","Slimebound:Defend_Slimebound","Slimebound:Defend_Slimebound","Slimebound:Split","Slimebound:CorrosiveSpit+1","Slimebound:RollThrough","Slimebound:SplitBruiser+1","Slimebound:Nibble","Slimebound:SlimeSpikes","Slimebound:FlameTackle","Slimebound:SplitSpecialist+1","Slimebound:SplitBruiser","Slimebound:FirmFortitude+1","Slimebound:Recycling+1","Slimebound:FormOfPuddle","Slimebound:Tackle+1","Slimebound:Tackle+1","Slimebound:Tackle+1","Slimebound:Chomp+1","Slimebound:SlimeBarrage","Slimebound:SplitMire+1","Slimebound:SplitAcid+1"],"relics":["Slimebound:AbsorbEndCombat","WarpedTongs","Nunchaku","Juzu Bracelet","Pen Nib","Snecko Eye","Toxic Egg 2","Art of War"],"acts_visited":["Exordium","TheCity"],"potions_floor_usage":[33],"damage_taken":[{"damage":1,"enemies":"Jaw Worm","floor":2,"turns":4},{"damage":8,"enemies":"Cultist","floor":4,"turns":4},{"damage":4,"enemies":"2 Louse","floor":5,"turns":2},{"damage":37,"enemies":"Gremlin Gang","floor":6,"turns":5},{"damage":8,"enemies":"Large Slime","floor":9,"turns":4},{"damage":14,"enemies":"Gremlin Nob","floor":10,"turns":3},{"damage":3,"enemies":"downfall:FleeingMerchant","floor":15,"turns":4},{"damage":1,"enemies":"Blue Slaver","floor":16,"turns":2},{"damage":0,"enemies":"3 Louse","floor":17,"turns":2},{"damage":12,"enemies":"SI_SHIV_ARCHETYPE","floor":18,"turns":7},{"damage":9,"enemies":"3 Byrds","floor":21,"turns":4},{"damage":19,"enemies":"Spheric Guardian","floor":25,"turns":3},{"damage":18,"enemies":"Snecko","floor":30,"turns":3},{"damage":0,"enemies":"Gremlin Leader","floor":31,"turns":4},{"damage":6,"enemies":"Chosen and Byrds","floor":32,"turns":3},{"damage":35,"enemies":"Slavers","floor":33,"turns":3}],"seed_played":"-5558715407106724076","potions_obtained":[{"floor":5,"key":"BlessingOfTheForge"},{"floor":6,"key":"sneckomod:MuddlingPotion"},{"floor":9,"key":"Dexterity Potion"}],"is_trial":false,"path_per_floor":["R","M","?","M","M","M","T","R","M","E","R","PTL","PTL","R","$","M","M","B",null,"R","M","?","?","?","M","T","R","?","R","M","E","M","E"],"character_chosen":"SLIMEBOUND","items_purchased":["Pen Nib"],"campfire_rested":2,"item_purchase_floors":[15],"current_hp_per_floor":[71,71,71,65,63,32,32,32,26,14,35,35,35,35,34,37,39,33,71,71,62,62,62,62,45,45,45,28,49,33,37,37,4,4,4],"gold":340,"neow_bonus":"TEN_PERCENT_HP_BONUS","is_daily":false,"chose_seed":false,"campfire_upgraded":5,"win_rate":0.0,"timestamp":1613105772,"path_taken":["R","M","?","M","M","M","T","R","?","E","R","PTL","PTL","R","$","M","M","BOSS","R","M","?","?","?","M","T","R","?","R","M","E","M","E"],"items_purchased_type":["Relic"],"build_version":"2020-12-22","purchased_purges":1,"victory":false,"max_hp_per_floor":[71,71,71,71,71,71,71,71,71,71,71,71,71,71,71,71,71,71,71,71,71,71,71,71,71,71,71,71,71,71,71,71,71,71,71],"card_choices":[{"not_picked":["Slimebound:HauntingLick","Slimebound:ComboTackle"],"picked":"Slimebound:RollThrough","floor":2},{"not_picked":["Slimebound:GoopTackle","Slimebound:SpikyOuterGoop"],"picked":"Slimebound:SplitBruiser","floor":4},{"not_picked":["Slimebound:SlimeSpikes","Slimebound:ProtectTheBoss"],"picked":"Slimebound:Nibble","floor":5},{"not_picked":["Slimebound:LeechEnergy","Slimebound:ProtectTheBoss"],"picked":"Slimebound:SlimeSpikes","floor":6},{"not_picked":["Slimebound:SplitMire","Slimebound:LivingWall"],"picked":"Slimebound:FlameTackle","floor":9},{"not_picked":["Slimebound:ServeAndProtect","Slimebound:LeechingTouch"],"picked":"Slimebound:SplitSpecialist","floor":10},{"not_picked":["Slimebound:SplitLeeching","Slimebound:LeechEnergy"],"picked":"Slimebound:SplitBruiser","floor":15},{"not_picked":["Slimebound:Nibble","Slimebound:RejuvenatingLick"],"picked":"Slimebound:FirmFortitude","floor":16},{"not_picked":["Slimebound:RollThrough","Slimebound:FinishingTackle","Slimebound:DivideAndConquer"],"picked":"SKIP","floor":17},{"not_picked":["Slimebound:FirmFortitude","Slimebound:OozeBath"],"picked":"Slimebound:Recycling","floor":18},{"not_picked":["Slimebound:AcidTongue","Slimebound:RollThrough"],"picked":"Slimebound:FormOfPuddle","floor":21},{"not_picked":["Slimebound:SplitLeeching","Slimebound:GoopSpray"],"picked":"Slimebound:Chomp+1","floor":25},{"not_picked":["Slimebound:FirmFortitude+1","Slimebound:SplitBruiser+1"],"picked":"Slimebound:SlimeBarrage","floor":28},{"not_picked":["Slimebound:GoopTackle","Slimebound:SlimeBrawl+1"],"picked":"Slimebound:SplitMire+1","floor":28},{"not_picked":["Slimebound:LeechingTouch","Slimebound:Grow"],"picked":"Slimebound:SplitAcid+1","floor":28},{"not_picked":["Slimebound:LeechingTouch+1","Slimebound:LivingWall+1","Slimebound:GoopTackle"],"picked":"SKIP","floor":30},{"not_picked":["Slimebound:Gluttony","Slimebound:Nibble","Slimebound:HungryTackle"],"picked":"SKIP","floor":31},{"not_picked":["Slimebound:DouseInSlime+1","Slimebound:Dissolve+1","Slimebound:Chomp"],"picked":"SKIP","floor":32}],"player_experience":294001,"relics_obtained":[{"floor":7,"key":"Nunchaku"},{"floor":10,"key":"Juzu Bracelet"},{"floor":26,"key":"Toxic Egg 2"},{"floor":31,"key":"Art of War"}],"event_choices":[{"damage_healed":0,"gold_gain":0,"player_choice":"Rummage","damage_taken":0,"relics_obtained":["WarpedTongs"],"max_hp_gain":0,"max_hp_loss":0,"event_name":"Accursed Blacksmith","floor":3,"gold_loss":0,"cards_obtained":["Pain"]},{"damage_healed":0,"gold_gain":0,"player_choice":"Ignored","damage_taken":0,"max_hp_gain":0,"max_hp_loss":0,"event_name":"Ghosts","floor":22,"gold_loss":0}],"is_beta":false,"boss_relics":[{"not_picked":["reliquary:Craggleroot","Slimebound:TarBlob"],"picked":"Snecko Eye"}],"items_purged_floors":[15],"is_endless":false,"potions_floor_spawned":[5,6,9,16,30],"killed_by":"Slavers","ascension_level":0}}