{"host":"qksa0nge77ubun9a","time":1613109387,"event":{"mods":["AchievementEnabler","BaseMod","Colored Map","Colored Powertips","Googly Eyes","Highlight Path","Minty Spire (QoL Compilation)","Quick Restart","StSLib"],"gold_per_floor":[111,111,129,204,75,75,106,116,140,140,0,0,0,39,39,135,135,150,249,174,195,215,66,66,104,129,129,149,149,162,162,162,258,258,272,303,324,324,173,206,206,12,85,85,105,149,149,149],"floor_reached":47,"language":"ENG","playtime":6567,"items_purged":["Defend_R","Strike_R","Strike_R"],"score":837,"play_id":"400b76b2-2a7d-4111-99ff-acd4d3ffea99","local_time":"20210211215627","is_ascension_mode":true,"campfire_choices":[{"data":"Immolate","floor":6.0,"key":"SMITH"},{"floor":10.0,"key":"REST"},{"data":"Trip","floor":12.0,"key":"SMITH"},{"data":"Havoc","floor":15.0,"key":"SMITH"},{"data":"Barricade","floor":24.0,"key":"SMITH"},{"data":"Body Slam","floor":27.0,"key":"SMITH"},{"data":"Fiend Fire","floor":29.0,"key":"SMITH"},{"floor":32.0,"key":"REST"},{"data":"True Grit","floor":41.0,"key":"SMITH"},{"data":"Rage","floor":44.0,"key":"SMITH"}],"circlet_count":0,"master_deck":["AscendersBane","Strike_R","Strike_R","Defend_R+1","Defend_R+1","Defend_R","Bash","Immolate+1","Whirlwind+1","Cleave","Flex","Burning Pact+1","Body Slam+1","Trip+1","Havoc+1","Barricade+1","Inflame","Feel No Pain","Rage+1","Fiend Fire+1","Intimidate","Shrug It Off+1","Metallicize","Panacea","Impervious","Disarm","Sentinel+1","Evolve","Madness","Madness","True Grit+1","Disarm"],"relics":["Burning Blood","War Paint","Potion Belt","Golden Idol","Lantern","Velvet Choker","Bag of Preparation","Orichalcum","SlaversCollar","Gambling Chip","Darkstone Periapt","Chemical X","Letter Opener","Pear"],"acts_visited":["TheCity","TheBeyond"],"potions_floor_usage":[47],"damage_taken":[{"damage":12.0,"enemies":"Jaw Worm","floor":1.0,"turns":3.0},{"damage":12.0,"enemies":"Small Slimes","floor":3.0,"turns":2.0},{"damage":10.0,"enemies":"3 Sentries","floor":7.0,"turns":3.0},{"damage":0.0,"enemies":"Cultist","floor":8.0,"turns":2.0},{"damage":16.0,"enemies":"Gremlin Nob","floor":14.0,"turns":3.0},{"damage":31.0,"enemies":"Slime Boss","floor":16.0,"turns":6.0},{"damage":11.0,"enemies":"2 Thieves","floor":18.0,"turns":2.0},{"damage":0.0,"enemies":"Chosen","floor":21.0,"turns":3.0},{"damage":36.0,"enemies":"Snecko","floor":22.0,"turns":5.0},{"damage":9.0,"enemies":"Gremlin Leader","floor":25.0,"turns":5.0},{"damage":0.0,"enemies":"3 Cultists","floor":28.0,"turns":2.0},{"damage":12.0,"enemies":"Snake Plant","floor":30.0,"turns":2.0},{"damage":33.0,"enemies":"Champ","floor":33.0,"turns":11.0},{"damage":0.0,"enemies":"3 Darklings","floor":35.0,"turns":1.0},{"damage":0.0,"enemies":"Mind Bloom Boss Battle","floor":36.0,"turns":7.0},{"damage":9.0,"enemies":"Orb Walker","floor":37.0,"turns":6.0},{"damage":5.0,"enemies":"Nemesis","floor":40.0,"turns":9.0},{"damage":32.0,"enemies":"Writhing Mass","floor":45.0,"turns":7.0},{"damage":15.0,"enemies":"Reptomancer","floor":46.0,"turns":4.0},{"damage":96,"enemies":"Transient","floor":47,"turns":5}],"seed_played":"-8064158225428720790","potions_obtained":[{"floor":1.0,"key":"SpeedPotion"},{"floor":25.0,"key":"HeartOfIron"},{"floor":28.0,"key":"PowerPotion"},{"floor":33.0,"key":"Strength Potion"},{"floor":37.0,"key":"Block Potion"},{"floor":40.0,"key":"AttackPotion"}],"is_trial":false,"path_per_floor":["M","?","M","?","$","R","E","M","T","R","$","R","?","E","R","B",null,"M","?","?","M","M","$","R","E","T","R","M","R","M","?","R","B",null,"M","?","M","?","$","E","R","$","T","R","M","E","M"],"character_chosen":"IRONCLAD","items_purchased":["Flex","Trip","Explosive Potion","Block Potion","True Grit","Chemical X","Block Potion"],"campfire_rested":2,"item_purchase_floors":[5,11,11,23,39,42,42],"current_hp_per_floor":[66,50,44,33,33,33,29,35,35,59,59,59,59,49,49,24,62,57,57,57,63,33,33,33,30,30,30,36,36,30,30,52,25,62,68,74,71,62,62,63,63,63,63,63,37,38,0,0],"gold":149,"neow_bonus":"ONE_RANDOM_RARE_CARD","is_daily":false,"chose_seed":false,"campfire_upgraded":8,"win_rate":0.0,"timestamp":1613109387,"path_taken":["M","?","M","?","$","R","E","M","T","R","$","R","?","E","R","BOSS","M","?","?","M","M","$","R","E","T","R","M","R","M","?","R","BOSS","M","?","M","?","$","E","R","?","T","R","M","E","M"],"items_purchased_type":["Card","Card","Potion","Potion","Card","Relic","Potion"],"build_version":"2020-12-22","purchased_purges":3,"victory":false,"max_hp_per_floor":[80,80,80,80,80,80,80,80,80,80,80,80,74,74,74,74,74,74,74,74,74,74,74,74,74,74,74,74,74,74,74,74,74,74,74,74,74,74,74,74,74,74,74,74,74,84,84,84],"card_choices":[{"not_picked":["Clothesline","Clash"],"picked":"Whirlwind","floor":1.0},{"not_picked":["Flex","Bloodletting"],"picked":"Cleave","floor":3.0},{"not_picked":["Headbutt","Thunderclap"],"picked":"Burning Pact","floor":7.0},{"not_picked":["Thunderclap","Rampage"],"picked":"Body Slam","floor":8.0},{"not_picked":["Dark Embrace","Shrug It Off"],"picked":"Havoc","floor":14.0},{"not_picked":["Brutality","Offering"],"picked":"Barricade","floor":16.0},{"not_picked":["Warcry","Clothesline"],"picked":"Inflame","floor":18.0},{"not_picked":["Dark Embrace","Uppercut"],"picked":"Feel No Pain","floor":21.0},{"not_picked":["Body Slam","Anger"],"picked":"Rage","floor":22.0},{"not_picked":["Second Wind+1","Berserk"],"picked":"Fiend Fire","floor":25.0},{"not_picked":["Flex","Pommel Strike"],"picked":"Intimidate","floor":28.0},{"not_picked":["Burning Pact","Wild Strike+1"],"picked":"Shrug It Off+1","floor":30.0},{"not_picked":["Offering","Brutality"],"picked":"Impervious","floor":33.0},{"not_picked":["Power Through","Ghostly Armor"],"picked":"Disarm","floor":35.0},{"not_picked":["Rage+1","Heavy Blade"],"picked":"Sentinel+1","floor":36.0},{"not_picked":["Heavy Blade","Sword Boomerang"],"picked":"Evolve","floor":37.0},{"not_picked":["Clothesline","Perfected Strike","Heavy Blade"],"picked":"SKIP","floor":40.0},{"not_picked":["Headbutt","Body Slam","Anger+1"],"picked":"SKIP","floor":45.0},{"not_picked":["True Grit","Cleave+1"],"picked":"Disarm","floor":46.0}],"player_experience":1404956,"relics_obtained":[{"floor":7.0,"key":"War Paint"},{"floor":9.0,"key":"Potion Belt"},{"floor":14.0,"key":"Lantern"},{"floor":25.0,"key":"Bag of Preparation"},{"floor":26.0,"key":"Orichalcum"},{"floor":36.0,"key":"Gambling Chip"},{"floor":40.0,"key":"Darkstone Periapt"},{"floor":43.0,"key":"Letter Opener"},{"floor":46.0,"key":"Pear"}],"event_choices":[{"damage_healed":0.0,"max_hp_gain":0.0,"max_hp_loss":0.0,"gold_gain":0.0,"event_name":"Shining Light","player_choice":"Entered Light","floor":2.0,"gold_loss":0.0,"damage_taken":16.0,"cards_upgraded":["Defend_R","Whirlwind"]},{"damage_healed":0.0,"max_hp_gain":0.0,"max_hp_loss":0.0,"gold_gain":75.0,"event_name":"World of Goop","player_choice":"Gather Gold","floor":4.0,"gold_loss":0.0,"damage_taken":11.0},{"damage_healed":0.0,"max_hp_gain":0.0,"max_hp_loss":6.0,"gold_gain":0.0,"event_name":"Golden Idol","player_choice":"Lose Max HP","floor":13.0,"gold_loss":0.0,"damage_taken":0.0,"relics_obtained":["Golden Idol"]},{"damage_healed":0.0,"max_hp_gain":0.0,"max_hp_loss":0.0,"gold_gain":99.0,"event_name":"Nest","player_choice":"Stole From Cult","floor":19.0,"gold_loss":0.0,"damage_taken":0.0},{"cards_removed":["Strike_R"],"damage_healed":0.0,"max_hp_gain":0.0,"max_hp_loss":0.0,"gold_gain":0.0,"event_name":"Beggar","player_choice":"Gave Gold","floor":20.0,"gold_loss":75.0,"damage_taken":0.0},{"damage_healed":0.0,"max_hp_gain":0.0,"max_hp_loss":0.0,"gold_gain":0.0,"event_name":"Match and Keep!","player_choice":"2 cards matched","floor":31.0,"gold_loss":0.0,"damage_taken":0.0,"cards_obtained":["Metallicize","Panacea"]},{"damage_healed":0.0,"max_hp_gain":0.0,"max_hp_loss":0.0,"gold_gain":0.0,"event_name":"MindBloom","player_choice":"Fight","floor":36.0,"gold_loss":0.0,"damage_taken":0.0},{"damage_healed":0.0,"max_hp_gain":0.0,"max_hp_loss":0.0,"gold_gain":0.0,"event_name":"Winding Halls","player_choice":"Embrace Madness","floor":38.0,"gold_loss":0.0,"damage_taken":9.0,"cards_obtained":["Madness","Madness"]}],"is_beta":false,"boss_relics":[{"not_picked":["Runic Cube","Black Blood"],"picked":"Velvet Choker"},{"not_picked":["Runic Dome","Philosopher\u0027s Stone"],"picked":"SlaversCollar"}],"items_purged_floors":[5,23,39],"is_endless":false,"potions_floor_spawned":[1,25,28,33,37,40],"killed_by":"Transient","ascension_level":13}}