{"host":"362zhnvmfmhc3u7b","time":1613098837,"event":{"mods":["BaseMod","Colored Powertips","Minty Spire (QoL Compilation)","Quick Restart","Rare Cards Sparkle","StSLib"],"gold_per_floor":[114,114,129,1,1,31,31,61,136,45,45,60,75,115,115,215,215,255,255,295,310,325,325,355,355,355,370,385,400,415,13,13,13,13],"floor_reached":33,"language":"ENG","playtime":4170,"items_purged":["Zap","Strike_R"],"score":331,"play_id":"716572df-7843-408f-8035-b96fb3e345b4","local_time":"20210211220037","daily_mods":["Chimera","Purple Cards","DeadlyEvents"],"is_ascension_mode":false,"campfire_choices":[{"data":"ClearTheMind","floor":11,"key":"SMITH"},{"data":"Vault","floor":15,"key":"SMITH"},{"data":"ThirdEye","floor":23,"key":"SMITH"},{"floor":25,"key":"REST"},{"floor":32,"key":"REST"}],"circlet_count":0,"master_deck":["Bash","Survivor","Eruption+1","Strike_G","Strike_B","Defend_R","Defend_G","Defend_P","Quick Slash","Collect","Vault+1","CutThroughFate","Slice","ClearTheMind+1","Cloak And Dagger","Adaptation+1","FollowUp","ThirdEye+1","Wish","Backflip","After Image+1","Distraction","RitualDagger","EmptyMind","SashWhip+1","Dagger Spray","Riddle With Holes+1","DeceiveReality+1","EmptyFist+1","Protect","Backstab+1","Trip","WheelKick+1","CrushJoints+1","Noxious Fumes+1","Setup"],"relics":["Ring of the Snake","Unceasing Top","Sundial","Frozen Egg 2","Black Star","StrikeDummy","Smiling Mask","Molten Egg 2"],"acts_visited":["Exordium","TheCity"],"potions_floor_usage":[6,16,16,24,29,30,33],"damage_taken":[{"damage":2,"enemies":"Small Slimes","floor":1,"turns":3},{"damage":0,"enemies":"Cultist","floor":3,"turns":2},{"damage":0,"enemies":"Lagavulin","floor":6,"turns":4},{"damage":31,"enemies":"3 Sentries","floor":8,"turns":8},{"damage":0,"enemies":"2 Louse","floor":12,"turns":2},{"damage":0,"enemies":"Exordium Wildlife","floor":13,"turns":3},{"damage":4,"enemies":"3 Louse","floor":14,"turns":4},{"damage":5,"enemies":"Hexaghost","floor":16,"turns":7},{"damage":3,"enemies":"Shell Parasite","floor":18,"turns":9},{"damage":1,"enemies":"Chosen","floor":20,"turns":6},{"damage":11,"enemies":"Centurion and Healer","floor":21,"turns":7},{"damage":14,"enemies":"Snake Plant","floor":22,"turns":7},{"damage":6,"enemies":"Slavers","floor":24,"turns":6},{"damage":21,"enemies":"3 Cultists","floor":27,"turns":5},{"damage":5,"enemies":"Centurion and Healer","floor":28,"turns":6},{"damage":0,"enemies":"Snecko","floor":29,"turns":7},{"damage":10,"enemies":"3 Cultists","floor":30,"turns":7},{"damage":40,"enemies":"Automaton","floor":33,"turns":6}],"seed_played":"-8399458303924539785","potions_obtained":[{"floor":3,"key":"EssenceOfSteel"},{"floor":8,"key":"ColorlessPotion"},{"floor":12,"key":"Strength Potion"},{"floor":22,"key":"EssenceOfSteel"},{"floor":24,"key":"GamblersBrew"},{"floor":27,"key":"Energy Potion"},{"floor":28,"key":"Poison Potion"}],"is_trial":false,"path_per_floor":["M","?","M","$","?","E","$","E","T","$","R","M","M","M","R","B",null,"M","?","M","M","M","R","E","R","T","M","M","M","M","$","R","B"],"character_chosen":"THE_SILENT","items_purchased":["Slice","Adaptation+1","FollowUp","Trip","WheelKick+1","CrushJoints+1","Noxious Fumes+1","Setup"],"campfire_rested":2,"item_purchase_floors":[4,10,10,31,31,31,31,31],"current_hp_per_floor":[68,68,68,68,68,68,68,37,37,37,37,37,37,33,33,28,70,67,61,60,49,35,35,29,50,50,29,24,24,14,14,35,0,0],"gold":13,"neow_bonus":"","is_daily":true,"chose_seed":false,"campfire_upgraded":3,"win_rate":0.0,"timestamp":1613098837,"path_taken":["M","?","M","?","?","E","$","E","T","$","R","M","M","M","R","BOSS","M","?","M","M","M","R","E","R","T","M","M","M","M","$","R","BOSS"],"items_purchased_type":["Card","Card","Card","Card","Card","Card","Card","Card"],"build_version":"2020-12-22","purchased_purges":2,"victory":false,"max_hp_per_floor":[70,70,70,70,70,70,70,70,70,70,70,70,70,70,70,70,70,70,70,70,70,70,70,70,70,70,70,70,70,70,70,70,70,70],"card_choices":[{"not_picked":["PiercingWail","Outmaneuver"],"picked":"Quick Slash","floor":1},{"not_picked":["WindmillStrike","Backflip"],"picked":"CutThroughFate","floor":3},{"not_picked":["Flying Knee","Outmaneuver"],"picked":"ClearTheMind","floor":6},{"not_picked":["Dodge and Roll","Wireheading"],"picked":"Cloak And Dagger","floor":8},{"not_picked":["Reflex","Prepared"],"picked":"ThirdEye","floor":12},{"not_picked":["WindmillStrike","Acrobatics"],"picked":"Wish","floor":13},{"not_picked":["SashWhip","Poisoned Stab"],"picked":"Backflip","floor":14},{"not_picked":["Die Die Die","ConjureBlade"],"picked":"After Image+1","floor":16},{"not_picked":["Underhanded Strike","CrushJoints"],"picked":"Distraction","floor":18},{"not_picked":["ReachHeaven","Quick Slash"],"picked":"EmptyMind","floor":20},{"not_picked":["All Out Attack","ThirdEye"],"picked":"SashWhip+1","floor":21},{"not_picked":["SashWhip+1","Distraction"],"picked":"Dagger Spray","floor":22},{"not_picked":["Acrobatics","Grand Finale"],"picked":"Riddle With Holes+1","floor":24},{"not_picked":["FollowUp+1","Prostrate"],"picked":"DeceiveReality+1","floor":27},{"not_picked":["CrushJoints+1","Cloak And Dagger"],"picked":"EmptyFist+1","floor":28},{"not_picked":["Dodge and Roll","Sanctity"],"picked":"Protect","floor":29},{"not_picked":["Calculated Gamble","Worship"],"picked":"Backstab+1","floor":30}],"player_experience":1589384,"relics_obtained":[{"floor":6,"key":"Unceasing Top"},{"floor":8,"key":"Sundial"},{"floor":9,"key":"Frozen Egg 2"},{"floor":24,"key":"StrikeDummy"},{"floor":24,"key":"Smiling Mask"},{"floor":26,"key":"Molten Egg 2"}],"event_choices":[{"damage_healed":0,"gold_gain":0,"player_choice":"2 cards matched","damage_taken":0,"max_hp_gain":0,"max_hp_loss":0,"event_name":"Match and Keep!","floor":2,"gold_loss":0,"cards_obtained":["Collect","Vault"]},{"damage_healed":0,"gold_gain":0,"player_choice":"Grow","damage_taken":0,"max_hp_gain":0,"max_hp_loss":0,"event_name":"Living Wall","floor":5,"gold_loss":0,"cards_upgraded":["Eruption"]},{"damage_healed":0,"gold_gain":0,"player_choice":"Joined the Cult","damage_taken":6,"max_hp_gain":0,"max_hp_loss":0,"event_name":"Nest","floor":19,"gold_loss":0,"cards_obtained":["RitualDagger"]}],"is_beta":false,"boss_relics":[{"not_picked":["Philosopher\u0027s Stone","Empty Cage"],"picked":"Black Star"}],"items_purged_floors":[4,31],"is_endless":false,"potions_floor_spawned":[3,8,12,22,24,27,28],"killed_by":"Automaton","ascension_level":0}}