{"host":"5gc11emcm5chfr5t","time":1613092056,"event":{"mods":["2.2 Compatiblity","AchievementEnabler","BaseMod","Bestiary","Better Note","Colored Map","Colored Powertips","Downfall","Googly Eyes","Minty Spire (QoL Compilation)","Rare Cards Sparkle","StSLib"],"gold_per_floor":[99,119,119,132,182,182,206,235,251,306,336,352,365,8,27,101,101,1,1,101,116,127,27,27,27,27,12,28,55,55,71,88,88,88,88],"floor_reached":33,"language":"ENG","playtime":1317,"items_purged":[],"score":539,"play_id":"3f8452c7-8a6c-425d-ad06-eb4f527a2321","local_time":"20210211200736","is_ascension_mode":true,"campfire_choices":[{"floor":1,"key":"RECALL"},{"data":"sneckomod:MorePower","floor":18,"key":"SMITH"},{"floor":23,"key":"REST"},{"data":"sneckomod:SoulRoll","floor":25,"key":"SMITH"},{"floor":30,"key":"REST"}],"circlet_count":0,"master_deck":["AscendersBane","sneckomod:Strike","sneckomod:Strike","sneckomod:Strike","sneckomod:Defend","sneckomod:Defend","sneckomod:Defend","sneckomod:TailWhip+1","sneckomod:SnekBite","sneckomod:Unknown","sneckomod:Unknown+1","sneckomod:UnknownUncommonAttack+1","sneckomod:UnknownUncommonAttack+1","sneckomod:UnknownWeak+1","sneckomod:ImprovisedGuard","sneckomod:SnakeSap","sneckomod:UnknownUncommonPower","sneckomod:UnknownColorless+1","sneckomod:UnknownStrike","sneckomod:DiceBlock","sneckomod:Unknown3Cost","sneckomod:UnknownWeak","sneckomod:MorePower+1","CurseOfTheBell","sneckomod:UnknownClassPURPLE+1","sneckomod:Unknown2Cost+1","sneckomod:SlitherStrike","sneckomod:UnknownDraw+1","sneckomod:SoulRoll+1","sneckomod:Nope","sneckomod:UnknownExhaust+1","sneckomod:CheapStock+1","sneckomod:Unknown2Cost+1","sneckomod:RainOfDice","sneckomod:QuickMove+1"],"relics":["bronze:MakeshiftBattery","Torii","Lantern","Toy Ornithopter","Whetstone","MealTicket","Akabeko","champ:Barbells","Calling Bell","Bag of Preparation","Blue Candle","Peace Pipe","downfall:HeartBlessingRed","downfall:GremlinWheel","downfall:HeartBlessingGreen","Ancient Tea Set","sneckomod:LoadedDie"],"acts_visited":["Exordium","TheCity"],"potions_floor_usage":[8,10,11,13,16,16,21,28,32],"damage_taken":[{"damage":7,"enemies":"Small Slimes","floor":2,"turns":3},{"damage":0,"enemies":"Cultist","floor":4,"turns":3},{"damage":6,"enemies":"Gremlin Nob","floor":8,"turns":3},{"damage":1,"enemies":"2 Louse","floor":9,"turns":3},{"damage":0,"enemies":"Gremlin Nob","floor":10,"turns":3},{"damage":1,"enemies":"3 Sentries","floor":11,"turns":5},{"damage":0,"enemies":"Blue Slaver","floor":12,"turns":2},{"damage":7,"enemies":"Exordium Thugs","floor":13,"turns":3},{"damage":0,"enemies":"downfall:FleeingMerchant","floor":14,"turns":4},{"damage":0,"enemies":"Exordium Wildlife","floor":15,"turns":3},{"damage":36,"enemies":"DF_ARCHETYPE_STREAMLINE","floor":16,"turns":6},{"damage":32,"enemies":"DF_ARCHETYPE_STREAMLINE","floor":20,"turns":4},{"damage":22,"enemies":"3 Byrds","floor":21,"turns":5},{"damage":17,"enemies":"Shell Parasite","floor":22,"turns":4},{"damage":5,"enemies":"downfall:FleeingMerchant","floor":27,"turns":4},{"damage":31,"enemies":"Shelled Parasite and Fungi","floor":28,"turns":4},{"damage":0,"enemies":"Snake Plant","floor":31,"turns":3},{"damage":0,"enemies":"Cultist and Chosen","floor":32,"turns":3},{"damage":83,"enemies":"WA_ARCHETYPE_CALM","floor":33,"turns":10}],"seed_played":"-4495988644524202365","potions_obtained":[{"floor":2,"key":"Energy Potion"},{"floor":8,"key":"sneckomod:MuddlingPotion"},{"floor":9,"key":"sneckomod:DiceRollPotion"},{"floor":10,"key":"hexamod:SoulburnPotion"},{"floor":13,"key":"sneckomod:DiceRollPotion"},{"floor":15,"key":"SteroidPotion"},{"floor":20,"key":"champ:CounterPotion"},{"floor":27,"key":"LiquidMemories"},{"floor":28,"key":"Explosive Potion"}],"is_trial":false,"path_per_floor":["R","M","?","M","?","T","T","E","M","?","E","M","M","$","M","B",null,"R","?","?","M","M","R","T","R","?","$","M","T","R","M","M","B"],"character_chosen":"THE_SNECKO","items_purchased":["Akabeko","champ:Barbells"],"campfire_rested":2,"item_purchase_floors":[14,14],"current_hp_per_floor":[75,68,68,68,68,68,68,62,61,66,70,70,71,86,86,55,78,78,78,46,44,34,59,59,59,59,69,43,43,68,68,73,0,0,0],"gold":88,"neow_bonus":"BOSS_RELIC","is_daily":false,"chose_seed":false,"campfire_upgraded":2,"win_rate":0.0,"timestamp":1613092056,"path_taken":["R","M","?","?","?","?","T","E","?","?","E","M","M","?","M","BOSS","R","?","?","?","M","R","T","R","?","$","M","?","R","M","M","BOSS"],"items_purchased_type":["Relic","Relic"],"build_version":"2020-12-22","purchased_purges":0,"victory":false,"max_hp_per_floor":[83,83,83,83,83,83,83,83,83,83,83,83,86,86,86,86,86,86,86,86,86,86,86,86,86,86,86,86,86,86,86,86,86,86,86],"card_choices":[{"not_picked":["sneckomod:DiceCrush","sneckomod:SoulCleanse"],"picked":"sneckomod:UnknownUncommonAttack","floor":2},{"not_picked":["sneckomod:UnknownClassTHE_BRONZE_AUTOMATON","sneckomod:Nope"],"picked":"sneckomod:UnknownWeak","floor":4},{"not_picked":["sneckomod:ImprovisedAttack","sneckomod:SoulRoll"],"picked":"sneckomod:ImprovisedGuard","floor":8},{"not_picked":["sneckomod:UnknownStrength","sneckomod:UnknownClassPURPLE"],"picked":"sneckomod:SnakeSap","floor":9},{"not_picked":["sneckomod:Nope","sneckomod:UnknownExhaust"],"picked":"sneckomod:UnknownUncommonPower","floor":10},{"not_picked":["sneckomod:IronFang","sneckomod:UnlimitedRolls"],"picked":"sneckomod:UnknownColorless","floor":11},{"not_picked":["sneckomod:Unknown1Cost","sneckomod:SoulDraw"],"picked":"sneckomod:UnknownStrike","floor":12},{"not_picked":["sneckomod:UnknownClassSLIMEBOUND","sneckomod:UnknownDraw"],"picked":"sneckomod:DiceBlock","floor":13},{"not_picked":["sneckomod:MasterEye","sneckomod:UnknownDexterity"],"picked":"sneckomod:Unknown3Cost","floor":14},{"not_picked":["sneckomod:QuickBite","sneckomod:UnknownClassHEXA_GHOST_PURPLE"],"picked":"sneckomod:UnknownWeak","floor":15},{"not_picked":["sneckomod:SoulExchange","sneckomod:UnknownRareAttack"],"picked":"sneckomod:MorePower","floor":16},{"not_picked":["sneckomod:UnknownStrike+1","sneckomod:UnknownBlock+1"],"picked":"sneckomod:UnknownClassPURPLE+1","floor":20},{"not_picked":["sneckomod:UnknownClassBLUE+1","sneckomod:Unknown0Cost+1"],"picked":"sneckomod:Unknown2Cost+1","floor":21},{"not_picked":["sneckomod:Restock","sneckomod:Unknown0Cost+1"],"picked":"sneckomod:SlitherStrike","floor":21},{"not_picked":["sneckomod:Unknown0Cost+1","sneckomod:UnknownClassGUARDIAN+1"],"picked":"sneckomod:UnknownDraw+1","floor":22},{"not_picked":["sneckomod:UnknownCommonSkill","sneckomod:UnknownWeak"],"picked":"sneckomod:SoulRoll","floor":22},{"not_picked":["sneckomod:Unknown1Cost","sneckomod:UnknownClassHEXA_GHOST_PURPLE"],"picked":"sneckomod:Nope","floor":27},{"not_picked":["sneckomod:UnknownCommonSkill+1","sneckomod:UnknownClassTHE_BRONZE_AUTOMATON+1"],"picked":"sneckomod:UnknownExhaust+1","floor":28},{"not_picked":["sneckomod:UnknownClassGUARDIAN","sneckomod:UnknownUncommonAttack"],"picked":"sneckomod:CheapStock+1","floor":28},{"not_picked":["sneckomod:UnknownClassTHE_CHAMP_GRAY+1","sneckomod:UnknownClassTHE_BRONZE_AUTOMATON+1"],"picked":"sneckomod:Unknown2Cost+1","floor":31},{"not_picked":["sneckomod:UnknownClassTHE_CHAMP_GRAY","sneckomod:MasterEye"],"picked":"sneckomod:RainOfDice","floor":31},{"not_picked":["sneckomod:UnknownClassRED","sneckomod:UnknownClassTHE_BRONZE_AUTOMATON"],"picked":"sneckomod:QuickMove+1","floor":32}],"player_experience":601237,"relics_obtained":[{"floor":6,"key":"Torii"},{"floor":7,"key":"Lantern"},{"floor":8,"key":"Toy Ornithopter"},{"floor":10,"key":"Whetstone"},{"floor":11,"key":"MealTicket"},{"floor":17,"key":"Bag of Preparation"},{"floor":17,"key":"Blue Candle"},{"floor":17,"key":"Peace Pipe"},{"floor":20,"key":"downfall:GremlinWheel"},{"floor":25,"key":"Ancient Tea Set"},{"floor":29,"key":"sneckomod:LoadedDie"}],"event_choices":[{"damage_healed":0,"gold_gain":0,"player_choice":"Ignored","damage_taken":0,"max_hp_gain":0,"max_hp_loss":0,"event_name":"Ghosts","floor":19,"gold_loss":0},{"damage_healed":0,"gold_gain":0,"player_choice":"Relic","damage_taken":0,"max_hp_gain":0,"max_hp_loss":0,"event_name":"Wheel of Change","floor":25,"gold_loss":0}],"is_beta":false,"boss_relics":[{"not_picked":["Coffee Dripper","Runic Pyramid"],"picked":"Calling Bell"}],"items_purged_floors":[],"is_endless":false,"potions_floor_spawned":[2,8,9,10,13,15,20,28],"killed_by":"WA_ARCHETYPE_CALM","ascension_level":20}}