{"host":"qxeepl7ydvsgmfdb","time":1613138991,"event":{"mods":["AchievementEnabler","BaseMod","Colored Powertips","Minty Spire (QoL Compilation)","Quick Restart","slay the spire mod where everything is the same but ironclad has a cowboy hat"],"gold_per_floor":[111,36,186,35,35,62,62,92,118,4,29,40,40,40,40,40,40],"floor_reached":16,"language":"ENG","playtime":270,"items_purged":["Regret"],"score":287,"play_id":"fbda2863-a670-494d-9a0f-af9182908cf1","local_time":"20210212090951","is_ascension_mode":true,"campfire_choices":[{"floor":15.0,"key":"REST"}],"circlet_count":0,"master_deck":["AscendersBane","Strike_G","Strike_G","Strike_G","Strike_G","Defend_G","Defend_G","Defend_G+1","Defend_G+1","Defend_G","Survivor","Neutralize","Doubt","Poisoned Stab","Poisoned Stab","Backstab","Deadly Poison","Phantasmal Killer","Dagger Spray"],"relics":["Ring of the Snake","NeowsBlessing","Pen Nib","Dream Catcher","War Paint","Question Card","Juzu Bracelet","Bag of Preparation","Shuriken","Prayer Wheel","Ancient Tea Set"],"acts_visited":["Exordium"],"potions_floor_usage":[16,16],"damage_taken":[{"damage":0.0,"enemies":"Cultist","floor":1.0,"turns":1.0},{"damage":0.0,"enemies":"Lagavulin","floor":6.0,"turns":1.0},{"damage":5.0,"enemies":"3 Sentries","floor":8.0,"turns":2.0},{"damage":22.0,"enemies":"Gremlin Nob","floor":11.0,"turns":4.0},{"damage":0.0,"enemies":"Small Slimes","floor":12.0,"turns":2.0},{"damage":35,"enemies":"The Guardian","floor":16,"turns":8}],"seed_played":"2213069949221831863","potions_obtained":[{"floor":8.0,"key":"Energy Potion"},{"floor":12.0,"key":"Strength Potion"}],"is_trial":false,"path_per_floor":["M","?","?","$","?","E","T","E","T","$","E","M","?","?","R","B"],"character_chosen":"THE_SILENT","items_purchased":["Pen Nib","Backstab"],"campfire_rested":1,"item_purchase_floors":[4,10],"current_hp_per_floor":[59,59,59,59,59,59,59,54,54,54,32,32,32,14,33,0,0],"gold":40,"neow_bonus":"THREE_ENEMY_KILL","is_daily":false,"chose_seed":false,"campfire_upgraded":0,"win_rate":0.0,"timestamp":1613138991,"path_taken":["M","?","?","$","?","E","?","E","T","?","E","M","?","?","R","BOSS"],"items_purchased_type":["Relic","Card"],"build_version":"2020-12-22","purchased_purges":1,"victory":false,"max_hp_per_floor":[66,66,66,66,66,66,66,66,66,66,66,66,66,66,66,66,66],"card_choices":[{"not_picked":["Backflip","Escape Plan","Calculated Gamble"],"picked":"SKIP","floor":1.0},{"not_picked":["Flying Knee","Noxious Fumes"],"picked":"Poisoned Stab","floor":6.0},{"not_picked":["Choke","Dash","Blur"],"picked":"Poisoned Stab","floor":8.0},{"not_picked":["Acrobatics","Catalyst","Outmaneuver"],"picked":"Deadly Poison","floor":11.0},{"not_picked":["Bane","Dagger Throw","Predator"],"picked":"Phantasmal Killer","floor":12.0},{"not_picked":["Underhanded Strike","Heel Hook","Flechettes"],"picked":"Dagger Spray","floor":15.0}],"player_experience":154916,"relics_obtained":[{"floor":6.0,"key":"War Paint"},{"floor":7.0,"key":"Question Card"},{"floor":8.0,"key":"Juzu Bracelet"},{"floor":9.0,"key":"Bag of Preparation"},{"floor":11.0,"key":"Shuriken"}],"event_choices":[{"cards_removed":["Strike_G"],"damage_healed":0.0,"max_hp_gain":0.0,"max_hp_loss":0.0,"gold_gain":0.0,"event_name":"The Cleric","player_choice":"Card Removal","floor":2.0,"gold_loss":75.0,"damage_taken":0.0},{"damage_healed":0.0,"max_hp_gain":0.0,"max_hp_loss":0.0,"gold_gain":150.0,"event_name":"Liars Game","player_choice":"AGREE","floor":3.0,"gold_loss":0.0,"damage_taken":0.0,"cards_obtained":["Doubt"]},{"damage_healed":0.0,"max_hp_gain":0.0,"max_hp_loss":0.0,"gold_gain":0.0,"event_name":"Big Fish","player_choice":"Box","floor":5.0,"gold_loss":0.0,"damage_taken":0.0,"relics_obtained":["Dream Catcher"],"cards_obtained":["Regret"]},{"damage_healed":0.0,"max_hp_gain":0.0,"max_hp_loss":0.0,"gold_gain":0.0,"event_name":"Dead Adventurer","player_choice":"Searched \u00271\u0027 times","floor":13.0,"gold_loss":0.0,"damage_taken":0.0,"relics_obtained":["Prayer Wheel"]},{"damage_healed":0.0,"max_hp_gain":0.0,"max_hp_loss":0.0,"gold_gain":0.0,"event_name":"Scrap Ooze","player_choice":"Success","floor":14.0,"gold_loss":0.0,"damage_taken":18.0,"relics_obtained":["Ancient Tea Set"]}],"is_beta":false,"boss_relics":[],"items_purged_floors":[10],"is_endless":false,"potions_floor_spawned":[8,12],"killed_by":"The Guardian","ascension_level":15}}