{"host":"w14xfy17z3c5mpoi","time":1613165720,"event":{"mods":["AchievementEnabler","BaseMod","Minty Spire (QoL Compilation)","Relic Stats"],"gold_per_floor":[115,132,146,160,160,160,186,203,279,554,571,591,112,140,140,238,238,248,261,29,39,53,53,28,28,28,47,77,77,177,177,177,276,276,291,307,62,78,60,60,110,123,123,223,236,236,268,288,288,288],"floor_reached":51,"language":"ENG","playtime":3237,"items_purged":["Regret","Strike_G","Outmaneuver+1"],"score":1026,"play_id":"3c19189a-3303-4c32-8057-3ef2dab48d30","local_time":"20210212163520","is_ascension_mode":true,"campfire_choices":[{"floor":6,"key":"REST"},{"floor":15,"key":"REST"},{"data":"Strike_G","floor":23,"key":"PURGE"},{"data":"Strike_G","floor":25,"key":"PURGE"},{"floor":32,"key":"REST"},{"floor":40,"key":"REST"},{"floor":46,"key":"REST"},{"floor":49,"key":"REST"}],"circlet_count":0,"master_deck":["Defend_G","Defend_G","Defend_G","Defend_G","Survivor","Neutralize","Footwork","Dash","Terror","Riddle With Holes","Corpse Explosion","Backstab","Well Laid Plans","Venomology","Dash","Dagger Throw","Glass Knife","Poisoned Stab+1","Blade Dance","Footwork","Die Die Die","Crippling Poison+1","Backflip","Backflip","Night Terror","Adrenaline+1","Dodge and Roll+1","Burst+1","Accuracy+1","Cloak And Dagger+1","Dodge and Roll+1","Burst+1","Accuracy+1","Footwork","Blur+1","Acrobatics+1","Malaise+1","Outmaneuver+1","PiercingWail+1","PiercingWail+1"],"relics":["Fusion Hammer","Question Card","Singing Bowl","Membership Card","Meat on the Bone","Peace Pipe","Lee\u0027s Waffle","HornCleat","Dream Catcher","Akabeko","Calipers","Toxic Egg 2","HoveringKite","TwistedFunnel","Dead Branch","Letter Opener"],"acts_visited":["Exordium","TheCity","TheBeyond"],"potions_floor_usage":[4,12,14,16,16,16,21,22,22,27,28,28,30,33,33,38,41,41,50,50],"damage_taken":[{"damage":3,"enemies":"2 Louse","floor":1,"turns":4},{"damage":3,"enemies":"Cultist","floor":2,"turns":5},{"damage":0,"enemies":"Small Slimes","floor":3,"turns":3},{"damage":29,"enemies":"Gremlin Gang","floor":4,"turns":6},{"damage":8,"enemies":"Lagavulin","floor":7,"turns":7},{"damage":6,"enemies":"Exordium Wildlife","floor":8,"turns":4},{"damage":1,"enemies":"2 Fungi Beasts","floor":11,"turns":2},{"damage":6,"enemies":"Looter","floor":12,"turns":2},{"damage":20,"enemies":"Gremlin Nob","floor":14,"turns":4},{"damage":39,"enemies":"Slime Boss","floor":16,"turns":10},{"damage":26,"enemies":"2 Thieves","floor":18,"turns":5},{"damage":4,"enemies":"Spheric Guardian","floor":19,"turns":5},{"damage":24,"enemies":"Snake Plant","floor":21,"turns":2},{"damage":7,"enemies":"Centurion and Healer","floor":22,"turns":4},{"damage":0,"enemies":"3 Cultists","floor":27,"turns":3},{"damage":27,"enemies":"Book of Stabbing","floor":28,"turns":6},{"damage":3,"enemies":"Colosseum Slavers","floor":30,"turns":5},{"damage":2,"enemies":"Colosseum Nobs","floor":30,"turns":5},{"damage":57,"enemies":"Champ","floor":33,"turns":12},{"damage":18,"enemies":"3 Darklings","floor":35,"turns":2},{"damage":4,"enemies":"3 Shapes","floor":36,"turns":3},{"damage":18,"enemies":"Maw","floor":38,"turns":7},{"damage":0,"enemies":"Mind Bloom Boss Battle","floor":41,"turns":8},{"damage":0,"enemies":"3 Darklings","floor":42,"turns":3},{"damage":0,"enemies":"Jaw Worm Horde","floor":45,"turns":2},{"damage":11,"enemies":"Nemesis","floor":47,"turns":9},{"damage":32,"enemies":"Transient","floor":48,"turns":5},{"damage":24,"enemies":"Donu and Deca","floor":50,"turns":5}],"seed_played":"-1485138042391731833","potions_obtained":[{"floor":1,"key":"GamblersBrew"},{"floor":7,"key":"Ancient Potion"},{"floor":8,"key":"Fruit Juice"},{"floor":11,"key":"PowerPotion"},{"floor":12,"key":"Weak Potion"},{"floor":14,"key":"Strength Potion"},{"floor":19,"key":"Explosive Potion"},{"floor":42,"key":"GhostInAJar"}],"is_trial":false,"path_per_floor":["M","M","M","M","?","R","E","M","T","?","M","M","$","E","R","B",null,"M","M","$","M","M","R","$","R","T","M","E","?","?","?","R","B",null,"M","M","$","M","$","R","?","M","T","?","M","R","E","M","R","B",null],"character_chosen":"THE_SILENT","items_purchased":["Membership Card","FairyPotion","Venomology","Meat on the Bone","Dash","Blade Dance","Footwork","Die Die Die","Lee\u0027s Waffle","Strength Potion","Dodge and Roll+1","Burst+1","TwistedFunnel","Footwork"],"campfire_rested":6,"item_purchase_floors":[13,13,13,13,13,20,20,20,20,24,37,37,37,39],"current_hp_per_floor":[60,57,57,28,28,49,41,35,35,35,34,35,35,27,50,23,64,50,48,86,62,55,55,55,55,55,55,40,40,49,49,75,30,74,56,52,52,46,46,72,72,72,72,72,72,88,77,47,76,52],"gold":288,"neow_bonus":"BOSS_RELIC","is_daily":false,"chose_seed":false,"campfire_upgraded":0,"win_rate":0.0,"timestamp":1613165720,"path_taken":["M","M","M","M","?","R","E","?","T","?","?","M","$","E","R","BOSS","M","M","$","M","M","R","$","R","T","M","E","?","?","?","R","BOSS","M","M","$","M","$","R","?","M","T","?","?","R","E","M","R","BOSS"],"items_purchased_type":["Relic","Potion","Card","Relic","Card","Card","Card","Card","Relic","Potion","Card","Card","Relic","Card"],"build_version":"2020-12-22","purchased_purges":3,"victory":true,"max_hp_per_floor":[70,70,70,70,70,70,70,70,70,70,70,77,77,77,77,77,77,77,79,86,86,86,86,86,86,86,86,86,86,88,88,88,88,88,88,88,88,88,88,88,88,88,88,88,88,88,88,90,92,92],"relic_stats":{"Peace Pipe":2,"Lee\u0027s Waffle":38,"Dream Catcher":4,"Singing Bowl":10,"counters":[28,138],"Dead Branch":[53],"HoveringKite":[12],"Letter Opener":[39],"Question Card":25,"obtain_stats":[{"TwistedFunnel":37,"Lee\u0027s Waffle":20,"Calipers":30,"Singing Bowl":9,"Dead Branch":41,"HoveringKite":34,"Letter Opener":47,"Question Card":7,"Akabeko":29,"Peace Pipe":14,"Dream Catcher":28,"HornCleat":26,"Fusion Hammer":0,"Membership Card":13,"Toxic Egg 2":30,"Ring of the Snake":0,"Meat on the Bone":13},{"TwistedFunnel":21,"Lee\u0027s Waffle":12,"Calipers":18,"Singing Bowl":6,"Dead Branch":23,"HoveringKite":19,"Letter Opener":26,"Question Card":5,"Akabeko":16,"Peace Pipe":9,"Dream Catcher":16,"HornCleat":14,"Fusion Hammer":0,"Membership Card":8,"Toxic Egg 2":18,"Ring of the Snake":0,"Meat on the Bone":8},{"TwistedFunnel":99,"Lee\u0027s Waffle":57,"Calipers":82,"Singing Bowl":29,"Dead Branch":114,"HoveringKite":94,"Letter Opener":128,"Question Card":25,"Akabeko":72,"Peace Pipe":37,"Dream Catcher":72,"HornCleat":63,"Fusion Hammer":0,"Membership Card":33,"Toxic Egg 2":82,"Ring of the Snake":0,"Meat on the Bone":33}],"Meat on the Bone":84},"card_choices":[{"not_picked":["Dodge and Roll","Outmaneuver"],"picked":"Footwork","floor":1},{"not_picked":["Deadly Poison","Backflip"],"picked":"Dash","floor":2},{"not_picked":["PiercingWail","Doppelganger"],"picked":"Terror","floor":3},{"not_picked":["Acrobatics","Heel Hook"],"picked":"Riddle With Holes","floor":4},{"not_picked":["Poisoned Stab","PiercingWail"],"picked":"Corpse Explosion","floor":7},{"not_picked":["Slice","Dagger Spray","Flying Knee"],"picked":"Backstab","floor":8},{"not_picked":["Finisher","Dagger Throw","Poisoned Stab"],"picked":"Well Laid Plans","floor":11},{"not_picked":["Caltrops","Poisoned Stab","Underhanded Strike","Blur"],"picked":"Singing Bowl","floor":12},{"not_picked":["Venomology","Endless Agony","Accuracy"],"picked":"Dagger Throw","floor":14},{"not_picked":["Phantasmal Killer","Unload","Bullet Time"],"picked":"Glass Knife","floor":16},{"not_picked":["Sucker Punch","Bane","Terror"],"picked":"Poisoned Stab+1","floor":18},{"not_picked":["Escape Plan+1","Infinite Blades","Underhanded Strike+1","Caltrops+1"],"picked":"Singing Bowl","floor":19},{"not_picked":["Dagger Spray","PiercingWail","Bane"],"picked":"Crippling Poison+1","floor":21},{"not_picked":["Cloak And Dagger","Bane","Bouncing Flask"],"picked":"Backflip","floor":22},{"not_picked":["Noxious Fumes","Choke","Slice"],"picked":"Backflip","floor":27},{"not_picked":["Cloak And Dagger","Deflect","Deadly Poison+1"],"picked":"Night Terror","floor":28},{"not_picked":["Flechettes+1","Well Laid Plans","Outmaneuver+1","Poisoned Stab"],"picked":"Singing Bowl","floor":30},{"not_picked":["Dagger Spray+1","Sucker Punch","PiercingWail+1"],"picked":"Dodge and Roll+1","floor":32},{"not_picked":["After Image","Envenom","Malaise+1"],"picked":"Burst+1","floor":33},{"not_picked":["Flying Knee","Dagger Spray+1","Acrobatics+1"],"picked":"Accuracy+1","floor":35},{"not_picked":["Dagger Throw+1","Flying Knee+1","Poisoned Stab+1"],"picked":"Cloak And Dagger+1","floor":36},{"not_picked":["Flying Knee","Heel Hook","Outmaneuver+1"],"picked":"Accuracy+1","floor":38},{"not_picked":["Backflip+1","Flying Knee","Dodge and Roll+1"],"picked":"Blur+1","floor":40},{"not_picked":["Dagger Spray+1","Flying Knee+1","Crippling Poison+1"],"picked":"Acrobatics+1","floor":41},{"not_picked":["Dagger Spray","Blade Dance+1","Quick Slash+1"],"picked":"Malaise+1","floor":42},{"not_picked":["Quick Slash+1","Deadly Poison+1","Dagger Throw+1"],"picked":"Outmaneuver+1","floor":45},{"not_picked":["Deflect+1","Deadly Poison+1","Heel Hook+1"],"picked":"PiercingWail+1","floor":46},{"not_picked":["Deflect+1","Grand Finale","Blade Dance+1"],"picked":"PiercingWail+1","floor":47},{"not_picked":["Deadly Poison+1","Reflex+1","Dagger Spray+1","Blur+1"],"picked":"Singing Bowl","floor":48},{"not_picked":["Bane","Blade Dance+1","Bouncing Flask+1","Heel Hook+1"],"picked":"Singing Bowl","floor":49}],"player_experience":643104,"relics_obtained":[{"floor":7,"key":"Question Card"},{"floor":9,"key":"Singing Bowl"},{"floor":14,"key":"Peace Pipe"},{"floor":26,"key":"HornCleat"},{"floor":28,"key":"Dream Catcher"},{"floor":30,"key":"Calipers"},{"floor":30,"key":"Toxic Egg 2"},{"floor":41,"key":"Dead Branch"},{"floor":47,"key":"Letter Opener"}],"event_choices":[{"cards_removed":["Strike_G"],"damage_healed":0,"gold_gain":0,"player_choice":"Offered Basic","damage_taken":0,"max_hp_gain":0,"max_hp_loss":0,"event_name":"Bonfire Elementals","floor":5,"gold_loss":0},{"damage_healed":0,"gold_gain":275,"player_choice":"Desecrate","damage_taken":0,"max_hp_gain":0,"max_hp_loss":0,"event_name":"Golden Shrine","floor":10,"gold_loss":0,"cards_obtained":["Regret"]},{"damage_healed":0,"gold_gain":0,"player_choice":"Opened","damage_taken":0,"relics_obtained":["Akabeko"],"max_hp_gain":0,"max_hp_loss":0,"event_name":"The Mausoleum","floor":29,"gold_loss":0},{"damage_healed":0,"gold_gain":0,"player_choice":"Fight","damage_taken":0,"max_hp_gain":0,"max_hp_loss":0,"event_name":"Colosseum","floor":30,"gold_loss":0},{"damage_healed":0,"gold_gain":0,"player_choice":"Fought Nobs","damage_taken":0,"max_hp_gain":0,"max_hp_loss":0,"event_name":"Colosseum","floor":30,"gold_loss":0},{"damage_healed":0,"gold_gain":0,"cards_transformed":["Strike_G","Defend_G"],"player_choice":"Became Test Subject","damage_taken":0,"max_hp_gain":0,"max_hp_loss":0,"event_name":"Drug Dealer","floor":31,"gold_loss":0,"cards_obtained":["Outmaneuver","Adrenaline"]},{"damage_healed":0,"gold_gain":0,"player_choice":"Fight","damage_taken":0,"max_hp_gain":0,"max_hp_loss":0,"event_name":"MindBloom","floor":41,"gold_loss":0},{"damage_healed":0,"gold_gain":100,"player_choice":"Pray","damage_taken":0,"max_hp_gain":0,"max_hp_loss":0,"event_name":"Golden Shrine","floor":44,"gold_loss":0}],"is_beta":false,"boss_relics":[{"not_picked":["Ectoplasm","Cursed Key","Snecko Eye"]},{"not_picked":["Runic Dome","Tiny House"],"picked":"HoveringKite"}],"items_purged_floors":[13,20,37],"is_endless":false,"potions_floor_spawned":[1,7,8,11,12,14,19,27,30,30,36,42,45,47],"ascension_level":7}}