{"host":"4gkev1dtxxhiue3x","time":1613140392,"event":{"mods":["AchievementEnabler","BaseMod","Colored Powertips","Minty Spire (QoL Compilation)","Relic Stats","StSLib"],"gold_per_floor":[213,213,226,84,100,100,115,140,166,178,190,202,229,274,286,401,413,441,453,477,389,389,417,417,448,448,467,484,222,222,241,241,337,337,350,365,415,429,279,307,307,322,322,370,370,370,28,56,56,56,56,56,8,41,41,41],"floor_reached":55,"language":"ENG","playtime":5207,"items_purged":["Strike_G","Strike_G","Strike_G","Parasite","Defend_G"],"score":848,"play_id":"a323b4ee-23ca-45f1-8295-1e28534e132f","local_time":"20210212153312","is_ascension_mode":true,"campfire_choices":[{"floor":6,"key":"RECALL"},{"floor":12,"key":"REST"},{"data":"Accuracy","floor":15,"key":"SMITH"},{"data":"Storm of Steel","floor":32,"key":"SMITH"},{"floor":41,"key":"REST"},{"floor":46,"key":"REST"},{"floor":49,"key":"REST"},{"floor":52,"key":"REST"}],"circlet_count":0,"master_deck":["Defend_G","Defend_G","Defend_G","Survivor","Neutralize","All Out Attack","Calculated Gamble","Cloak And Dagger","Accuracy+1","Crippling Poison","Blade Dance","Tools of the Trade","Blade Dance","Finisher","Storm of Steel+1","Acrobatics+1","J.A.X.","Panacea","Leg Sweep","Blur","Envenom","A Thousand Cuts","Infinite Blades+1","Prepared","Accuracy+1","Panache","Prepared+1"],"relics":["Ring of the Snake","Lantern","MawBank","Eternal Feather","NlothsMask","Toy Ornithopter","WristBlade","Strawberry","Blue Candle","Fusion Hammer","Incense Burner","Singing Bowl","Torii","Omamori","Blood Vial"],"acts_visited":["Exordium","TheCity","TheBeyond","TheEnding"],"potions_floor_usage":[16,25,33,40,50],"damage_taken":[{"damage":0,"enemies":"Small Slimes","floor":1,"turns":3},{"damage":1,"enemies":"Cultist","floor":3,"turns":3},{"damage":0,"enemies":"2 Louse","floor":5,"turns":3},{"damage":19,"enemies":"Gremlin Gang","floor":7,"turns":5},{"damage":10,"enemies":"Lagavulin","floor":8,"turns":8},{"damage":0,"enemies":"Large Slime","floor":13,"turns":3},{"damage":4,"enemies":"Gremlin Nob","floor":14,"turns":3},{"damage":50,"enemies":"The Guardian","floor":16,"turns":9},{"damage":3,"enemies":"Chosen","floor":18,"turns":3},{"damage":3,"enemies":"Spheric Guardian","floor":20,"turns":3},{"damage":8,"enemies":"Book of Stabbing","floor":23,"turns":3},{"damage":25,"enemies":"Slavers","floor":25,"turns":3},{"damage":3,"enemies":"Chosen and Byrds","floor":27,"turns":4},{"damage":0,"enemies":"Cultist and Chosen","floor":28,"turns":3},{"damage":7,"enemies":"Shelled Parasite and Fungi","floor":31,"turns":4},{"damage":43,"enemies":"Champ","floor":33,"turns":6},{"damage":7,"enemies":"3 Shapes","floor":35,"turns":3},{"damage":16,"enemies":"3 Darklings","floor":36,"turns":4},{"damage":0,"enemies":"Mind Bloom Boss Battle","floor":37,"turns":3},{"damage":17,"enemies":"Writhing Mass","floor":38,"turns":5},{"damage":17,"enemies":"Nemesis","floor":40,"turns":7},{"damage":5,"enemies":"Spire Growth","floor":42,"turns":4},{"damage":20,"enemies":"2 Orb Walkers","floor":44,"turns":3},{"damage":3,"enemies":"Giant Head","floor":48,"turns":5},{"damage":70,"enemies":"Donu and Deca","floor":50,"turns":6},{"damage":49,"enemies":"Shield and Spear","floor":54,"turns":6},{"damage":55,"enemies":"The Heart","floor":55,"turns":2}],"seed_played":"4477549455609733222","potions_obtained":[{"floor":7,"key":"Explosive Potion"},{"floor":13,"key":"GhostInAJar"},{"floor":14,"key":"BlessingOfTheForge"},{"floor":20,"key":"CultistPotion"},{"floor":27,"key":"Dexterity Potion"},{"floor":31,"key":"FearPotion"},{"floor":36,"key":"Ancient Potion"},{"floor":48,"key":"GamblersBrew"}],"is_trial":false,"path_per_floor":["M","?","M","$","M","R","M","E","T","T","?","R","M","E","R","B",null,"M","?","M","$","?","E","?","E","T","M","M","$","?","M","R","B",null,"M","M","?","M","$","E","R","M","T","?","?","R","$","E","R","B",null,"R","$","E","B"],"character_chosen":"THE_SILENT","items_purchased":["Accuracy","Envenom","Panache","SteroidPotion"],"campfire_rested":5,"item_purchase_floors":[4,29,47,53],"current_hp_per_floor":[70,70,69,69,69,69,50,40,40,40,40,70,70,66,70,25,70,67,67,64,64,64,63,63,43,43,40,40,40,40,33,45,7,77,70,54,54,37,37,27,64,61,61,43,43,80,80,79,82,12,82,82,82,33,0,0],"gold":41,"neow_bonus":"HUNDRED_GOLD","is_daily":false,"chose_seed":false,"campfire_upgraded":2,"win_rate":0.0,"timestamp":1613140392,"path_taken":["M","?","?","$","M","R","M","E","T","?","?","R","?","E","R","BOSS","M","?","?","$","?","E","?","E","T","?","M","?","?","M","R","BOSS","M","M","?","M","$","E","R","M","T","?","?","R","$","E","R","BOSS","R","$","E","BOSS"],"items_purchased_type":["Card","Card","Card","Potion"],"build_version":"2020-12-22","purchased_purges":5,"victory":false,"max_hp_per_floor":[70,70,70,70,70,70,70,70,70,70,70,70,70,70,70,70,70,70,70,70,70,70,77,77,77,77,77,77,77,77,77,77,77,77,77,77,77,77,74,76,76,78,78,80,80,80,80,82,82,82,82,82,82,82,82,82],"relic_stats":{"Blood Vial":2,"Singing Bowl":8,"Torii":10,"counters":[27,114],"Blue Candle":[0],"Eternal Feather":58,"MawBank":144,"obtain_stats":[{"Lantern":8,"Singing Bowl":40,"Torii":44,"Blue Candle":25,"Eternal Feather":10,"Incense Burner":37,"Omamori":48,"MawBank":9,"Blood Vial":54,"WristBlade":17,"Strawberry":23,"Fusion Hammer":34,"Toy Ornithopter":14,"Ring of the Snake":0,"NlothsMask":11},{"Lantern":5,"Singing Bowl":21,"Torii":23,"Blue Candle":12,"Eternal Feather":5,"Incense Burner":19,"Omamori":24,"MawBank":5,"Blood Vial":26,"WristBlade":8,"Strawberry":11,"Fusion Hammer":16,"Toy Ornithopter":7,"Ring of the Snake":0,"NlothsMask":5},{"Lantern":22,"Singing Bowl":88,"Torii":95,"Blue Candle":49,"Eternal Feather":22,"Incense Burner":76,"Omamori":100,"MawBank":22,"Blood Vial":112,"WristBlade":37,"Strawberry":46,"Fusion Hammer":66,"Toy Ornithopter":28,"Ring of the Snake":0,"NlothsMask":22}],"Toy Ornithopter":20,"Ring of the Snake":[54]},"card_choices":[{"not_picked":["Poisoned Stab","Bane"],"picked":"All Out Attack","floor":1},{"not_picked":["Bane","Dodge and Roll"],"picked":"Cloak And Dagger","floor":3},{"not_picked":["Sucker Punch","Tactician"],"picked":"Crippling Poison","floor":5},{"not_picked":["Caltrops","Outmaneuver"],"picked":"Blade Dance","floor":7},{"not_picked":["Dodge and Roll","Deadly Poison"],"picked":"Tools of the Trade","floor":8},{"not_picked":["Acrobatics","Catalyst"],"picked":"Blade Dance","floor":13},{"not_picked":["Dodge and Roll","Tactician"],"picked":"Finisher","floor":14},{"not_picked":["Phantasmal Killer","Night Terror"],"picked":"Storm of Steel","floor":16},{"not_picked":["Blur","Leg Sweep"],"picked":"Acrobatics+1","floor":18},{"not_picked":["Skewer","Eviscerate+1","Caltrops+1"],"picked":"SKIP","floor":20},{"not_picked":["Bane","Deflect","Flying Knee"],"picked":"SKIP","floor":23},{"not_picked":["Quick Slash","Bouncing Flask","Noxious Fumes+1"],"picked":"SKIP","floor":25},{"not_picked":["PiercingWail+1","Acrobatics","Predator"],"picked":"SKIP","floor":27},{"not_picked":["Sucker Punch","Dagger Throw"],"picked":"Blur","floor":28},{"not_picked":["Calculated Gamble","Quick Slash","Deadly Poison+1"],"picked":"SKIP","floor":31},{"not_picked":["Malaise","Venomology"],"picked":"A Thousand Cuts","floor":33},{"not_picked":["Poisoned Stab","Outmaneuver","Heel Hook"],"picked":"SKIP","floor":35},{"not_picked":["Deflect","Eviscerate+1"],"picked":"Infinite Blades+1","floor":36},{"not_picked":["Slice","Finisher+1"],"picked":"Prepared","floor":38},{"not_picked":["Bane+1","Catalyst","Dagger Spray+1"],"picked":"Singing Bowl","floor":40},{"not_picked":["Masterful Stab","Deadly Poison","Poisoned Stab+1"],"picked":"Singing Bowl","floor":42},{"not_picked":["Dagger Throw","Prepared","Outmaneuver+1"],"picked":"Singing Bowl","floor":44},{"not_picked":["Flying Knee+1","Dagger Throw","Bane"],"picked":"Singing Bowl","floor":48},{"not_picked":["Escape Plan+1","Expertise+1"],"picked":"Prepared+1","floor":54}],"player_experience":130473,"relics_obtained":[{"floor":8,"key":"Lantern"},{"floor":9,"key":"MawBank"},{"floor":10,"key":"Eternal Feather"},{"floor":14,"key":"Toy Ornithopter"},{"floor":23,"key":"Strawberry"},{"floor":25,"key":"Blue Candle"},{"floor":37,"key":"Incense Burner"},{"floor":40,"key":"Singing Bowl"},{"floor":44,"key":"Torii"},{"floor":48,"key":"Omamori"},{"floor":54,"key":"Blood Vial"}],"event_choices":[{"damage_healed":0,"gold_gain":0,"cards_transformed":["Strike_G"],"player_choice":"Transformed","damage_taken":0,"max_hp_gain":0,"max_hp_loss":0,"event_name":"Transmorgrifier","floor":2,"gold_loss":0,"cards_obtained":["Calculated Gamble"]},{"damage_healed":0,"gold_gain":0,"player_choice":"Trade","damage_taken":0,"relics_obtained":["NlothsMask"],"max_hp_gain":0,"max_hp_loss":0,"event_name":"FaceTrader","floor":11,"gold_loss":0},{"cards_removed":["Strike_G"],"damage_healed":0,"gold_gain":0,"player_choice":"Purged","damage_taken":0,"max_hp_gain":0,"max_hp_loss":0,"event_name":"Purifier","floor":19,"gold_loss":0},{"damage_healed":0,"gold_gain":0,"player_choice":"Obtain J.A.X.","damage_taken":0,"max_hp_gain":0,"max_hp_loss":0,"event_name":"Drug Dealer","floor":22,"gold_loss":0,"cards_obtained":["J.A.X."]},{"damage_healed":0,"gold_gain":0,"player_choice":"2 cards matched","damage_taken":0,"max_hp_gain":0,"max_hp_loss":0,"event_name":"Match and Keep!","floor":24,"gold_loss":0,"cards_obtained":["Panacea","Leg Sweep"]},{"cards_removed":["Defend_G"],"damage_healed":0,"gold_gain":0,"player_choice":"Elegance","damage_taken":0,"max_hp_gain":0,"max_hp_loss":0,"event_name":"Back to Basics","floor":30,"gold_loss":0},{"damage_healed":0,"gold_gain":0,"player_choice":"Fight","damage_taken":0,"max_hp_gain":0,"max_hp_loss":0,"event_name":"MindBloom","floor":37,"gold_loss":0},{"damage_healed":0,"gold_gain":0,"player_choice":"Fight","damage_taken":0,"max_hp_gain":0,"max_hp_loss":0,"event_name":"Mysterious Sphere","floor":44,"gold_loss":0},{"damage_healed":0,"gold_gain":0,"player_choice":"Copied","damage_taken":0,"max_hp_gain":0,"max_hp_loss":0,"event_name":"Duplicator","floor":45,"gold_loss":0,"cards_obtained":["Accuracy"]}],"is_beta":false,"boss_relics":[{"not_picked":["Tiny House","Pandora\u0027s Box"],"picked":"WristBlade"},{"not_picked":["Philosopher\u0027s Stone","Runic Pyramid"],"picked":"Fusion Hammer"}],"items_purged_floors":[4,21,29,39,47],"is_endless":false,"potions_floor_spawned":[7,13,14,20,27,31,36,37,48],"killed_by":"The Heart","ascension_level":2}}