{"host":"nc31xc38ptxi6d4c","time":1613099883,"event":{"mods":["BaseMod","Curses Come First","Evolution","Minty Spire (QoL Compilation)","StSLib"],"gold_per_floor":[119,119,44,55,5,5,31,31,31,60,60,60,60,73,73,73,73],"floor_reached":16,"language":"ENG","playtime":541,"items_purged":["Strike_R"],"score":117,"play_id":"ae378ece-d36f-4e55-9a0b-36da76387e50","local_time":"20210211211803","is_ascension_mode":true,"campfire_choices":[{"floor":6,"key":"RECALL"},{"data":"Iron Wave","floor":8,"key":"SMITH"},{"floor":11,"key":"DIG"},{"floor":15,"key":"REST"}],"circlet_count":0,"master_deck":["Strike_R","Strike_R","Strike_R","Strike_R","Defend_R","Defend_R","Defend_R","Defend_R","Armaments+1","Iron Wave+1","Body Slam"],"relics":["Burning Blood","EVO:Axolotl","Bag of Preparation","Strawberry","Shovel","Ancient Tea Set","Darkstone Periapt","Matryoshka"],"acts_visited":["Exordium"],"potions_floor_usage":[10,16],"damage_taken":[{"damage":0,"enemies":"Jaw Worm","floor":1,"turns":5},{"damage":0,"enemies":"Cultist","floor":4,"turns":5},{"damage":26,"enemies":"Lagavulin","floor":7,"turns":12},{"damage":37,"enemies":"Gremlin Nob","floor":10,"turns":6},{"damage":0,"enemies":"2 Louse","floor":14,"turns":4},{"damage":68,"enemies":"Slime Boss","floor":16,"turns":11}],"seed_played":"5041223531113465160","potions_obtained":[{"floor":7,"key":"GamblersBrew"},{"floor":10,"key":"ElixirPotion"}],"is_trial":false,"path_per_floor":["M","?","$","M","?","R","E","R","T","E","R","$","?","M","R","B"],"character_chosen":"IRONCLAD","items_purchased":[],"campfire_rested":1,"item_purchase_floors":[],"current_hp_per_floor":[80,80,80,80,80,80,67,67,67,36,36,36,33,39,65,0,0],"gold":73,"neow_bonus":"RANDOM_COMMON_RELIC","is_daily":false,"chose_seed":false,"campfire_upgraded":1,"win_rate":0.0,"timestamp":1613099883,"path_taken":["M","?","?","?","?","R","E","R","T","E","R","$","?","M","R","BOSS"],"items_purchased_type":[],"build_version":"2020-12-22","purchased_purges":1,"victory":false,"max_hp_per_floor":[80,80,80,80,80,80,87,87,87,87,87,87,87,87,87,87,87],"card_choices":[{"not_picked":["Twin Strike","Flex"],"picked":"Armaments","floor":1},{"not_picked":["Thunderclap","Intimidate","Spot Weakness"],"picked":"SKIP","floor":4},{"not_picked":["Anger","Clash"],"picked":"Iron Wave","floor":7},{"not_picked":["Pommel Strike","Seeing Red"],"picked":"Body Slam","floor":10},{"not_picked":["Armaments","Double Tap","Wild Strike"],"picked":"SKIP","floor":14}],"player_experience":147110,"relics_obtained":[{"floor":7,"key":"Strawberry"},{"floor":9,"key":"Shovel"},{"floor":10,"key":"Ancient Tea Set"},{"floor":11,"key":"Darkstone Periapt"}],"event_choices":[{"damage_healed":0,"gold_gain":0,"player_choice":"Upgraded","damage_taken":0,"max_hp_gain":0,"max_hp_loss":0,"event_name":"Upgrade Shrine","floor":2,"gold_loss":0,"cards_upgraded":["Armaments"]},{"cards_removed":["Bash"],"damage_healed":0,"gold_gain":0,"player_choice":"Card Removal","damage_taken":0,"max_hp_gain":0,"max_hp_loss":0,"event_name":"The Cleric","floor":5,"gold_loss":50},{"damage_healed":0,"gold_gain":0,"player_choice":"Success","damage_taken":3,"relics_obtained":["Matryoshka"],"max_hp_gain":0,"max_hp_loss":0,"event_name":"Scrap Ooze","floor":13,"gold_loss":0}],"is_beta":false,"boss_relics":[],"items_purged_floors":[3],"is_endless":false,"potions_floor_spawned":[7,10],"killed_by":"Slime Boss","ascension_level":2}}