{"host":"qrjxgo49ov8bsko8","time":1613102590,"event":{"mods":["BaseMod","Curses Come First","Minty Spire (QoL Compilation)","Relic Stats","Slay-I","Spire Arcade","StSLib"],"gold_per_floor":[109,13,13,13,13,13,52,52,101,126,146,146,146,169,169,293,293,312,237,90,90,90,131,131,131,131,154,2,18,38,57,57,186,186,204,204,204,227,18,56,56,56,56,56,56],"floor_reached":44,"language":"ENG","playtime":1228,"items_purged":[],"score":573,"play_id":"ba61dc8d-3d9f-40ec-877e-18c097e022da","local_time":"20210211230310","is_ascension_mode":true,"campfire_choices":[{"data":"Ball Lightning","floor":6,"key":"SMITH"},{"data":"Zap","floor":13,"key":"SMITH"},{"data":"Static Discharge","floor":15,"key":"SMITH"},{"floor":25,"key":"REST"},{"floor":32,"key":"REST"},{"floor":41,"key":"REST"}],"circlet_count":0,"master_deck":["Defend_B","Defend_B+1","Defend_B","Defend_B","Zap+1","Dualcast","Steam","Ball Lightning+1","Static Discharge+1","Ball Lightning","Glacier","Glacier","Creative AI","CurseOfTheBell","Defragment","Bite","Bite","Bite","Bite","Bite","Conserve Battery","Creative AI","Leap","Storm","Hologram","Dark Shackles","Melter+1","Buffer","Hologram","Go for the Eyes+1","Conserve Battery+1"],"relics":["FrozenCore","NeowsBlessing","Golden Idol","Bottled Flame","Spirit Poop","Ancient Tea Set","Singing Bowl","Calling Bell","Strawberry","InkBottle","StoneCalendar","DataDisk","Darkstone Periapt","Dream Catcher","Runic Capacitor","Happy Flower","Pantograph"],"acts_visited":["Exordium","TheCity","TheBeyond"],"potions_floor_usage":[18,40],"damage_taken":[{"damage":0,"enemies":"2 Louse","floor":1,"turns":1},{"damage":0,"enemies":"Gremlin Nob","floor":7,"turns":1},{"damage":0,"enemies":"Jaw Worm","floor":10,"turns":1},{"damage":0,"enemies":"Cultist","floor":11,"turns":2},{"damage":0,"enemies":"Exordium Wildlife","floor":14,"turns":2},{"damage":25,"enemies":"Hexaghost","floor":16,"turns":8},{"damage":36,"enemies":"3 Byrds","floor":18,"turns":3},{"damage":45,"enemies":"Book of Stabbing","floor":23,"turns":5},{"damage":0,"enemies":"Chosen","floor":27,"turns":4},{"damage":21,"enemies":"3 Cultists","floor":29,"turns":4},{"damage":17,"enemies":"Cultist and Chosen","floor":30,"turns":5},{"damage":7,"enemies":"Snecko","floor":31,"turns":5},{"damage":37,"enemies":"Champ","floor":33,"turns":10},{"damage":13,"enemies":"Orb Walker","floor":35,"turns":5},{"damage":11,"enemies":"3 Shapes","floor":38,"turns":6},{"damage":70,"enemies":"Giant Head","floor":40,"turns":8},{"damage":47,"enemies":"Jaw Worm Horde","floor":44,"turns":6}],"seed_played":"-1610334521347621558","potions_obtained":[{"floor":1,"key":"SkillPotion"},{"floor":10,"key":"SpeedPotion"},{"floor":18,"key":"PotionOfCapacity"},{"floor":30,"key":"FocusPotion"}],"is_trial":false,"path_per_floor":["M","$","?","$","?","R","E","?","T","M","M","?","R","M","R","B",null,"M","?","$","?","T","E","?","R","T","M","$","M","M","M","R","B",null,"M","?","?","M","$","E","R","?","T","M"],"character_chosen":"DEFECT","items_purchased":["Ball Lightning","Static Discharge","DataDisk","Runic Capacitor","Buffer","Hologram"],"campfire_rested":3,"item_purchase_floors":[2,2,20,28,39,39],"current_hp_per_floor":[75,75,60,60,60,60,60,60,60,60,60,60,60,60,60,35,82,46,46,46,73,73,30,30,55,55,67,67,52,37,36,61,28,88,75,75,75,72,72,10,35,35,35,0,0],"gold":56,"neow_bonus":"THREE_ENEMY_KILL","is_daily":false,"chose_seed":false,"campfire_upgraded":3,"win_rate":0.0,"timestamp":1613102590,"path_taken":["M","$","?","$","?","R","E","?","T","?","M","?","R","M","R","BOSS","M","?","$","?","?","E","?","R","T","M","$","?","M","M","R","BOSS","M","?","?","M","$","E","R","?","T","M"],"items_purchased_type":["Card","Card","Relic","Relic","Card","Card"],"build_version":"2020-12-22","purchased_purges":0,"victory":false,"max_hp_per_floor":[75,75,75,75,75,75,75,75,75,75,75,75,75,75,75,75,82,82,82,82,82,82,84,84,84,84,86,86,86,86,86,86,88,88,88,88,84,84,84,84,84,84,84,84,84],"relic_stats":{"Darkstone Periapt":0,"Dream Catcher":2,"Singing Bowl":6,"Happy Flower":[2],"counters":[17,76],"Golden Idol":118,"Pantograph":0,"StoneCalendar":[104],"obtain_stats":[{"Darkstone Periapt":22,"NeowsBlessing":0,"Singing Bowl":12,"Happy Flower":40,"Golden Idol":5,"Spirit Poop":8,"StoneCalendar":17,"Runic Capacitor":28,"Ancient Tea Set":9,"FrozenCore":34,"Calling Bell":17,"Blood Vial":23,"Bottled Flame":7,"DataDisk":20,"Dream Catcher":26,"Strawberry":17,"Pantograph":43,"Cracked Core":0,"InkBottle":17},{"Darkstone Periapt":7,"NeowsBlessing":0,"Singing Bowl":4,"Happy Flower":16,"Golden Idol":1,"Spirit Poop":2,"StoneCalendar":6,"Runic Capacitor":9,"Ancient Tea Set":2,"FrozenCore":13,"Calling Bell":6,"Blood Vial":8,"Bottled Flame":2,"DataDisk":7,"Dream Catcher":8,"Strawberry":6,"Pantograph":16,"Cracked Core":0,"InkBottle":6},{"Darkstone Periapt":18,"NeowsBlessing":0,"Singing Bowl":5,"Happy Flower":70,"Golden Idol":1,"Spirit Poop":2,"StoneCalendar":15,"Runic Capacitor":27,"Ancient Tea Set":2,"FrozenCore":51,"Calling Bell":15,"Blood Vial":23,"Bottled Flame":2,"DataDisk":18,"Dream Catcher":23,"Strawberry":15,"Pantograph":70,"Cracked Core":0,"InkBottle":15}],"InkBottle":[17],"FrozenCore":[9]},"card_choices":[{"not_picked":["BootSequence","Defragment"],"picked":"Steam","floor":1},{"not_picked":["Sweeping Beam","Go for the Eyes","Heatsinks"],"picked":"SKIP","floor":7},{"not_picked":["Heatsinks","Chaos"],"picked":"Ball Lightning","floor":10},{"not_picked":["Conserve Battery","Coolheaded"],"picked":"Glacier","floor":11},{"not_picked":["Chaos","Redo"],"picked":"Glacier","floor":14},{"not_picked":["Core Surge","Amplify"],"picked":"Creative AI","floor":16},{"not_picked":["Force Field","Sweeping Beam"],"picked":"Defragment","floor":18},{"not_picked":["Sunder","Rebound+1","Reboot"],"picked":"Singing Bowl","floor":23},{"not_picked":["Fusion+1","Beam Cell","Force Field"],"picked":"Singing Bowl","floor":27},{"not_picked":["Force Field+1","Barrage"],"picked":"Conserve Battery","floor":29},{"not_picked":["Steam","Compile Driver"],"picked":"Creative AI","floor":30},{"not_picked":["Stack+1","Beam Cell"],"picked":"Leap","floor":31},{"not_picked":["Coolheaded+1","Redo"],"picked":"Storm","floor":32},{"not_picked":["Thunder Strike","All For One","Echo Form"],"picked":"Singing Bowl","floor":33},{"not_picked":["Gash+1","Compile Driver"],"picked":"Hologram","floor":35},{"not_picked":["Mind Blast","Finesse"],"picked":"Dark Shackles","floor":36},{"not_picked":["Gash+1","Rebound+1"],"picked":"Melter+1","floor":38},{"not_picked":["Sweeping Beam+1","Scrape"],"picked":"Go for the Eyes+1","floor":40},{"not_picked":["BootSequence","White Noise"],"picked":"Conserve Battery+1","floor":41}],"player_experience":499926,"relics_obtained":[{"floor":7,"key":"Bottled Flame"},{"floor":9,"key":"Ancient Tea Set"},{"floor":17,"key":"Strawberry"},{"floor":17,"key":"InkBottle"},{"floor":17,"key":"StoneCalendar"},{"floor":22,"key":"Darkstone Periapt"},{"floor":23,"key":"Blood Vial"},{"floor":26,"key":"Dream Catcher"},{"floor":40,"key":"Happy Flower"},{"floor":43,"key":"Pantograph"}],"event_choices":[{"damage_healed":0,"gold_gain":0,"player_choice":"Entered Light","damage_taken":15,"max_hp_gain":0,"max_hp_loss":0,"event_name":"Shining Light","floor":3,"gold_loss":0,"cards_upgraded":["Strike_B","Defend_B"]},{"damage_healed":0,"gold_gain":0,"player_choice":"Take Wound","damage_taken":0,"relics_obtained":["Golden Idol"],"max_hp_gain":0,"max_hp_loss":0,"event_name":"Golden Idol","floor":5,"gold_loss":0,"cards_obtained":["Injury"]},{"cards_removed":["Injury"],"damage_healed":0,"gold_gain":0,"player_choice":"Offered Curse","damage_taken":0,"relics_obtained":["Spirit Poop"],"max_hp_gain":0,"max_hp_loss":0,"event_name":"Bonfire Elementals","floor":8,"gold_loss":0},{"damage_healed":0,"gold_gain":0,"player_choice":"Box","damage_taken":0,"relics_obtained":["Singing Bowl"],"max_hp_gain":0,"max_hp_loss":0,"event_name":"Big Fish","floor":12,"gold_loss":0,"cards_obtained":["Regret"]},{"cards_removed":["Regret"],"damage_healed":0,"gold_gain":0,"player_choice":"Gave Gold","damage_taken":0,"max_hp_gain":0,"max_hp_loss":0,"event_name":"Beggar","floor":19,"gold_loss":75},{"damage_healed":27,"gold_gain":0,"player_choice":"Heal","damage_taken":0,"max_hp_gain":0,"max_hp_loss":0,"event_name":"The Library","floor":21,"gold_loss":0},{"damage_healed":0,"gold_gain":0,"player_choice":"Became a vampire (Vial)","damage_taken":0,"max_hp_gain":0,"max_hp_loss":0,"event_name":"Vampires","floor":24,"relics_lost":["Blood Vial"],"gold_loss":0,"cards_obtained":["Bite","Bite","Bite","Bite","Bite"]},{"damage_healed":0,"gold_gain":0,"player_choice":"Memory 1","damage_taken":0,"max_hp_gain":0,"max_hp_loss":0,"event_name":"SensoryStone","floor":36,"gold_loss":0},{"damage_healed":0,"gold_gain":0,"player_choice":"Max HP","damage_taken":0,"max_hp_gain":0,"max_hp_loss":4,"event_name":"Winding Halls","floor":37,"gold_loss":0}],"is_beta":false,"boss_relics":[{"not_picked":["Ectoplasm","Philosopher\u0027s Stone"],"picked":"Calling Bell"},{"not_picked":["Tiny House","Velvet Choker"],"picked":"FrozenCore"}],"items_purged_floors":[],"is_endless":false,"potions_floor_spawned":[1,10,18,30,33,35,38],"killed_by":"Jaw Worm Horde","ascension_level":3}}