{"host":"prxrhpgaxnj4om9r","time":1613137615,"event":{"mods":["AchievementEnabler","BaseMod","DeckTracker","Keyboard Shortcuts","Minty Spire (QoL Compilation)"],"gold_per_floor":[217,227,227,302,322,351,351,362,362,362,376,376,376],"floor_reached":12,"language":"KOR","playtime":555,"items_purged":[],"score":80,"play_id":"98596b4b-b291-4eb1-be3d-66c965edf01a","local_time":"20210212224655","is_ascension_mode":false,"campfire_choices":[{"floor":10,"key":"REST"}],"circlet_count":0,"master_deck":["Strike_P","Strike_P","Strike_P","Strike_P","Defend_P","Defend_P","Defend_P","Eruption","Vigilance+1","Indignation","SandsOfTime","Tantrum+1","LessonLearned","Wireheading","EmptyMind"],"relics":["PureWater","StoneCalendar","GoldenEye"],"acts_visited":["Exordium"],"potions_floor_usage":[5,6],"damage_taken":[{"damage":0,"enemies":"Small Slimes","floor":1,"turns":2},{"damage":0,"enemies":"Cultist","floor":2,"turns":2},{"damage":16,"enemies":"Jaw Worm","floor":5,"turns":2},{"damage":2,"enemies":"Gremlin Nob","floor":6,"turns":3},{"damage":0,"enemies":"3 Louse","floor":8,"turns":2},{"damage":22,"enemies":"Exordium Wildlife","floor":11,"turns":2},{"damage":54,"enemies":"Lagavulin","floor":12,"turns":3}],"seed_played":"-550211737714299288","potions_obtained":[{"floor":1,"key":"Weak Potion"},{"floor":2,"key":"LiquidMemories"}],"is_trial":false,"path_per_floor":["M","M","?","?","M","E","?","M","T","R","M","E"],"character_chosen":"WATCHER","items_purchased":[],"campfire_rested":1,"item_purchase_floors":[],"current_hp_per_floor":[72,72,72,65,49,47,47,47,47,68,46,0,0],"gold":376,"neow_bonus":"HUNDRED_GOLD","is_daily":false,"chose_seed":false,"campfire_upgraded":0,"win_rate":0.0,"timestamp":1613137615,"path_taken":["M","M","?","?","?","E","?","M","T","R","M","E"],"items_purchased_type":[],"build_version":"2020-12-22","purchased_purges":0,"victory":false,"max_hp_per_floor":[72,72,72,72,72,72,72,72,72,72,72,72,72],"card_choices":[{"not_picked":["Pray","EmptyBody"],"picked":"Indignation","floor":1},{"not_picked":["FlyingSleeves","PathToVictory"],"picked":"SandsOfTime","floor":2},{"not_picked":["FlurryOfBlows","ReachHeaven"],"picked":"Tantrum","floor":5},{"not_picked":["Prostrate","FlurryOfBlows"],"picked":"LessonLearned","floor":6},{"not_picked":["EmptyBody","FollowUp"],"picked":"Wireheading","floor":8},{"not_picked":["ClearTheMind","CutThroughFate"],"picked":"EmptyMind","floor":11}],"player_experience":408447,"relics_obtained":[{"floor":6,"key":"StoneCalendar"},{"floor":9,"key":"GoldenEye"}],"event_choices":[{"damage_healed":0,"gold_gain":0,"player_choice":"Leave","damage_taken":0,"max_hp_gain":0,"max_hp_loss":0,"event_name":"The Cleric","floor":3,"gold_loss":0},{"damage_healed":0,"gold_gain":75,"player_choice":"Touch","damage_taken":7,"max_hp_gain":0,"max_hp_loss":0,"event_name":"FaceTrader","floor":4,"gold_loss":0},{"cards_removed":["Defend_P"],"damage_healed":0,"gold_gain":0,"player_choice":"Offered Basic","damage_taken":0,"max_hp_gain":0,"max_hp_loss":0,"event_name":"Bonfire Elementals","floor":7,"gold_loss":0}],"is_beta":false,"boss_relics":[],"items_purged_floors":[],"is_endless":false,"potions_floor_spawned":[1,2],"killed_by":"Lagavulin","ascension_level":0}}