{"host":"5pfivkovc4wibog0","time":1613090970,"event":{"mods":["2.2 Compatiblity","BaseMod","Better Third Choice","Block Reminder","Colored Powertips","Downfall","Friendly Minions","GifTheSpireLib","Hermit","Koishi","Marisa????????","Minty Spire (QoL Compilation)","Permanent Neow","Quick Restart","Rare Cards Sparkle","Reimu??????","StSLib","The Administrix","The Animator","The Cursed","TheSwordswoman"],"gold_per_floor":[119,44,44,21,121,147,147,161,161,187,362,372,402,387,387,491,491,508,293,304,304,304,304],"floor_reached":22,"language":"ENG","playtime":1023,"items_purged":["Strike_R","Doubt"],"score":228,"play_id":"802d2568-603c-47d9-87b4-8c98e9f9b9f8","local_time":"20210212004930","is_ascension_mode":true,"campfire_choices":[{"data":"Dual Wield","floor":7,"key":"SMITH"},{"data":"Armaments","floor":15,"key":"SMITH"}],"circlet_count":0,"master_deck":["Strike_R+1","Strike_R","Strike_R","Strike_R","Defend_R","Defend_R","Defend_R","Defend_R","Bash+1","Iron Wave","Warcry","Dual Wield+1","Armaments+1","Immolate","Hemokinesis","Juggernaut","Limit Break","Bloodletting+1","Rupture","True Grit","Rage"],"relics":["Burning Blood","NeowsBlessing","Bag of Marbles","Potion Belt","Odd Mushroom","Black Star"],"acts_visited":["Exordium","TheCity"],"potions_floor_usage":[16],"damage_taken":[{"damage":0,"enemies":"Cultist","floor":1,"turns":1},{"damage":0,"enemies":"Gremlin Nob","floor":6,"turns":1},{"damage":0,"enemies":"2 Louse","floor":8,"turns":1},{"damage":27,"enemies":"Lagavulin","floor":10,"turns":6},{"damage":0,"enemies":"Small Slimes","floor":12,"turns":3},{"damage":15,"enemies":"The Mushroom Lair","floor":13,"turns":3},{"damage":2,"enemies":"Exordium Thugs","floor":14,"turns":4},{"damage":50,"enemies":"The Guardian","floor":16,"turns":12},{"damage":31,"enemies":"Shell Parasite","floor":18,"turns":6},{"damage":60,"enemies":"3 Byrds","floor":20,"turns":7},{"damage":26,"enemies":"Cultist and Chosen","floor":22,"turns":4}],"seed_played":"-7170784959696833105","potions_obtained":[{"floor":6,"key":"hexamod:SoulburnPotion"},{"floor":13,"key":"FairyPotion"},{"floor":14,"key":"SteroidPotion"},{"floor":18,"key":"champ:CounterPotion"},{"floor":20,"key":"Block Potion"}],"is_trial":false,"path_per_floor":["M","$","?","$","?","E","R","M","T","E","?","M","?","M","R","B",null,"M","$","M","?","M"],"character_chosen":"IRONCLAD","items_purchased":["Warcry","Rupture","True Grit"],"campfire_rested":0,"item_purchase_floors":[4,19,19],"current_hp_per_floor":[80,80,64,64,64,70,70,76,76,55,55,61,52,56,56,12,80,55,55,26,26,0,0],"gold":304,"neow_bonus":"THREE_ENEMY_KILL","is_daily":false,"chose_seed":false,"campfire_upgraded":2,"win_rate":0.0,"timestamp":1613090970,"path_taken":["M","$","?","$","?","E","R","?","T","E","?","M","?","M","R","BOSS","M","$","M","?","M"],"items_purchased_type":["Card","Card","Card"],"build_version":"2020-12-22","purchased_purges":2,"victory":false,"max_hp_per_floor":[80,80,80,80,80,80,80,80,80,80,80,80,80,80,80,80,80,80,80,80,80,80,80],"card_choices":[{"not_picked":["Pommel Strike","Metallicize"],"picked":"Iron Wave","floor":1},{"not_picked":["Havoc","Wild Strike"],"picked":"Dual Wield","floor":6},{"not_picked":["Anger","Thunderclap"],"picked":"Armaments","floor":8},{"not_picked":["Havoc","Twin Strike"],"picked":"Immolate","floor":10},{"not_picked":["Havoc","Combust"],"picked":"Hemokinesis","floor":12},{"not_picked":["Flame Barrier","Hemokinesis"],"picked":"Juggernaut","floor":14},{"not_picked":["Bludgeon","Exhume"],"picked":"Limit Break","floor":16},{"not_picked":["Dual Wield","Shrug It Off"],"picked":"Bloodletting+1","floor":18},{"not_picked":["Clash","Pummel"],"picked":"Rage","floor":20}],"player_experience":37009,"relics_obtained":[{"floor":6,"key":"Bag of Marbles"},{"floor":10,"key":"Potion Belt"},{"floor":13,"key":"Odd Mushroom"}],"event_choices":[{"damage_healed":80,"gold_gain":0,"player_choice":"Upgrade","damage_taken":16,"max_hp_gain":0,"max_hp_loss":80,"event_name":"betterThird:BetterShining","floor":3,"gold_loss":0,"cards_upgraded":["Strike_R","Bash"]},{"damage_healed":0,"gold_gain":100,"player_choice":"Pray","damage_taken":0,"max_hp_gain":0,"max_hp_loss":0,"event_name":"Golden Shrine","floor":5,"gold_loss":0},{"damage_healed":0,"gold_gain":175,"player_choice":"AGREE","damage_taken":187,"max_hp_gain":0,"max_hp_loss":0,"event_name":"betterThird:BetterSerpent","floor":11,"gold_loss":0},{"damage_healed":0,"gold_gain":0,"player_choice":"Fought Mushrooms","damage_taken":0,"max_hp_gain":0,"max_hp_loss":0,"event_name":"Mushrooms","floor":13,"gold_loss":0},{"damage_healed":0,"gold_gain":0,"player_choice":"Ignored","damage_taken":0,"max_hp_gain":0,"max_hp_loss":0,"event_name":"Ghosts","floor":21,"gold_loss":0}],"is_beta":false,"boss_relics":[{"not_picked":["Ectoplasm","SlaversCollar"],"picked":"Black Star"}],"items_purged_floors":[2,19],"is_endless":false,"potions_floor_spawned":[6,13,14,18,20],"killed_by":"Cultist and Chosen","ascension_level":1}}