{"host":"pqs17sqrgflf4eqa","time":1613165398,"event":{"mods":["AchievementEnabler","BaseMod","Bestiary","Better Altar","Better Match","Better Skull","Block Reminder","Bossed Relics","Colored Map","Colored Powertips","Curses Come First","Dark Map","DeckTracker","Defective Defect","Displayed Cursed Tome","Emptier Cage","Googly Eyes","Highlight Path","Minty Spire (QoL Compilation)","Quick Restart","Slay-I","StSLib","SuperFastMode","Synergy Search","Thieving Mod","Transform Curses","everything is the same but u backflip on backflip","slay the spire mod where everything is the same but ironclad has a cowboy hat"],"gold_per_floor":[113,126,28,28,41,41,41,41,91,120,138,138,138,176,176,296,296,321,335,355,355,381,393,445,457,516,566,578,578],"floor_reached":28,"language":"ENG","playtime":623,"items_purged":[],"score":395,"play_id":"78c90817-33cc-4811-a7c7-51ac48320f18","local_time":"20210212162958","is_ascension_mode":true,"campfire_choices":[{"data":"Vigilance","floor":6,"key":"SMITH"},{"data":"Crescendo","floor":8,"key":"SMITH"},{"floor":13,"key":"REST"},{"data":"Defend_P","floor":15,"key":"SMITH"},{"floor":23,"key":"REST"}],"circlet_count":0,"master_deck":["Strike_P","Strike_P","Strike_P+1","Strike_P","Defend_P","Defend_P","Defend_P","Defend_P+1","Eruption+1","Vigilance+1","BattleHymn+1","Crescendo+1","Halt","Vengeance","Vengeance","Halt+1","Evaluate+1","WaveOfTheHand+1","Vault+1","Conclude","BattleHymn+1","SashWhip","Ragnarok","ClearTheMind+1","DeceiveReality+1","Pain"],"relics":["PureWater","Toxic Egg 2","Dream Catcher","Matryoshka","Golden Idol","Blood Vial","Philosopher\u0027s Stone","MawBank","Anchor","WarpedTongs","Lantern","Orichalcum","Prayer Wheel"],"acts_visited":["Exordium","TheCity"],"potions_floor_usage":[14,16,22,24,27],"damage_taken":[{"damage":0,"enemies":"2 Louse","floor":1,"turns":3},{"damage":13,"enemies":"Jaw Worm","floor":2,"turns":4},{"damage":0,"enemies":"Small Slimes","floor":5,"turns":2},{"damage":0,"enemies":"Gremlin Nob","floor":10,"turns":2},{"damage":22,"enemies":"Exordium Thugs","floor":11,"turns":3},{"damage":0,"enemies":"Lagavulin","floor":14,"turns":5},{"damage":7,"enemies":"The Guardian","floor":16,"turns":9},{"damage":2,"enemies":"2 Thieves","floor":18,"turns":3},{"damage":0,"enemies":"Spheric Guardian","floor":19,"turns":3},{"damage":19,"enemies":"3 Cultists","floor":20,"turns":3},{"damage":23,"enemies":"Shelled Parasite and Fungi","floor":22,"turns":3},{"damage":18,"enemies":"Gremlin Leader","floor":24,"turns":4},{"damage":27,"enemies":"Slavers","floor":27,"turns":2},{"damage":8,"enemies":"Snake Plant","floor":28,"turns":1}],"seed_played":"-2332703394891619204","potions_obtained":[{"floor":1,"key":"SmokeBomb"},{"floor":5,"key":"Swift Potion"},{"floor":11,"key":"AttackPotion"},{"floor":16,"key":"Ambrosia"},{"floor":18,"key":"BlessingOfTheForge"},{"floor":20,"key":"SteroidPotion"}],"is_trial":false,"path_per_floor":["M","M","$","?","M","R","T","R","T","E","M","?","R","E","R","B",null,"M","M","M","?","M","R","E","?","T","E","M"],"character_chosen":"WATCHER","items_purchased":["Halt","Vengeance"],"campfire_rested":2,"item_purchase_floors":[3,3],"current_hp_per_floor":[72,59,59,45,45,45,45,45,45,45,23,23,43,43,43,38,60,60,62,45,45,24,44,28,28,28,3,0,0],"gold":578,"neow_bonus":"UPGRADE_CARD","is_daily":false,"chose_seed":false,"campfire_upgraded":3,"win_rate":0.0,"timestamp":1613165398,"path_taken":["M","M","$","?","M","R","?","R","T","E","M","?","R","E","R","BOSS","M","M","M","?","M","R","E","?","T","E","?"],"items_purchased_type":["Card","Card"],"build_version":"2020-12-22","purchased_purges":0,"victory":false,"max_hp_per_floor":[72,72,72,72,72,72,72,72,72,72,72,67,67,67,67,67,67,67,67,67,67,67,67,67,67,67,67,67,67],"card_choices":[{"not_picked":["BowlingBash","PathToVictory"],"picked":"BattleHymn","floor":1},{"not_picked":["CutThroughFate","JustLucky"],"picked":"Crescendo","floor":2},{"not_picked":["CrushJoints","SashWhip"],"picked":"Vengeance","floor":5},{"not_picked":["ThirdEye+1","JustLucky","Protect+1"],"picked":"SKIP","floor":10},{"not_picked":["ClearTheMind+1","Swivel+1"],"picked":"Halt+1","floor":11},{"not_picked":["MentalFortress","Alpha+1"],"picked":"Evaluate+1","floor":13},{"not_picked":["CutThroughFate","Weave"],"picked":"WaveOfTheHand+1","floor":14},{"not_picked":["LessonLearned","Omniscience+1"],"picked":"Vault+1","floor":16},{"not_picked":["Prostrate+1","Evaluate+1"],"picked":"Conclude","floor":18},{"not_picked":["WaveOfTheHand+1","FollowUp"],"picked":"BattleHymn+1","floor":19},{"not_picked":["InnerPeace+1","Crescendo+1"],"picked":"SashWhip","floor":20},{"not_picked":["CutThroughFate+1","FlurryOfBlows"],"picked":"Ragnarok","floor":22},{"not_picked":["PathToVictory+1","Indignation+1"],"picked":"ClearTheMind+1","floor":23},{"not_picked":["Pray+1","CrushJoints"],"picked":"DeceiveReality+1","floor":24},{"not_picked":["Blasphemy+1","Protect+1","MentalFortress+1"],"picked":"SKIP","floor":27}],"player_experience":179699,"relics_obtained":[{"floor":7,"key":"Toxic Egg 2"},{"floor":9,"key":"Dream Catcher"},{"floor":10,"key":"Matryoshka"},{"floor":14,"key":"Blood Vial"},{"floor":24,"key":"Anchor"},{"floor":26,"key":"Lantern"},{"floor":26,"key":"Orichalcum"},{"floor":27,"key":"Prayer Wheel"}],"event_choices":[{"damage_healed":0,"gold_gain":0,"player_choice":"Entered Light","damage_taken":14,"max_hp_gain":0,"max_hp_loss":0,"event_name":"Shining Light","floor":4,"gold_loss":0,"cards_upgraded":["BattleHymn","Strike_P"]},{"damage_healed":0,"gold_gain":0,"player_choice":"Lose Max HP","damage_taken":0,"relics_obtained":["Golden Idol"],"max_hp_gain":0,"max_hp_loss":5,"event_name":"Golden Idol","floor":12,"gold_loss":0},{"damage_healed":0,"gold_gain":0,"player_choice":"Opened","damage_taken":0,"relics_obtained":["MawBank"],"max_hp_gain":0,"max_hp_loss":0,"event_name":"The Mausoleum","floor":21,"gold_loss":0},{"damage_healed":0,"gold_gain":0,"player_choice":"Rummage","damage_taken":0,"relics_obtained":["WarpedTongs"],"max_hp_gain":0,"max_hp_loss":0,"event_name":"Accursed Blacksmith","floor":25,"gold_loss":0,"cards_obtained":["Pain"]}],"is_beta":false,"boss_relics":[{"not_picked":["Velvet Choker","Sozu"],"picked":"Philosopher\u0027s Stone"}],"items_purged_floors":[],"is_endless":false,"potions_floor_spawned":[1,5,11,16,18,20],"killed_by":"Snake Plant","ascension_level":5}}