{"host":"o0q01dgb4z8zpo6o","time":1613114063,"event":{"mods":["BaseMod","GifTheSpireLib","Minty Spire (QoL Compilation)","Relic Stats","StSLib"],"gold_per_floor":[13,29,39,39,56,56,89,101,136,148,179,210,261,300,312,407,419,453,474,486,508,549,561,595,607,644,698,710,476,497,18,18,103,184,210,235,260,294,307,307,343,356,356,395,395,54,65,65,65,65,65],"floor_reached":50,"language":"ENG","playtime":3659,"items_purged":["Strike_G"],"score":1268,"play_id":"8907fad9-c351-4e77-8d09-45e73d400078","local_time":"20210211231423","is_ascension_mode":true,"campfire_choices":[{"data":"Cloak And Dagger","floor":6.0,"key":"SMITH"},{"data":"Dagger Spray","floor":8.0,"key":"SMITH"},{"data":"Blade Dance","floor":15.0,"key":"SMITH"},{"data":"Footwork","floor":23.0,"key":"SMITH"},{"data":"Burst","floor":25.0,"key":"SMITH"},{"data":"Malaise","floor":28.0,"key":"SMITH"},{"data":"Noxious Fumes","floor":32.0,"key":"SMITH"},{"data":"Catalyst","floor":40.0,"key":"SMITH"},{"data":"Night Terror","floor":49,"key":"SMITH"}],"circlet_count":0,"master_deck":["AscendersBane","Survivor","Neutralize","Dagger Spray+1","Blade Dance+1","Cloak And Dagger+1","Prepared","Accuracy","Phantasmal Killer","Backflip","Burst+1","Backstab","Footwork+1","Backflip","Escape Plan+1","Malaise+1","Acrobatics","Noxious Fumes+1","Catalyst+1","Corpse Explosion","Acrobatics","Night Terror+1","Backflip","Crippling Poison","Dodge and Roll","Noxious Fumes","Setup","Cloak And Dagger","Well Laid Plans","Crippling Poison+1","Backflip+1","Catalyst","Concentrate"],"relics":["Ring of the Snake","Unceasing Top","MawBank","Pen Nib","CeramicFish","Coffee Dripper","Akabeko","StrikeDummy","Vajra","The Specimen","Pandora\u0027s Box","Art of War","Du-Vu Doll","Incense Burner","Snake Skull","Molten Egg 2","Dead Branch"],"acts_visited":["Exordium","TheCity","TheBeyond"],"potions_floor_usage":[41,44,47,50],"damage_taken":[{"damage":1.0,"enemies":"Jaw Worm","floor":1.0,"turns":4.0},{"damage":0.0,"enemies":"2 Louse","floor":2.0,"turns":3.0},{"damage":2.0,"enemies":"Cultist","floor":3.0,"turns":5.0},{"damage":0.0,"enemies":"Looter","floor":5.0,"turns":4.0},{"damage":0.0,"enemies":"Lagavulin","floor":7.0,"turns":6.0},{"damage":1.0,"enemies":"Blue Slaver","floor":11.0,"turns":5.0},{"damage":0.0,"enemies":"Gremlin Gang","floor":12.0,"turns":3.0},{"damage":6.0,"enemies":"3 Sentries","floor":13.0,"turns":4.0},{"damage":3.0,"enemies":"3 Louse","floor":14.0,"turns":2.0},{"damage":9.0,"enemies":"Slime Boss","floor":16.0,"turns":8.0},{"damage":19.0,"enemies":"Chosen","floor":18.0,"turns":5.0},{"damage":16.0,"enemies":"3 Byrds","floor":21.0,"turns":5.0},{"damage":1.0,"enemies":"Centurion and Healer","floor":22.0,"turns":5.0},{"damage":9.0,"enemies":"Snake Plant","floor":24.0,"turns":5.0},{"damage":10.0,"enemies":"Gremlin Leader","floor":27.0,"turns":6.0},{"damage":10.0,"enemies":"Sentry and Sphere","floor":30.0,"turns":5.0},{"damage":11.0,"enemies":"Collector","floor":33.0,"turns":8.0},{"damage":7.0,"enemies":"Orb Walker","floor":35.0,"turns":4.0},{"damage":0.0,"enemies":"3 Darklings","floor":37.0,"turns":1.0},{"damage":3.0,"enemies":"Mind Bloom Boss Battle","floor":38.0,"turns":5.0},{"damage":12.0,"enemies":"Spire Growth","floor":39.0,"turns":4.0},{"damage":8,"enemies":"Reptomancer","floor":41,"turns":7},{"damage":3,"enemies":"4 Shapes","floor":42,"turns":2},{"damage":5,"enemies":"Giant Head","floor":44,"turns":5},{"damage":14,"enemies":"Transient","floor":47,"turns":6},{"damage":5,"enemies":"Awakened One","floor":50,"turns":1}],"seed_played":"207566139099611644","potions_obtained":[{"floor":2.0,"key":"ColorlessPotion"},{"floor":11.0,"key":"Block Potion"},{"floor":12.0,"key":"Weak Potion"},{"floor":16.0,"key":"Swift Potion"},{"floor":24.0,"key":"GhostInAJar"},{"floor":27.0,"key":"Regen Potion"},{"floor":30.0,"key":"Poison Potion"},{"floor":33.0,"key":"CunningPotion"},{"floor":35.0,"key":"Energy Potion"},{"floor":37.0,"key":"DuplicationPotion"},{"floor":41,"key":"Energy Potion"},{"floor":44,"key":"DistilledChaos"}],"is_trial":false,"path_per_floor":["M","M","M","?","M","R","E","R","T","?","M","M","E","M","R","B",null,"M","?","?","M","M","R","M","R","T","E","R","$","M","$","R","B",null,"M","T","M","?","M","R","E","M","T","E","?","$","M","?","R","B"],"character_chosen":"THE_SILENT","items_purchased":["Vajra","Noxious Fumes","Catalyst","The Specimen","Dead Branch"],"campfire_rested":0,"item_purchase_floors":[29,31,31,31,46],"current_hp_per_floor":[58,58,56,56,56,56,56,56,56,61,60,60,54,51,51,42,64,45,45,45,29,28,28,19,19,19,9,9,9,13,13,13,2,54,47,47,47,44,32,32,24,21,21,16,16,16,2,2,2,0,0],"gold":65,"neow_bonus":"ONE_RARE_RELIC","is_daily":false,"chose_seed":false,"campfire_upgraded":9,"win_rate":0.0,"timestamp":1613114063,"path_taken":["M","M","M","?","M","R","E","R","T","?","M","M","E","M","R","BOSS","M","?","?","M","M","R","M","R","T","E","R","$","M","$","R","BOSS","M","?","M","?","M","R","E","M","T","E","?","$","?","?","R","BOSS"],"items_purchased_type":["Relic","Card","Card","Relic","Relic"],"build_version":"2020-12-22","purchased_purges":1,"victory":false,"max_hp_per_floor":[66,66,66,66,66,66,66,66,66,71,71,71,71,71,71,71,71,71,71,71,71,71,71,71,71,71,71,71,71,71,71,71,71,71,71,71,71,71,71,71,71,71,71,71,71,71,71,71,71,71,71],"relic_stats":{"counters":[26,118],"CeramicFish":234,"Dead Branch":[27],"Pandora\u0027s Box":["Acrobatics","Night Terror","Backflip","Crippling Poison","Dodge and Roll","Noxious Fumes","Setup","Cloak And Dagger","Quick Slash"],"Pen Nib":[24],"Snake Skull":[24],"Art of War":[7],"MawBank":264,"obtain_stats":[{"The Specimen":31,"CeramicFish":13,"Dead Branch":46,"Vajra":29,"Pen Nib":9,"Snake Skull":43,"Incense Burner":41,"MawBank":7,"Akabeko":26,"Du-Vu Doll":38,"Pandora\u0027s Box":34,"Molten Egg 2":44,"Coffee Dripper":17,"Art of War":36,"StrikeDummy":27,"Unceasing Top":0,"Ring of the Snake":0},{"The Specimen":16,"CeramicFish":8,"Dead Branch":24,"Vajra":15,"Pen Nib":5,"Snake Skull":23,"Incense Burner":22,"MawBank":5,"Akabeko":14,"Du-Vu Doll":20,"Pandora\u0027s Box":17,"Molten Egg 2":24,"Coffee Dripper":10,"Art of War":18,"StrikeDummy":15,"Unceasing Top":0,"Ring of the Snake":0},{"The Specimen":75,"CeramicFish":34,"Dead Branch":111,"Vajra":70,"Pen Nib":22,"Snake Skull":106,"Incense Burner":104,"MawBank":22,"Akabeko":64,"Du-Vu Doll":93,"Pandora\u0027s Box":83,"Molten Egg 2":111,"Coffee Dripper":44,"Art of War":87,"StrikeDummy":70,"Unceasing Top":0,"Ring of the Snake":0}],"Unceasing Top":[9],"Ring of the Snake":[52]},"card_choices":[{"not_picked":["Cloak And Dagger","Dagger Throw"],"picked":"Dagger Spray","floor":1.0},{"not_picked":["Outmaneuver","Eviscerate"],"picked":"Blade Dance","floor":2.0},{"not_picked":["Blur","Flechettes"],"picked":"Cloak And Dagger","floor":3.0},{"not_picked":["Acrobatics","Heel Hook","Poisoned Stab"],"picked":"SKIP","floor":5.0},{"not_picked":["Underhanded Strike","Dodge and Roll"],"picked":"Prepared","floor":7.0},{"not_picked":["Calculated Gamble","Endless Agony","Acrobatics"],"picked":"SKIP","floor":11.0},{"not_picked":["Sucker Punch","Dagger Throw"],"picked":"Accuracy","floor":12.0},{"not_picked":["Dagger Spray","Deflect"],"picked":"Phantasmal Killer","floor":13.0},{"not_picked":["Distraction","Catalyst"],"picked":"Backflip","floor":14.0},{"not_picked":["Malaise","Bullet Time"],"picked":"Burst","floor":16.0},{"not_picked":["Prepared","Distraction"],"picked":"Backstab","floor":18.0},{"not_picked":["Dagger Spray","Poisoned Stab","Outmaneuver"],"picked":"SKIP","floor":21.0},{"not_picked":["Dagger Throw","Acrobatics"],"picked":"Backflip","floor":22.0},{"not_picked":["Eviscerate","Riddle With Holes"],"picked":"Escape Plan+1","floor":24.0},{"not_picked":["Acrobatics","Expertise"],"picked":"Malaise","floor":27.0},{"not_picked":["Underhanded Strike","Backflip"],"picked":"Acrobatics","floor":30.0},{"not_picked":["Die Die Die","Venomology"],"picked":"Corpse Explosion","floor":33.0},{"not_picked":["Slice","Bane"],"picked":"Well Laid Plans","floor":35.0},{"not_picked":["Finisher","Eviscerate"],"picked":"Crippling Poison+1","floor":37.0},{"not_picked":["Distraction+1","Accuracy"],"picked":"Backflip+1","floor":38.0},{"not_picked":["Dagger Throw+1","Flying Knee","Outmaneuver"],"picked":"SKIP","floor":39.0},{"not_picked":["Escape Plan","Predator"],"picked":"Catalyst","floor":41},{"not_picked":["Skewer","Backflip+1","Blade Dance"],"picked":"SKIP","floor":42},{"not_picked":["Grand Finale+1","Cloak And Dagger"],"picked":"Concentrate","floor":44},{"not_picked":["Acrobatics","Quick Slash+1","Backflip"],"picked":"SKIP","floor":47}],"player_experience":1226157,"relics_obtained":[{"floor":7.0,"key":"MawBank"},{"floor":9.0,"key":"Pen Nib"},{"floor":13.0,"key":"CeramicFish"},{"floor":26.0,"key":"Akabeko"},{"floor":27.0,"key":"StrikeDummy"},{"floor":36.0,"key":"Art of War"},{"floor":38.0,"key":"Du-Vu Doll"},{"floor":41,"key":"Incense Burner"},{"floor":43,"key":"Snake Skull"},{"floor":44,"key":"Molten Egg 2"}],"event_choices":[{"damage_healed":0.0,"max_hp_gain":0.0,"max_hp_loss":0.0,"gold_gain":0.0,"event_name":"The Cleric","player_choice":"Leave","floor":4.0,"gold_loss":0.0,"damage_taken":0.0},{"damage_healed":0.0,"max_hp_gain":5.0,"max_hp_loss":0.0,"gold_gain":0.0,"event_name":"Big Fish","player_choice":"Donut","floor":10.0,"gold_loss":0.0,"damage_taken":0.0},{"damage_healed":0.0,"max_hp_gain":0.0,"max_hp_loss":0.0,"gold_gain":0.0,"event_name":"The Library","player_choice":"Read","floor":19.0,"gold_loss":0.0,"damage_taken":0.0,"cards_obtained":["Footwork"]},{"damage_healed":0.0,"max_hp_gain":0.0,"max_hp_loss":0.0,"gold_gain":0.0,"event_name":"N\u0027loth","player_choice":"Ignored","floor":20.0,"gold_loss":0.0,"damage_taken":0.0},{"damage_healed":0.0,"max_hp_gain":0.0,"max_hp_loss":0.0,"gold_gain":0.0,"event_name":"MindBloom","player_choice":"Fight","floor":38.0,"gold_loss":0.0,"damage_taken":0.0},{"cards_removed":["Quick Slash"],"damage_healed":0,"gold_gain":0,"player_choice":"Purged","damage_taken":0,"max_hp_gain":0,"max_hp_loss":0,"event_name":"Purifier","floor":45,"gold_loss":0},{"damage_healed":0,"gold_gain":0,"player_choice":"Ignored","damage_taken":0,"max_hp_gain":0,"max_hp_loss":0,"event_name":"Mysterious Sphere","floor":48,"gold_loss":0}],"is_beta":false,"boss_relics":[{"not_picked":["Tiny House","Ectoplasm"],"picked":"Coffee Dripper"},{"not_picked":["Fusion Hammer","Busted Crown"],"picked":"Pandora\u0027s Box"}],"items_purged_floors":[29],"is_endless":false,"potions_floor_spawned":[2,11,12,13,14,16,24,27,30,33,35,37,41,44],"killed_by":"Awakened One","ascension_level":20}}