{"host":"r6lqs70fdfl5jnjl","time":1613119634,"event":{"mods":["Act Like it!","BaseMod","Minty Spire (QoL Compilation)","StSLib"],"gold_per_floor":[117,130,130,205,229,229,260,260,260,4,4,39,39,39,39,39,39],"floor_reached":16,"language":"ZHS","playtime":480,"items_purged":[],"score":106,"play_id":"e32400b1-5e2b-4062-90fb-c4b9e313ec24","local_time":"20210212164714","is_ascension_mode":false,"campfire_choices":[{"data":"Twin Strike","floor":6.0,"key":"SMITH"},{"data":"Brutality","floor":8,"key":"SMITH"},{"data":"Twin Strike","floor":11,"key":"SMITH"},{"data":"Limit Break","floor":13,"key":"SMITH"},{"floor":15,"key":"REST"}],"circlet_count":0,"master_deck":["Strike_R","Strike_R","Strike_R","Strike_R+1","Strike_R","Defend_R","Defend_R","Defend_R+1","Defend_R","Bash","Thunderclap","Twin Strike+1","Injury","Twin Strike+1","Brutality+1","Limit Break+1"],"relics":["Burning Blood","Pen Nib","Golden Idol","StoneCalendar","Calipers","Molten Egg 2","HornCleat"],"acts_visited":["Exordium"],"potions_floor_usage":[15],"damage_taken":[{"damage":6.0,"enemies":"Jaw Worm","floor":1.0,"turns":3.0},{"damage":0.0,"enemies":"Small Slimes","floor":2.0,"turns":2.0},{"damage":0.0,"enemies":"2 Louse","floor":5.0,"turns":2.0},{"damage":28,"enemies":"Gremlin Nob","floor":7,"turns":4},{"damage":39,"enemies":"Lagavulin","floor":12,"turns":4},{"damage":44,"enemies":"Hexaghost","floor":16,"turns":8}],"seed_played":"5718037675530023998","potions_obtained":[{"floor":1.0,"key":"BloodPotion"}],"is_trial":false,"path_per_floor":["M","M","?","?","M","R","E","R","T","$","R","E","R","?","R","B"],"character_chosen":"IRONCLAD","items_purchased":["Molten Egg 2"],"campfire_rested":1,"item_purchase_floors":[10],"current_hp_per_floor":[80,80,80,69,75,75,53,53,53,53,53,20,20,4,44,0,0],"gold":39,"neow_bonus":"RANDOM_COMMON_RELIC","is_daily":false,"chose_seed":false,"campfire_upgraded":4,"win_rate":0.0,"timestamp":1613119634,"path_taken":["M","M","?","?","M","R","E","R","T","?","R","E","R","?","R","BOSS"],"items_purchased_type":["Relic"],"build_version":"2020-12-22","purchased_purges":0,"victory":false,"max_hp_per_floor":[80,80,80,80,80,80,80,80,80,80,80,80,80,80,80,80,80],"card_choices":[{"not_picked":["Rampage","Sword Boomerang"],"picked":"Thunderclap","floor":1.0},{"not_picked":["Perfected Strike","Warcry"],"picked":"Twin Strike","floor":2.0},{"not_picked":["Body Slam","Clash"],"picked":"Twin Strike","floor":5.0},{"not_picked":["Clash","Iron Wave"],"picked":"Brutality","floor":7},{"not_picked":["Anger+1","Iron Wave+1"],"picked":"Limit Break","floor":12}],"player_experience":8072,"relics_obtained":[{"floor":7,"key":"StoneCalendar"},{"floor":9,"key":"Calipers"},{"floor":12,"key":"HornCleat"}],"event_choices":[{"damage_healed":0.0,"max_hp_gain":0.0,"max_hp_loss":0.0,"gold_gain":0.0,"event_name":"Golden Idol","player_choice":"Take Wound","floor":3.0,"gold_loss":0.0,"damage_taken":0.0,"relics_obtained":["Golden Idol"],"cards_obtained":["Injury"]},{"damage_healed":0.0,"max_hp_gain":0.0,"max_hp_loss":0.0,"gold_gain":75.0,"event_name":"World of Goop","player_choice":"Gather Gold","floor":4.0,"gold_loss":0.0,"damage_taken":11.0},{"damage_healed":0,"gold_gain":0,"player_choice":"Entered Light","damage_taken":16,"max_hp_gain":0,"max_hp_loss":0,"event_name":"Shining Light","floor":14,"gold_loss":0,"cards_upgraded":["Strike_R","Defend_R"]}],"is_beta":false,"boss_relics":[],"items_purged_floors":[],"is_endless":false,"potions_floor_spawned":[1],"killed_by":"Hexaghost","ascension_level":0}}