{"host":"mhzgc0zma59jtmoj","time":1613095091,"event":{"mods":["BaseMod","BetterRewards","Custom Start","Glutton Mod","Ironclad Rager","Minty Spire (QoL Compilation)","Replay The Spire","Somnambulant","StSLib","The Cursed","The Hierophant","The Jungle","Treasure Hunter"],"gold_per_floor":[111,129,129,149,168,196,196,205,232,182,217,236,236,265,265,360,360,371,399,324,6,18,18,40,59,85,85,98,115,115,30,30,137,137,147,159,59,281,292,292,312,312,312,338,338,50,62,88,88,88,88,88,88,113,113],"floor_reached":56,"language":"ENG","playtime":2612,"items_purged":["ICR:RageStrike","Armaments+1","CommonCold"],"score":1471,"play_id":"ee71ed61-41a8-4623-9d24-69310522d65e","local_time":"20210211205811","is_ascension_mode":false,"campfire_choices":[{"data":"Scorching Beam","floor":7,"key":"SMITH"},{"data":"WeaponsOverheat","floor":13,"key":"SMITH"},{"data":"True Grit","floor":15,"key":"SMITH"},{"data":"Armaments","floor":23,"key":"SMITH"},{"floor":32,"key":"REST"},{"data":"Juggernaut","floor":40,"key":"SMITH"},{"floor":42,"key":"RECALL"},{"floor":49,"key":"REST"},{"data":"Limit Break","floor":52,"key":"SMITH"}],"circlet_count":0,"master_deck":["ICR:RageStrike+1","ICR:RageStrike+1","ICR:RageStrike+1","ICR:RageStrike+1","ICR:ShieldBash+1","ICR:ShieldBash+1","ICR:ShieldBash+1","ICR:ShieldBash+1","Self Repair+1","Scorching Beam+1","True Grit+1","Heavy Blade+1","Flex+1","Juggernaut+1","Rage+1","Inflame+1","Flex+1","Limit Break","Limit Break+1"],"relics":["Iron Core","CeramicFish","ReplayTheSpireMod:Ring of Exchange","Ring of Misfortune","Oddly Smooth Stone","Whetstone","Omamori","Electric Blood","Red Mask","Snack Pack","Replay:Rubber Ducky","Cauldron","Self Forming Clay","Gremlin Horn"],"acts_visited":["Exordium","TheCity","TheBeyond","TheEnding"],"potions_floor_usage":[19,33,33,33,39,55,55],"damage_taken":[{"damage":6,"enemies":"Cultist","floor":1,"turns":3},{"damage":1,"enemies":"Small Slimes","floor":2,"turns":4},{"damage":21,"enemies":"2 Louse","floor":4,"turns":3},{"damage":12,"enemies":"2 Fungi Beasts","floor":5,"turns":6},{"damage":28,"enemies":"Gremlin Nob","floor":6,"turns":5},{"damage":9,"enemies":"3 Sentries","floor":11,"turns":5},{"damage":25,"enemies":"Large Slime","floor":12,"turns":7},{"damage":13,"enemies":"Gremlin Nob","floor":14,"turns":5},{"damage":0,"enemies":"Hexaghost","floor":16,"turns":11},{"damage":39,"enemies":"Shell Parasite","floor":18,"turns":5},{"damage":31,"enemies":"Masked Bandits","floor":19,"turns":5},{"damage":8,"enemies":"2 Thieves","floor":22,"turns":4},{"damage":14,"enemies":"3 Cultists","floor":24,"turns":6},{"damage":17,"enemies":"Snecko","floor":25,"turns":5},{"damage":18,"enemies":"Snake Plant","floor":28,"turns":4},{"damage":4,"enemies":"3 Cultists","floor":29,"turns":4},{"damage":22,"enemies":"Pondfish","floor":33,"turns":11},{"damage":32,"enemies":"3 Darklings","floor":35,"turns":5},{"damage":15,"enemies":"3 Shapes","floor":36,"turns":4},{"damage":25,"enemies":"Writhing Mass","floor":39,"turns":5},{"damage":26,"enemies":"4 Shapes","floor":41,"turns":5},{"damage":11,"enemies":"Jaw Worm Horde","floor":44,"turns":5},{"damage":26,"enemies":"Spire Growth","floor":47,"turns":4},{"damage":17,"enemies":"3 Darklings","floor":48,"turns":4},{"damage":28,"enemies":"Donu and Deca","floor":50,"turns":6},{"damage":29,"enemies":"Shield and Spear","floor":54,"turns":4},{"damage":81,"enemies":"The Heart","floor":55,"turns":8}],"seed_played":"-5211825621751110431","potions_obtained":[{"floor":1,"key":"ElixirPotion"},{"floor":5,"key":"SneckoOil"},{"floor":6,"key":"Adrenaline Potion"},{"floor":19,"key":"Reflective Coating"},{"floor":24,"key":"Fire Potion"},{"floor":29,"key":"Weak Potion"},{"floor":34,"key":"GamblersBrew"},{"floor":34,"key":"Adrenaline Potion"},{"floor":34,"key":"Flashbang"},{"floor":41,"key":"FairyPotion"}],"is_trial":false,"path_per_floor":["M","M","?","M","M","E","R","?","T","?","E","M","R","E","R","B",null,"M","?","?","$","M","R","M","M","T","?","M","M","?","?","R","B",null,"M","M","$","?","M","R","M","R","T","M","?","$","M","M","R","B",null,"R","$","E","B",null],"character_chosen":"IRONCLAD","items_purchased":["Snack Pack","Flex+1","Limit Break"],"campfire_rested":2,"item_purchase_floors":[21,46,46],"current_hp_per_floor":[80,80,80,69,67,49,49,49,49,49,50,35,35,32,32,42,80,51,30,30,30,38,38,40,39,39,39,35,45,30,30,55,57,85,69,68,68,68,59,59,47,47,47,50,50,50,38,35,60,46,85,85,85,70,34],"gold":113,"neow_bonus":"IRONCLAD_RAGER","is_daily":false,"chose_seed":false,"campfire_upgraded":6,"win_rate":0.0,"timestamp":1613095091,"path_taken":["M","M","?","M","M","E","R","?","T","?","E","M","R","E","R","BOSS","M","?","?","$","M","R","M","M","T","?","M","M","?","?","R","BOSS","M","M","$","?","M","R","M","R","T","M","?","$","M","M","R","BOSS","R","$","E","BOSS"],"items_purchased_type":["Relic","Card","Card"],"build_version":"2020-12-22","purchased_purges":3,"victory":true,"max_hp_per_floor":[80,80,80,80,80,80,80,80,80,80,80,80,80,80,80,80,80,80,80,80,80,80,80,80,80,80,80,80,80,85,85,85,85,85,85,85,85,85,85,85,85,85,85,85,85,85,85,85,85,85,85,85,85,85,85],"card_choices":[{"not_picked":["Pommel Strike","Sentinel"],"picked":"Armaments","floor":1},{"not_picked":["Run Through","Body Slam","ReplayTheSpireMod:Strike From Hell"],"picked":"SKIP","floor":2},{"not_picked":["Pummel","Dual Wield","Body Slam"],"picked":"SKIP","floor":4},{"not_picked":["True Grit","Havoc"],"picked":"Scorching Beam","floor":5},{"not_picked":["TH:ElvenBoots","TH:TreasureMap"],"picked":"SKIP","floor":6},{"not_picked":["ReplayTheSpireMod:Repulse","Searing Blow","Pommel Strike"],"picked":"SKIP","floor":6},{"not_picked":["TH:BikiniMail","TH:TreasureMap"],"picked":"SKIP","floor":9},{"not_picked":["Combust","Body Slam"],"picked":"True Grit","floor":11},{"not_picked":["TH:Mimic","TH:DeckOfManyThings"],"picked":"SKIP","floor":11},{"not_picked":["Feel No Pain","Scorching Beam"],"picked":"WeaponsOverheat","floor":12},{"not_picked":["TH:Mimic","TH:ArmorSpikes"],"picked":"SKIP","floor":14},{"not_picked":["Iron Wave","Disarm","Metallicize"],"picked":"SKIP","floor":14},{"not_picked":["Defy Death","Run Through","ReplayTheSpireMod:Strike From Hell"],"picked":"SKIP","floor":18},{"not_picked":["Sentinel","ReplayReversal","Metallicize+1"],"picked":"SKIP","floor":22},{"not_picked":["Offering","Shockwave"],"picked":"Heavy Blade+1","floor":24},{"not_picked":["Sever Soul","Havoc"],"picked":"Flex+1","floor":25},{"not_picked":["TH:Mimic","TH:PixieDust"],"picked":"SKIP","floor":26},{"not_picked":["Hemokinesis","Warcry","Twin Strike"],"picked":"SKIP","floor":28},{"not_picked":["ReplayTheSpireMod:Stacked","Clash","Perfected Strike"],"picked":"SKIP","floor":29},{"not_picked":["Eclipse","Double Tap"],"picked":"Juggernaut","floor":33},{"not_picked":["Twin Strike+1","Perfected Strike","Armaments+1"],"picked":"SKIP","floor":35},{"not_picked":["True Grit+1","Wild Strike+1","Perfected Strike"],"picked":"SKIP","floor":36},{"not_picked":["Iron Wave+1","ReplayTheSpireMod:Strike From Hell+1","Wild Strike"],"picked":"SKIP","floor":39},{"not_picked":["Sentinel+1","Evolve"],"picked":"Rage+1","floor":41},{"not_picked":["TH:Mimic","TH:CursedSword"],"picked":"SKIP","floor":43},{"not_picked":["Second Wind","Whirlwind"],"picked":"Inflame+1","floor":44},{"not_picked":["Replay:Undeath\u0027s Touch+1","True Grit","Feel No Pain"],"picked":"SKIP","floor":47},{"not_picked":["Ghostly Armor","Wild Strike+1"],"picked":"Limit Break","floor":48},{"not_picked":["TH:Mimic","TH:BikiniMail"],"picked":"SKIP","floor":54},{"not_picked":["Sever Soul","ICR:PowerAttack","Run Through"],"picked":"SKIP","floor":54}],"player_experience":264258,"relics_obtained":[{"floor":6,"key":"CeramicFish"},{"floor":8,"key":"ReplayTheSpireMod:Ring of Exchange"},{"floor":8,"key":"Ring of Misfortune"},{"floor":9,"key":"Oddly Smooth Stone"},{"floor":11,"key":"Whetstone"},{"floor":14,"key":"Omamori"},{"floor":19,"key":"Red Mask"},{"floor":43,"key":"Self Forming Clay"},{"floor":54,"key":"Gremlin Horn"}],"event_choices":[{"cards_removed":["Bash"],"damage_healed":0,"gold_gain":0,"player_choice":"Card Removal","damage_taken":0,"max_hp_gain":0,"max_hp_loss":0,"event_name":"The Cleric","floor":10,"gold_loss":50},{"damage_healed":0,"gold_gain":0,"player_choice":"Fought Bandits","damage_taken":0,"max_hp_gain":0,"max_hp_loss":0,"event_name":"Masked Bandits","floor":19,"gold_loss":0},{"cards_removed":["WeaponsOverheat"],"damage_healed":0,"gold_gain":0,"player_choice":"Gave Gold","damage_taken":0,"max_hp_gain":0,"max_hp_loss":0,"event_name":"Beggar","floor":20,"gold_loss":75},{"damage_healed":0,"gold_gain":0,"player_choice":"Simplicity","damage_taken":0,"max_hp_gain":0,"max_hp_loss":0,"event_name":"Back to Basics","floor":27,"gold_loss":0,"cards_upgraded":["ICR:RageStrike","ICR:RageStrike","ICR:RageStrike","ICR:ShieldBash","ICR:ShieldBash","ICR:ShieldBash"]},{"damage_healed":0,"gold_gain":0,"player_choice":"Shed Blood","damage_taken":20,"max_hp_gain":5,"max_hp_loss":0,"event_name":"Forgotten Altar","floor":30,"gold_loss":0},{"damage_healed":0,"gold_gain":0,"player_choice":"Obtained Relic","damage_taken":0,"relics_obtained":["Replay:Rubber Ducky"],"max_hp_gain":0,"max_hp_loss":0,"event_name":"Addict","floor":31,"gold_loss":85},{"damage_healed":0,"gold_gain":222,"player_choice":"Wore Mask","damage_taken":0,"max_hp_gain":0,"max_hp_loss":0,"event_name":"Tomb of Lord Red Mask","floor":38,"gold_loss":0},{"damage_healed":0,"gold_gain":0,"player_choice":"Got Potions","damage_taken":0,"max_hp_gain":0,"max_hp_loss":0,"event_name":"Lab","floor":45,"gold_loss":0}],"is_beta":false,"boss_relics":[{"not_picked":["Chemical X","Membership Card"],"picked":"Electric Blood"},{"not_picked":["Replay:Wanted Poster","SlaversCollar"],"picked":"Cauldron"}],"items_purged_floors":[21,37,46],"is_endless":false,"potions_floor_spawned":[1,5,6,11,18,19,24,25,29,36,41,44],"ascension_level":0}}