{"host":"36t3qd3wjvajtu1z","time":1613101048,"event":{"mods":["2.2 Compatiblity","AchievementEnabler","BaseMod","Bestiary","Block Reminder","Colored Powertips","Curses Come First","Highlight Path","Minty Spire (QoL Compilation)","Permanent Neow","Quick Restart","Random Character Button","Rare Cards Sparkle","Relic Stats","Slay-I","StSLib","Unknown Chances"],"gold_per_floor":[17,27,27,45,120,150,161,161,161,161,200,215,253,10,10,103,103,118,133,133,147,162,200,200,238,264,285,285,326,346,381,381,471,471,494,827,845,99,115,147,147,182,254,254,279,279,294,310,310,310],"floor_reached":51,"language":"ENG","playtime":4298,"items_purged":["Injury","Strike_R"],"score":1645,"play_id":"71219f22-5f0c-45ae-827d-0b19f5cb6eb2","local_time":"20210211193728","is_ascension_mode":true,"campfire_choices":[{"data":"1","floor":10.0,"key":"LIFT"},{"data":"2","floor":15.0,"key":"LIFT"},{"floor":24.0,"key":"REST"},{"data":"3","floor":28.0,"key":"LIFT"},{"data":"Brutality","floor":32.0,"key":"SMITH"},{"floor":41.0,"key":"REST"},{"floor":46.0,"key":"REST"},{"floor":49.0,"key":"REST"}],"circlet_count":0,"master_deck":["AscendersBane","Strike_R","Defend_R","Defend_R","Defend_R","Defend_R","Bash","Apotheosis+1","Body Slam","Clothesline","Infernal Blade","Cleave","Inflame","Reaper","Uppercut","Brutality+1","Pommel Strike","Burning Pact","Power Through+1","Battle Trance","Thunderclap","Seeing Red","Dropkick","True Grit+1","Reaper","Blood for Blood","Double Tap","Inflame+1","Demon Form","Enlightenment","Shrug It Off","Body Slam+1","Sword Boomerang","Shrug It Off","Madness","Madness","Rupture","Barricade","Seeing Red","Entrench"],"relics":["Burning Blood","Girya","Bird Faced Urn","Thread and Needle","Pen Nib","Vajra","Empty Cage","Oddly Smooth Stone","Regal Pillow","Nunchaku","Turnip","Red Skull","Philosopher\u0027s Stone","Bottled Lightning","Letter Opener","Prayer Wheel","Gremlin Horn","Champion Belt"],"acts_visited":["Exordium","TheCity","TheBeyond"],"potions_floor_usage":[50],"damage_taken":[{"damage":6.0,"enemies":"Small Slimes","floor":1.0,"turns":5.0},{"damage":2.0,"enemies":"Jaw Worm","floor":2.0,"turns":5.0},{"damage":6.0,"enemies":"2 Louse","floor":4.0,"turns":3.0},{"damage":5.0,"enemies":"Gremlin Nob","floor":6.0,"turns":3.0},{"damage":5.0,"enemies":"Blue Slaver","floor":7.0,"turns":3.0},{"damage":7.0,"enemies":"Lagavulin","floor":11.0,"turns":4.0},{"damage":7.0,"enemies":"Looter","floor":12.0,"turns":4.0},{"damage":32.0,"enemies":"3 Sentries","floor":13.0,"turns":6.0},{"damage":24.0,"enemies":"Hexaghost","floor":16.0,"turns":7.0},{"damage":17.0,"enemies":"Spheric Guardian","floor":18.0,"turns":4.0},{"damage":20.0,"enemies":"2 Thieves","floor":19.0,"turns":4.0},{"damage":26.0,"enemies":"Chosen and Byrds","floor":21.0,"turns":7.0},{"damage":36.0,"enemies":"3 Cultists","floor":22.0,"turns":5.0},{"damage":60.0,"enemies":"Slavers","floor":23.0,"turns":6.0},{"damage":30.0,"enemies":"Book of Stabbing","floor":25.0,"turns":6.0},{"damage":20.0,"enemies":"Centurion and Healer","floor":27.0,"turns":5.0},{"damage":19.0,"enemies":"Gremlin Leader","floor":29.0,"turns":4.0},{"damage":10.0,"enemies":"Snake Plant","floor":30.0,"turns":2.0},{"damage":13.0,"enemies":"Book of Stabbing","floor":31.0,"turns":4.0},{"damage":11.0,"enemies":"Champ","floor":33.0,"turns":12.0},{"damage":1.0,"enemies":"3 Shapes","floor":35.0,"turns":2.0},{"damage":15.0,"enemies":"Orb Walker","floor":37.0,"turns":3.0},{"damage":15.0,"enemies":"Transient","floor":39.0,"turns":6.0},{"damage":34.0,"enemies":"Nemesis","floor":40.0,"turns":5.0},{"damage":37.0,"enemies":"Giant Head","floor":42.0,"turns":6.0},{"damage":25.0,"enemies":"Reptomancer","floor":45.0,"turns":4.0},{"damage":29.0,"enemies":"Spire Growth","floor":47.0,"turns":3.0},{"damage":16.0,"enemies":"Writhing Mass","floor":48.0,"turns":5.0},{"damage":67,"enemies":"Donu and Deca","floor":50,"turns":6}],"seed_played":"8620483213304182358","potions_obtained":[{"floor":2.0,"key":"AttackPotion"},{"floor":7.0,"key":"Energy Potion"},{"floor":12.0,"key":"Ancient Potion"},{"floor":13.0,"key":"SpeedPotion"},{"floor":19.0,"key":"Swift Potion"},{"floor":21.0,"key":"CultistPotion"},{"floor":23.0,"key":"Strength Potion"},{"floor":29.0,"key":"ElixirPotion"},{"floor":31.0,"key":"PowerPotion"},{"floor":45.0,"key":"DuplicationPotion"}],"is_trial":false,"path_per_floor":["M","M","?","M","?","E","M","?","T","R","E","M","E","$","R","B",null,"M","M","?","M","M","E","R","E","T","M","R","E","M","E","R","B",null,"M","?","M","$","M","E","R","E","T","?","E","R","M","M","R","B",null],"character_chosen":"IRONCLAD","items_purchased":["Vajra","Bottled Lightning","Demon Form","Enlightenment","AttackPotion","Shrug It Off"],"campfire_rested":4,"item_purchase_floors":[14,38,38,38,38,38],"current_hp_per_floor":[68,72,72,72,61,62,63,63,63,63,64,65,56,56,56,40,66,66,75,75,69,63,27,49,43,43,71,71,62,62,75,75,75,75,75,75,75,75,75,50,75,75,75,61,61,75,75,73,75,18],"gold":310,"neow_bonus":"RANDOM_COLORLESS_2","is_daily":false,"chose_seed":false,"campfire_upgraded":1,"win_rate":0.0,"timestamp":1613101048,"path_taken":["M","M","?","M","?","E","M","?","T","R","E","M","E","?","R","BOSS","M","M","?","?","M","E","R","E","T","M","R","E","M","E","R","BOSS","M","?","M","$","M","E","R","E","T","?","E","R","M","M","R","BOSS"],"items_purchased_type":["Relic","Relic","Card","Card","Potion","Card"],"build_version":"2020-12-22","purchased_purges":2,"victory":true,"max_hp_per_floor":[75,75,75,75,75,75,75,75,75,75,75,75,75,75,75,75,75,75,75,75,75,75,75,75,75,75,75,75,75,75,75,75,75,75,75,75,75,75,75,75,75,75,75,75,75,75,75,75,75,75],"relic_stats":{"Regal Pillow":3,"Nunchaku":[14],"Gremlin Horn":[4,4],"counters":[29,139],"Bird Faced Urn":[72],"Prayer Wheel":2,"Pen Nib":[21],"Turnip":[6],"Letter Opener":[66],"Champion Belt":[3],"obtain_stats":[{"Girya":6,"Regal Pillow":25,"Gremlin Horn":43,"Golden Idol":8,"Vajra":14,"Oddly Smooth Stone":23,"Thread and Needle":11,"Pen Nib":13,"Letter Opener":40,"Empty Cage":17,"Burning Blood":0,"Nunchaku":26,"Bird Faced Urn":9,"Philosopher\u0027s Stone":34,"Prayer Wheel":42,"Turnip":29,"Bottled Lightning":38,"Champion Belt":45,"Red Skull":31},{"Girya":4,"Regal Pillow":15,"Gremlin Horn":25,"Golden Idol":5,"Vajra":8,"Oddly Smooth Stone":14,"Thread and Needle":6,"Pen Nib":8,"Letter Opener":24,"Empty Cage":9,"Burning Blood":0,"Nunchaku":15,"Bird Faced Urn":5,"Philosopher\u0027s Stone":20,"Prayer Wheel":25,"Turnip":17,"Bottled Lightning":22,"Champion Belt":26,"Red Skull":19},{"Girya":16,"Regal Pillow":72,"Gremlin Horn":121,"Golden Idol":19,"Vajra":33,"Oddly Smooth Stone":66,"Thread and Needle":23,"Pen Nib":33,"Letter Opener":115,"Empty Cage":40,"Burning Blood":0,"Nunchaku":72,"Bird Faced Urn":19,"Philosopher\u0027s Stone":99,"Prayer Wheel":121,"Turnip":81,"Bottled Lightning":104,"Champion Belt":125,"Red Skull":87}],"Burning Blood":138},"card_choices":[{"not_picked":["Mayhem","HandOfGreed"],"picked":"Apotheosis","floor":0.0},{"not_picked":["Thunderclap","Combust"],"picked":"Body Slam","floor":1.0},{"not_picked":["Wild Strike","Havoc"],"picked":"Clothesline","floor":2.0},{"not_picked":["Perfected Strike","Thunderclap"],"picked":"Infernal Blade","floor":4.0},{"not_picked":["Body Slam","Headbutt"],"picked":"Cleave","floor":6.0},{"not_picked":["Sentinel","Havoc"],"picked":"Inflame","floor":7.0},{"not_picked":["Body Slam","Shrug It Off"],"picked":"Reaper","floor":11.0},{"not_picked":["Sever Soul","Perfected Strike"],"picked":"Uppercut","floor":12.0},{"not_picked":["Power Through","Warcry","Thunderclap"],"picked":"SKIP","floor":13.0},{"not_picked":["Berserk","Feed"],"picked":"Brutality","floor":16.0},{"not_picked":["Body Slam","Armaments"],"picked":"Pommel Strike","floor":18.0},{"not_picked":["Thunderclap","Flame Barrier+1"],"picked":"Burning Pact","floor":19.0},{"not_picked":["Shrug It Off","Pummel"],"picked":"Power Through+1","floor":21.0},{"not_picked":["Perfected Strike","Hemokinesis+1"],"picked":"Battle Trance","floor":22.0},{"not_picked":["Anger","Brutality"],"picked":"Thunderclap","floor":23.0},{"not_picked":["Battle Trance","Carnage"],"picked":"Seeing Red","floor":25.0},{"not_picked":["Shrug It Off","Headbutt"],"picked":"Dropkick","floor":27.0},{"not_picked":["Body Slam","Clash"],"picked":"True Grit+1","floor":29.0},{"not_picked":["Carnage","Spot Weakness"],"picked":"Reaper","floor":30.0},{"not_picked":["Thunderclap","Flex"],"picked":"Blood for Blood","floor":31.0},{"not_picked":["Juggernaut","Bludgeon"],"picked":"Double Tap","floor":33.0},{"not_picked":["Cleave","Armaments","Havoc"],"picked":"SKIP","floor":35.0},{"not_picked":["Clothesline","Ghostly Armor"],"picked":"Inflame+1","floor":37.0},{"not_picked":["Second Wind","Combust"],"picked":"Body Slam+1","floor":39.0},{"not_picked":["Second Wind","Dropkick"],"picked":"Sword Boomerang","floor":40.0},{"not_picked":["Pommel Strike","Cleave"],"picked":"Shrug It Off","floor":42.0},{"not_picked":["Ghostly Armor","Wild Strike"],"picked":"Rupture","floor":45.0},{"not_picked":["Sentinel","Sever Soul"],"picked":"Barricade","floor":47.0},{"not_picked":["Thunderclap","Anger"],"picked":"Seeing Red","floor":47.0},{"not_picked":["Wild Strike+1","Twin Strike"],"picked":"Entrench","floor":48.0},{"not_picked":["Headbutt","Warcry+1","Reckless Charge"],"picked":"SKIP","floor":48.0}],"player_experience":496758,"relics_obtained":[{"floor":6.0,"key":"Girya"},{"floor":9.0,"key":"Bird Faced Urn"},{"floor":11.0,"key":"Thread and Needle"},{"floor":13.0,"key":"Pen Nib"},{"floor":23.0,"key":"Oddly Smooth Stone"},{"floor":25.0,"key":"Regal Pillow"},{"floor":26.0,"key":"Nunchaku"},{"floor":29.0,"key":"Turnip"},{"floor":31.0,"key":"Red Skull"},{"floor":40.0,"key":"Letter Opener"},{"floor":42.0,"key":"Prayer Wheel"},{"floor":43.0,"key":"Gremlin Horn"},{"floor":45.0,"key":"Champion Belt"}],"event_choices":[{"damage_healed":0.0,"max_hp_gain":0.0,"max_hp_loss":0.0,"gold_gain":0.0,"event_name":"Living Wall","player_choice":"Grow","floor":3.0,"gold_loss":0.0,"damage_taken":0.0,"cards_upgraded":["Apotheosis"]},{"damage_healed":0.0,"max_hp_gain":0.0,"max_hp_loss":0.0,"gold_gain":75.0,"event_name":"World of Goop","player_choice":"Gather Gold","floor":5.0,"gold_loss":0.0,"damage_taken":11.0},{"damage_healed":0.0,"max_hp_gain":0.0,"max_hp_loss":0.0,"gold_gain":0.0,"event_name":"Golden Idol","player_choice":"Take Wound","floor":8.0,"gold_loss":0.0,"damage_taken":0.0,"relics_obtained":["Golden Idol"],"cards_obtained":["Injury"]},{"cards_removed":["Strike_R"],"damage_healed":0.0,"max_hp_gain":0.0,"max_hp_loss":0.0,"gold_gain":0.0,"event_name":"Bonfire Elementals","player_choice":"Offered Basic","floor":20.0,"gold_loss":0.0,"damage_taken":0.0},{"damage_healed":0.0,"max_hp_gain":0.0,"max_hp_loss":0.0,"gold_gain":333.0,"event_name":"The Moai Head","player_choice":"Gave Idol","floor":36.0,"relics_lost":["Golden Idol"],"gold_loss":0.0,"damage_taken":0.0},{"damage_healed":0.0,"max_hp_gain":0.0,"max_hp_loss":0.0,"gold_gain":0.0,"event_name":"Winding Halls","player_choice":"Embrace Madness","floor":44.0,"gold_loss":0.0,"damage_taken":14.0,"cards_obtained":["Madness","Madness"]}],"is_beta":false,"boss_relics":[{"not_picked":["Tiny House","SacredBark"],"picked":"Empty Cage"},{"not_picked":["Sozu","SlaversCollar"],"picked":"Philosopher\u0027s Stone"}],"items_purged_floors":[14,38],"is_endless":false,"potions_floor_spawned":[2,7,12,13,19,21,23,29,31,39,42,45,48],"ascension_level":17}}