{"host":"oigynbtg272c19pw","time":1613157788,"event":{"mods":["BaseMod","Colored Map","Minty Spire (QoL Compilation)","Relic Stats","Slay the Relics Exporter","StSLib"],"gold_per_floor":[109,34,50,50,50,50,50,76,101,115,147,4,4,15,15,89,89,109,119,34,46,58,70,117,129,168,214,21,21,61,96,96,195,195,261,261,301,342,302,361,162,162,162,243,6,81,81,119,119,169,169],"floor_reached":50,"playtime":2488,"items_purged":["Strike_P","Strike_P","Defend_P+1","Eruption"],"score":1273,"play_id":"2eb09114-2002-40f3-b12b-c334ccd5ba45","local_time":"20210212202308","is_ascension_mode":true,"campfire_choices":[{"data":"Meditate","floor":6.0,"key":"SMITH"},{"data":"SignatureMove","floor":15.0,"key":"SMITH"},{"data":"SpiritShield","floor":23.0,"key":"SMITH"},{"data":"Scrawl","floor":29.0,"key":"SMITH"},{"data":"TalkToTheHand","floor":32.0,"key":"SMITH"},{"floor":42.0,"key":"RECALL"},{"data":"Wallop","floor":47.0,"key":"SMITH"},{"data":"DeceiveReality","floor":49.0,"key":"SMITH"}],"circlet_count":0,"master_deck":["AscendersBane","Defend_P+1","Defend_P+1","Defend_P+1","Vigilance","Consecrate","BowlingBash","Meditate+1","Scrawl+1","Alpha","SignatureMove+1","FearNoEvil","SpiritShield+1","DeceiveReality+1","EmptyBody+1","MasterReality","Wish","Wireheading","Tantrum","TalkToTheHand+1","Wish","Wallop+1","Wireheading"],"relics":["PureWater","NeowsBlessing","Toy Ornithopter","Oddly Smooth Stone","Strawberry","Potion Belt","MealTicket","Coffee Dripper","MawBank","Ancient Tea Set","Omamori","Bottled Lightning","OrangePellets","Busted Crown","HornCleat","PreservedInsect","Nunchaku"],"acts_visited":["Exordium","TheCity","TheBeyond"],"potions_floor_usage":[],"damage_taken":[{"damage":0.0,"enemies":"Jaw Worm","floor":1.0,"turns":2.0},{"damage":0.0,"enemies":"Small Slimes","floor":3.0,"turns":1.0},{"damage":0.0,"enemies":"3 Sentries","floor":8.0,"turns":2.0},{"damage":5.0,"enemies":"2 Louse","floor":10.0,"turns":2.0},{"damage":41.0,"enemies":"Lagavulin","floor":11.0,"turns":8.0},{"damage":6.0,"enemies":"Large Slime","floor":14.0,"turns":3.0},{"damage":12.0,"enemies":"Hexaghost","floor":16.0,"turns":7.0},{"damage":6.0,"enemies":"Spheric Guardian","floor":18.0,"turns":4.0},{"damage":13.0,"enemies":"3 Byrds","floor":19.0,"turns":5.0},{"damage":16.0,"enemies":"Gremlin Leader","floor":24.0,"turns":10.0},{"damage":21.0,"enemies":"Book of Stabbing","floor":27.0,"turns":7.0},{"damage":0.0,"enemies":"Centurion and Healer","floor":30.0,"turns":4.0},{"damage":0.0,"enemies":"Cultist and Chosen","floor":31.0,"turns":3.0},{"damage":2.0,"enemies":"Collector","floor":33.0,"turns":7.0},{"damage":0.0,"enemies":"Orb Walker","floor":35.0,"turns":3.0},{"damage":1.0,"enemies":"3 Darklings","floor":37.0,"turns":5.0},{"damage":2.0,"enemies":"Maw","floor":38.0,"turns":7.0},{"damage":20.0,"enemies":"Nemesis","floor":40.0,"turns":9.0},{"damage":42.0,"enemies":"Giant Head","floor":44.0,"turns":8.0},{"damage":43.0,"enemies":"Reptomancer","floor":46.0,"turns":5.0},{"damage":0.0,"enemies":"Transient","floor":48.0,"turns":4.0},{"damage":17,"enemies":"Time Eater","floor":50,"turns":3}],"seed_played":"-1826286836444483221","potions_obtained":[{"floor":1.0,"key":"StancePotion"},{"floor":3.0,"key":"Dexterity Potion"},{"floor":10.0,"key":"SpeedPotion"},{"floor":16.0,"key":"Block Potion"},{"floor":24.0,"key":"Energy Potion"},{"floor":27.0,"key":"DistilledChaos"},{"floor":31.0,"key":"Weak Potion"},{"floor":33.0,"key":"StancePotion"},{"floor":39.0,"key":"EssenceOfSteel"},{"floor":39.0,"key":"AttackPotion"},{"floor":39.0,"key":"SpeedPotion"},{"floor":40.0,"key":"PowerPotion"},{"floor":44.0,"key":"Strength Potion"}],"is_trial":false,"path_per_floor":["M","$","M","?","?","R","T","E","T","M","E","$","?","M","R","B",null,"M","M","?","$","?","R","E","?","T","E","$","R","M","M","R","B",null,"M","?","M","M","?","E","$","R","T","E","$","E","R","M","R","B"],"character_chosen":"WATCHER","items_purchased":["SignatureMove","OrangePellets","Wireheading","Wallop","Wireheading"],"campfire_rested":0,"item_purchase_floors":[12,28,28,41,45],"current_hp_per_floor":[61,61,61,43,43,43,43,50,50,45,9,24,24,23,23,11,59,58,45,45,60,60,60,49,49,49,33,48,48,48,53,53,51,69,69,69,73,73,73,55,70,70,70,33,48,15,15,15,15,0,0],"gold":169,"neow_bonus":"THREE_ENEMY_KILL","is_daily":false,"chose_seed":false,"campfire_upgraded":7,"win_rate":0.0,"timestamp":1613157788,"path_taken":["M","$","M","?","?","R","?","E","T","M","E","$","?","M","R","BOSS","M","M","?","$","?","R","E","?","T","E","?","R","M","M","R","BOSS","M","?","?","M","?","E","$","R","T","E","$","E","R","M","R","BOSS"],"items_purchased_type":["Card","Relic","Card","Card","Card"],"build_version":"2020-12-13","purchased_purges":4,"victory":false,"max_hp_per_floor":[68,68,68,68,68,68,68,75,75,75,75,75,75,75,75,75,75,75,75,75,75,75,75,75,75,75,75,75,75,75,75,75,75,75,75,75,75,75,75,75,75,75,75,75,75,75,75,75,75,75,75],"relic_stats":{"OrangePellets":[5],"Nunchaku":[1],"Busted Crown":16,"counters":[22,109],"MealTicket":75,"PreservedInsect":61,"MawBank":96,"obtain_stats":[{"Potion Belt":9,"NeowsBlessing":0,"Oddly Smooth Stone":7,"PreservedInsect":44,"Omamori":26,"MawBank":20,"Ancient Tea Set":24,"OrangePellets":28,"Nunchaku":46,"Busted Crown":34,"HornCleat":40,"Strawberry":8,"MealTicket":11,"Coffee Dripper":17,"Bottled Lightning":27,"PureWater":0,"Toy Ornithopter":4},{"Potion Belt":3,"NeowsBlessing":0,"Oddly Smooth Stone":2,"PreservedInsect":19,"Omamori":10,"MawBank":9,"Ancient Tea Set":10,"OrangePellets":11,"Nunchaku":20,"Busted Crown":14,"HornCleat":18,"Strawberry":3,"MealTicket":5,"Coffee Dripper":7,"Bottled Lightning":11,"PureWater":0,"Toy Ornithopter":2},{"Potion Belt":5,"NeowsBlessing":0,"Oddly Smooth Stone":3,"PreservedInsect":97,"Omamori":44,"MawBank":34,"Ancient Tea Set":44,"OrangePellets":51,"Nunchaku":102,"Busted Crown":65,"HornCleat":89,"Strawberry":5,"MealTicket":15,"Coffee Dripper":25,"Bottled Lightning":51,"PureWater":0,"Toy Ornithopter":3}],"Toy Ornithopter":54},"card_choices":[{"not_picked":["ReachHeaven","WindmillStrike"],"picked":"Consecrate","floor":1.0},{"not_picked":["Prostrate","ClearTheMind"],"picked":"BowlingBash","floor":3.0},{"not_picked":["SandsOfTime","EmptyBody"],"picked":"Scrawl","floor":8.0},{"not_picked":["JustLucky","Evaluate","Halt"],"picked":"SKIP","floor":10.0},{"not_picked":["FollowUp","ForeignInfluence"],"picked":"Alpha","floor":11.0},{"not_picked":["BattleHymn","JustLucky"],"picked":"FearNoEvil","floor":14.0},{"not_picked":["Judgement","DevaForm"],"picked":"SpiritShield","floor":16.0},{"not_picked":["JustLucky","Prostrate","PathToVictory"],"picked":"SKIP","floor":18.0},{"not_picked":["FlurryOfBlows","SignatureMove+1"],"picked":"DeceiveReality","floor":19.0},{"not_picked":["CrushJoints","FlyingSleeves"],"picked":"EmptyBody+1","floor":24.0},{"not_picked":["Prostrate","DeceiveReality"],"picked":"Wish","floor":27.0},{"not_picked":["JustLucky","Meditate"],"picked":"Tantrum","floor":30.0},{"not_picked":["Consecrate","Worship"],"picked":"TalkToTheHand","floor":31.0},{"not_picked":["ConjureBlade","MasterReality"],"picked":"Wish","floor":33.0},{"not_picked":["FlyingSleeves+1"],"picked":"SKIP","floor":35.0},{"not_picked":["Prostrate+1"],"picked":"SKIP","floor":37.0},{"not_picked":["Prostrate"],"picked":"SKIP","floor":38.0},{"not_picked":["Swivel"],"picked":"SKIP","floor":40.0},{"not_picked":["MasterReality"],"picked":"SKIP","floor":44.0},{"not_picked":["Crescendo"],"picked":"SKIP","floor":46.0},{"not_picked":["Evaluate"],"picked":"SKIP","floor":48.0}],"player_experience":1587131,"relics_obtained":[{"floor":7.0,"key":"Oddly Smooth Stone"},{"floor":8.0,"key":"Strawberry"},{"floor":9.0,"key":"Potion Belt"},{"floor":11.0,"key":"MealTicket"},{"floor":24.0,"key":"Ancient Tea Set"},{"floor":26.0,"key":"Omamori"},{"floor":27.0,"key":"Bottled Lightning"},{"floor":40.0,"key":"HornCleat"},{"floor":44.0,"key":"PreservedInsect"},{"floor":46.0,"key":"Nunchaku"}],"event_choices":[{"damage_healed":0.0,"max_hp_gain":0.0,"max_hp_loss":0.0,"gold_gain":0.0,"event_name":"Scrap Ooze","player_choice":"Success","floor":4.0,"gold_loss":0.0,"damage_taken":18.0,"relics_obtained":["Toy Ornithopter"]},{"damage_healed":0.0,"max_hp_gain":0.0,"max_hp_loss":0.0,"gold_gain":0.0,"cards_transformed":["Strike_P"],"event_name":"Living Wall","player_choice":"Change","floor":5.0,"gold_loss":0.0,"damage_taken":0.0,"cards_obtained":["Meditate"]},{"damage_healed":0.0,"max_hp_gain":0.0,"max_hp_loss":0.0,"gold_gain":0.0,"event_name":"Shining Light","player_choice":"Ignored","floor":13.0,"gold_loss":0.0,"damage_taken":0.0},{"damage_healed":0.0,"max_hp_gain":0.0,"max_hp_loss":0.0,"gold_gain":0.0,"event_name":"Addict","player_choice":"Obtained Relic","floor":20.0,"gold_loss":85.0,"damage_taken":0.0,"relics_obtained":["MawBank"]},{"damage_healed":0.0,"max_hp_gain":0.0,"max_hp_loss":0.0,"gold_gain":0.0,"event_name":"Back to Basics","player_choice":"Simplicity","floor":22.0,"gold_loss":0.0,"damage_taken":0.0,"cards_upgraded":["Strike_P","Defend_P","Defend_P","Defend_P","Defend_P"]},{"damage_healed":0.0,"max_hp_gain":0.0,"max_hp_loss":0.0,"gold_gain":0.0,"event_name":"The Library","player_choice":"Read","floor":25.0,"gold_loss":0.0,"damage_taken":0.0,"cards_obtained":["MasterReality"]},{"cards_removed":["Strike_P"],"damage_healed":0.0,"max_hp_gain":0.0,"max_hp_loss":0.0,"gold_gain":0.0,"event_name":"Purifier","player_choice":"Purged","floor":36.0,"gold_loss":0.0,"damage_taken":0.0},{"damage_healed":0.0,"max_hp_gain":0.0,"max_hp_loss":0.0,"gold_gain":0.0,"event_name":"The Woman in Blue","player_choice":"Bought 3 Potions","floor":39.0,"gold_loss":0.0,"damage_taken":0.0}],"is_beta":false,"boss_relics":[{"not_picked":["Cursed Key","Astrolabe"],"picked":"Coffee Dripper"},{"not_picked":["Runic Dome","Velvet Choker"],"picked":"Busted Crown"}],"items_purged_floors":[2,12,41,45],"is_endless":false,"potions_floor_spawned":[1,3,10,16,24,27,31,33,40,44],"killed_by":"Time Eater","ascension_level":20}}