{"host":"c3lc60y5x60jlt1y","time":1613155671,"event":{"mods":["AchievementEnabler","BaseMod","Bestiary","Colored Map","Minty Spire (QoL Compilation)","Quick Restart","StSLib","ojb\u0027s Info Mod"],"gold_per_floor":[109,109,109,13,32,63,63,81,81,121,137,137,180,199,199,297,297,313,182,200,200,218,218,218],"floor_reached":23,"language":"ENG","playtime":1311,"items_purged":[],"score":472,"play_id":"947b1b82-51f8-4df6-acca-8a31f7917f25","local_time":"20210212204751","is_ascension_mode":true,"campfire_choices":[{"data":"Streamline","floor":7.0,"key":"SMITH"},{"data":"Coolheaded","floor":12.0,"key":"SMITH"},{"data":"Loop","floor":15.0,"key":"SMITH"}],"circlet_count":0,"master_deck":["AscendersBane","Strike_B+1","Strike_B","Strike_B+1","Strike_B","Defend_B","Defend_B","Defend_B","Zap","Dualcast","BootSequence","Coolheaded+1","Loop+1","Streamline+1","Chill","Self Repair","Ball Lightning","Hologram","Tempest","Sweeping Beam","Echo Form","Steam Power","Double Energy"],"relics":["Cracked Core","NeowsBlessing","Golden Idol","Gambling Chip","Letter Opener","Whetstone","Unceasing Top","Black Star","Question Card"],"acts_visited":["Exordium","TheCity"],"potions_floor_usage":[23],"damage_taken":[{"damage":0.0,"enemies":"2 Louse","floor":1.0,"turns":1.0},{"damage":0.0,"enemies":"Small Slimes","floor":5.0,"turns":1.0},{"damage":0.0,"enemies":"3 Sentries","floor":6.0,"turns":1.0},{"damage":0.0,"enemies":"Cultist","floor":8.0,"turns":3.0},{"damage":6.0,"enemies":"Lagavulin","floor":10.0,"turns":6.0},{"damage":3.0,"enemies":"2 Fungi Beasts","floor":11.0,"turns":4.0},{"damage":42.0,"enemies":"Gremlin Nob","floor":13.0,"turns":4.0},{"damage":1.0,"enemies":"Red Slaver","floor":14.0,"turns":3.0},{"damage":25.0,"enemies":"Hexaghost","floor":16.0,"turns":9.0},{"damage":17.0,"enemies":"Shell Parasite","floor":18.0,"turns":5.0},{"damage":0.0,"enemies":"Chosen","floor":20.0,"turns":5.0},{"damage":27.0,"enemies":"Centurion and Healer","floor":22.0,"turns":8.0},{"damage":26,"enemies":"Gremlin Leader","floor":23,"turns":4}],"seed_played":"3709160488519696195","potions_obtained":[{"floor":1.0,"key":"DistilledChaos"},{"floor":8.0,"key":"Strength Potion"},{"floor":16.0,"key":"SpeedPotion"},{"floor":18.0,"key":"SteroidPotion"},{"floor":22.0,"key":"Fruit Juice"}],"is_trial":false,"path_per_floor":["M","?","?","$","M","E","R","M","T","E","M","R","E","M","R","B",null,"M","?","M","?","M","E"],"character_chosen":"DEFECT","items_purchased":["Coolheaded","Loop"],"campfire_rested":0,"item_purchase_floors":[4,4],"current_hp_per_floor":[64,64,64,64,64,64,64,64,64,64,64,64,29,28,28,3,49,39,39,46,37,17,0,0],"gold":218,"neow_bonus":"THREE_ENEMY_KILL","is_daily":false,"chose_seed":false,"campfire_upgraded":3,"win_rate":0.0,"timestamp":1613155671,"path_taken":["M","?","?","$","?","E","R","M","T","E","M","R","E","M","R","BOSS","M","?","?","?","M","E"],"items_purchased_type":["Card","Card"],"build_version":"2020-12-22","purchased_purges":0,"victory":false,"max_hp_per_floor":[71,64,64,64,64,64,64,64,64,64,64,64,64,64,64,64,64,64,64,64,64,64,69,69],"card_choices":[{"not_picked":["Hello World","Leap"],"picked":"BootSequence","floor":1.0},{"not_picked":["Barrage","Hologram"],"picked":"Streamline","floor":5.0},{"not_picked":["Machine Learning","Ball Lightning"],"picked":"Chill","floor":6.0},{"not_picked":["Skim","White Noise"],"picked":"Self Repair","floor":8.0},{"not_picked":["Rebound","Stack"],"picked":"Ball Lightning","floor":10.0},{"not_picked":["Cold Snap","Streamline"],"picked":"Hologram","floor":11.0},{"not_picked":["Barrage","Redo"],"picked":"Tempest","floor":13.0},{"not_picked":["Skim","Fusion"],"picked":"Sweeping Beam","floor":14.0},{"not_picked":["Core Surge","Reboot"],"picked":"Echo Form","floor":16.0},{"not_picked":["Hologram","Steam","Leap"],"picked":"SKIP","floor":18.0},{"not_picked":["Ball Lightning","Go for the Eyes","Hello World+1"],"picked":"Steam Power","floor":20.0},{"not_picked":["Rebound","Heatsinks","Multi-Cast"],"picked":"Double Energy","floor":22.0}],"player_experience":9256873,"relics_obtained":[{"floor":6.0,"key":"Gambling Chip"},{"floor":9.0,"key":"Letter Opener"},{"floor":10.0,"key":"Whetstone"},{"floor":13.0,"key":"Unceasing Top"}],"event_choices":[{"damage_healed":0.0,"max_hp_gain":0.0,"max_hp_loss":7.0,"gold_gain":0.0,"event_name":"Golden Idol","player_choice":"Lose Max HP","floor":2.0,"gold_loss":0.0,"damage_taken":0.0,"relics_obtained":["Golden Idol"]},{"cards_removed":["Defend_B"],"damage_healed":0.0,"max_hp_gain":0.0,"max_hp_loss":0.0,"gold_gain":0.0,"event_name":"Purifier","player_choice":"Purged","floor":3.0,"gold_loss":0.0,"damage_taken":0.0},{"damage_healed":0.0,"max_hp_gain":0.0,"max_hp_loss":0.0,"gold_gain":0.0,"event_name":"WeMeetAgain","player_choice":"Paid Gold","floor":19.0,"gold_loss":131.0,"damage_taken":0.0,"relics_obtained":["Question Card"]},{"damage_healed":0.0,"max_hp_gain":0.0,"max_hp_loss":0.0,"gold_gain":0.0,"event_name":"Wheel of Change","player_choice":"Damaged","floor":21.0,"gold_loss":0.0,"damage_taken":9.0}],"is_beta":false,"boss_relics":[{"not_picked":["Sozu","Busted Crown"],"picked":"Black Star"}],"items_purged_floors":[],"is_endless":false,"potions_floor_spawned":[1,8,16,18,22],"killed_by":"Gremlin Leader","ascension_level":20}}