{"host":"kcvncuxxsb6xpuus","time":1613106214,"event":{"mods":["BaseMod","Minty Spire (QoL Compilation)","Replay The Spire","StSLib"],"gold_per_floor":[113,113,137,137,212,212,67,67,67,87,121,141,159,193,193,314,314,314,136,136,136,136,136,136,136,136,136,136,136,136,62,62,62,62,62,62,62,62,28,28,28,28,28,28,28,28,28,28,28,28],"floor_reached":51,"language":"ZHS","playtime":2806,"items_purged":["Defend_G","Strike_G"],"score":771,"play_id":"62d069f6-24ee-4aab-9848-52aa1d7a5d64","local_time":"20210212130334","is_ascension_mode":true,"campfire_choices":[{"data":"Replay:Bag of Tricks","floor":6.0,"key":"SMITH"},{"floor":8.0,"key":"REST"},{"data":"Adrenaline","floor":15.0,"key":"SMITH"},{"data":"J.A.X.","floor":23.0,"key":"SMITH"},{"floor":28.0,"key":"REST"},{"data":"Replay:Bag of Tricks","floor":30.0,"key":"SMITH"},{"data":"Accuracy","floor":32.0,"key":"SMITH"},{"floor":41,"key":"REST"},{"floor":47,"key":"REST"},{"floor":49,"key":"REST"}],"circlet_count":0,"master_deck":["Strike_G","Strike_G+1","Strike_G","Defend_G","Defend_G","Defend_G","Defend_G","Survivor","Neutralize","Replay:Bag of Tricks+1","Blade Dance+1","Backstab","Backstab","Adrenaline+1","Replay:Bag of Tricks+1","Accuracy","J.A.X.+1","Draining Mist+1","Terror+1","Accuracy+1","Phantasmal Killer+1","Footwork+1","Madness+1","Madness+1","Prepared+1","Prepared+1","Distraction+1","Adrenaline+1","Panacea+1"],"relics":["Ring of the Snake","Golden Idol","Garlic","TungstenRod","Dream Catcher","Ectoplasm","Mercury Hourglass","Nilry\u0027s Codex","Toxic Egg 2","Busted Crown","Smiling Mask","Lizard Tail","Meat on the Bone"],"acts_visited":["Exordium","TheCity","TheBeyond"],"potions_floor_usage":[38,38,42,46,50],"damage_taken":[{"damage":1.0,"enemies":"Cultist","floor":1.0,"turns":4.0},{"damage":0.0,"enemies":"Small Slimes","floor":3.0,"turns":4.0},{"damage":0.0,"enemies":"2 Louse","floor":10.0,"turns":1.0},{"damage":4.0,"enemies":"3 Sentries","floor":11.0,"turns":5.0},{"damage":2.0,"enemies":"Red Slaver","floor":12.0,"turns":2.0},{"damage":0.0,"enemies":"Exordium Wildlife","floor":13.0,"turns":2.0},{"damage":1.0,"enemies":"Lagavulin","floor":14.0,"turns":4.0},{"damage":18.0,"enemies":"The Guardian","floor":16.0,"turns":9.0},{"damage":2.0,"enemies":"Shell Parasite","floor":18.0,"turns":3.0},{"damage":0.0,"enemies":"Spheric Guardian","floor":20.0,"turns":3.0},{"damage":5.0,"enemies":"Snake Plant","floor":22.0,"turns":3.0},{"damage":16.0,"enemies":"Gremlin Leader","floor":24.0,"turns":4.0},{"damage":2.0,"enemies":"Snecko","floor":27.0,"turns":2.0},{"damage":2.0,"enemies":"Cultist and Chosen","floor":29.0,"turns":4.0},{"damage":15.0,"enemies":"Automaton","floor":33.0,"turns":6.0},{"damage":2.0,"enemies":"Orb Walker","floor":35.0,"turns":2.0},{"damage":10.0,"enemies":"3 Shapes","floor":37.0,"turns":2.0},{"damage":9,"enemies":"Writhing Mass","floor":38,"turns":3},{"damage":2,"enemies":"R_Hoarder","floor":40,"turns":5},{"damage":39,"enemies":"Reptomancer","floor":42,"turns":4},{"damage":3,"enemies":"4 Shapes","floor":46,"turns":5},{"damage":12,"enemies":"Transient","floor":48,"turns":5},{"damage":52,"enemies":"Donu and Deca","floor":50,"turns":6}],"seed_played":"-1342869548994332416","potions_obtained":[{"floor":3.0,"key":"Weak Potion"},{"floor":10.0,"key":"SkillPotion"},{"floor":12.0,"key":"AttackPotion"},{"floor":22.0,"key":"EssenceOfSteel"},{"floor":27.0,"key":"Flashbang"},{"floor":33.0,"key":"DuplicationPotion"},{"floor":42,"key":"Fire Potion"},{"floor":48,"key":"PowerPotion"}],"is_trial":false,"path_per_floor":["M","?","M","?","?","R","$","R","T","M","E","M","M","E","R","B",null,"M","$","M","?","M","R","E","?","T","M","R","M","R","$","R","B",null,"M","?","M","M","$","E","R","E","T","?","?","M","R","M","R","B",null],"character_chosen":"THE_SILENT","items_purchased":["Backstab","Accuracy","Accuracy","Prepared+1"],"campfire_rested":5,"item_purchase_floors":[7,19,31,39],"current_hp_per_floor":[69,52,52,38,31,31,31,52,52,52,48,46,46,45,45,27,70,68,68,68,68,63,63,47,35,35,33,54,52,52,52,52,37,70,68,60,50,41,41,39,60,21,21,21,15,24,45,45,66,26],"gold":28,"neow_bonus":"TRANSFORM_CARD","is_daily":false,"chose_seed":false,"campfire_upgraded":5,"win_rate":0.0,"timestamp":1613106214,"path_taken":["M","?","M","?","?","R","$","R","T","M","E","M","?","E","R","BOSS","M","$","M","?","M","R","E","?","T","M","R","M","R","?","R","BOSS","M","?","M","M","$","E","R","E","T","?","?","M","R","M","R","BOSS"],"items_purchased_type":["Card","Card","Card","Card"],"build_version":"2020-12-22","purchased_purges":2,"victory":true,"max_hp_per_floor":[70,70,70,70,70,70,70,70,70,70,70,70,70,70,70,70,70,70,70,70,70,70,70,70,70,70,70,70,70,70,70,70,70,70,70,70,70,70,70,70,70,70,70,70,70,70,70,70,70,70],"card_choices":[{"not_picked":["Prepared","Crippling Poison","Dodge and Roll"],"picked":"SKIP","floor":1.0},{"not_picked":["Backflip","Cloak And Dagger"],"picked":"Blade Dance","floor":3.0},{"not_picked":["Deflect","Cloak And Dagger"],"picked":"Backstab","floor":10.0},{"not_picked":["Expertise","Glass Knife"],"picked":"Adrenaline","floor":11.0},{"not_picked":["Replay:Poison Smokescreen","Outmaneuver","PiercingWail"],"picked":"SKIP","floor":12.0},{"not_picked":["Leg Sweep","Cloak And Dagger","Replay:Poison Smokescreen"],"picked":"SKIP","floor":13.0},{"not_picked":["Skewer","Predator","Setup"],"picked":"SKIP","floor":14.0},{"not_picked":["Adrenaline","A Thousand Cuts"],"picked":"Replay:Bag of Tricks","floor":16.0},{"not_picked":["Outmaneuver","Dodge and Roll","Poisoned Stab+1"],"picked":"SKIP","floor":18.0},{"not_picked":["Poisoned Stab+1","Acrobatics","Bouncing Flask"],"picked":"SKIP","floor":20.0},{"not_picked":["Slice+1","Blade Dance","Replay:Poison Smokescreen+1"],"picked":"SKIP","floor":22.0},{"not_picked":["Underhanded Strike+1","Eviscerate"],"picked":"Draining Mist+1","floor":24.0},{"not_picked":["Quick Slash","Poisoned Stab","Caltrops"],"picked":"SKIP","floor":27.0},{"not_picked":["Dodge and Roll+1","Die Die Die"],"picked":"Terror+1","floor":29.0},{"not_picked":["Grand Finale","Malaise+1"],"picked":"Phantasmal Killer+1","floor":33.0},{"not_picked":[],"picked":"Footwork+1","floor":35.0},{"not_picked":["Underhanded Strike"],"picked":"SKIP","floor":37.0},{"not_picked":["Deadly Poison+1"],"picked":"SKIP","floor":38},{"not_picked":["Bouncing Flask+1"],"picked":"SKIP","floor":40},{"not_picked":[],"picked":"Distraction+1","floor":41},{"not_picked":[],"picked":"Adrenaline+1","floor":42},{"not_picked":[],"picked":"Panacea+1","floor":44},{"not_picked":["Outmaneuver+1"],"picked":"SKIP","floor":46},{"not_picked":["Cloak And Dagger+1"],"picked":"SKIP","floor":48}],"player_experience":107691,"relics_obtained":[{"floor":9.0,"key":"Garlic"},{"floor":11.0,"key":"TungstenRod"},{"floor":14.0,"key":"Dream Catcher"},{"floor":24.0,"key":"Mercury Hourglass"},{"floor":25.0,"key":"Nilry\u0027s Codex"},{"floor":26.0,"key":"Toxic Egg 2"},{"floor":40,"key":"Smiling Mask"},{"floor":42,"key":"Lizard Tail"},{"floor":43,"key":"Meat on the Bone"}],"event_choices":[{"damage_healed":0.0,"max_hp_gain":0.0,"max_hp_loss":0.0,"gold_gain":0.0,"event_name":"Golden Idol","player_choice":"Take Damage","floor":2.0,"gold_loss":0.0,"damage_taken":17.0,"relics_obtained":["Golden Idol"]},{"damage_healed":0.0,"max_hp_gain":0.0,"max_hp_loss":0.0,"gold_gain":0.0,"event_name":"Shining Light","player_choice":"Entered Light","floor":4.0,"gold_loss":0.0,"damage_taken":14.0,"cards_upgraded":["Strike_G","Blade Dance"]},{"damage_healed":0.0,"max_hp_gain":0.0,"max_hp_loss":0.0,"gold_gain":75.0,"event_name":"FaceTrader","player_choice":"Touch","floor":5.0,"gold_loss":0.0,"damage_taken":7.0},{"damage_healed":0.0,"max_hp_gain":0.0,"max_hp_loss":0.0,"gold_gain":0.0,"event_name":"Drug Dealer","player_choice":"Obtain J.A.X.","floor":21.0,"gold_loss":0.0,"damage_taken":0.0,"cards_obtained":["J.A.X."]},{"damage_healed":0.0,"max_hp_gain":0.0,"max_hp_loss":0.0,"gold_gain":0.0,"event_name":"Cursed Tome","player_choice":"Obtained Book","floor":25.0,"gold_loss":0.0,"damage_taken":16.0},{"damage_healed":0.0,"max_hp_gain":0.0,"max_hp_loss":0.0,"gold_gain":0.0,"event_name":"Winding Halls","player_choice":"Embrace Madness","floor":36.0,"gold_loss":0.0,"damage_taken":9.0,"cards_obtained":["Madness","Madness"]},{"damage_healed":0,"gold_gain":0,"player_choice":"Memory 1","damage_taken":0,"max_hp_gain":0,"max_hp_loss":0,"event_name":"SensoryStone","floor":44,"gold_loss":0},{"damage_healed":0,"gold_gain":0,"player_choice":"Damaged","damage_taken":7,"max_hp_gain":0,"max_hp_loss":0,"event_name":"Wheel of Change","floor":45,"gold_loss":0}],"is_beta":false,"boss_relics":[{"not_picked":["Snecko Scales","Cursed Key"],"picked":"Ectoplasm"},{"not_picked":["Snecko Eye","ChewingGum"],"picked":"Busted Crown"}],"items_purged_floors":[7,19],"is_endless":false,"potions_floor_spawned":[3,10,12,22,27,33,37,42,48],"ascension_level":1}}