{"host":"gh97pv908ci4ql26","time":1613099469,"event":{"mods":["AchievementEnabler","BaseMod","Better Altar","Better Match","Better Note","Better Sensory Stone","Better Skull","Better Third Choice","Block Reminder","Colored Powertips","Curses Come First","Disable Question Mark Monsters","Displayed Cursed Tome","Emptier Cage","Highlight Path","Marisa????????","Minty Spire (QoL Compilation)","Permanent Neow","Poor People Problems","Quick Restart","Rare Cards Sparkle","Relic Sorter","Shop Mod","Smile Girya","StSLib","The Marked","everything is the same but u backflip on backflip","slay the spire mod where everything is the same but ironclad has a cowboy hat"],"gold_per_floor":[117,192,192,211,211,229,252,252,252,292,316,316,316,337,337,460,523,544,234,284,254,270,270,270],"floor_reached":23,"language":"ENG","playtime":2850,"items_purged":["Injury"],"score":218,"play_id":"da12dea5-d889-40ed-b4f2-09e860eb0d13","local_time":"20210211191109","is_ascension_mode":false,"campfire_choices":[{"data":"True Grit","floor":8.0,"key":"SMITH"},{"floor":13.0,"key":"REST"},{"data":"Entrench","floor":15.0,"key":"SMITH"}],"circlet_count":0,"master_deck":["Strike_R","Strike_R","Strike_R+1","Strike_R","Strike_R","Defend_R","Defend_R","Defend_R","Defend_R","Bash+1","True Grit+1","Dropkick","Feel No Pain","Intimidate+1","Disarm+1","Entrench+1","Barricade","Body Slam+1","Enlightenment","Flex+1","Armaments"],"relics":["Burning Blood","Golden Idol","Molten Egg 2","InkBottle","Tiny House","Lee\u0027s Waffle"],"acts_visited":["Exordium","TheCity"],"potions_floor_usage":[23],"damage_taken":[{"damage":5.0,"enemies":"Cultist","floor":1.0,"turns":4.0},{"damage":0.0,"enemies":"2 Louse","floor":4.0,"turns":4.0},{"damage":4.0,"enemies":"Jaw Worm","floor":6.0,"turns":3.0},{"damage":8.0,"enemies":"2 Fungi Beasts","floor":7.0,"turns":4.0},{"damage":43.0,"enemies":"Gremlin Nob","floor":10.0,"turns":6.0},{"damage":3.0,"enemies":"3 Louse","floor":11.0,"turns":6.0},{"damage":4.0,"enemies":"Red Slaver","floor":14.0,"turns":6.0},{"damage":52.0,"enemies":"Hexaghost","floor":16.0,"turns":16.0},{"damage":67.0,"enemies":"Spheric Guardian","floor":18.0,"turns":12.0},{"damage":16.0,"enemies":"2 Thieves","floor":21.0,"turns":5.0},{"damage":20.0,"enemies":"Centurion and Healer","floor":22.0,"turns":9.0},{"damage":78,"enemies":"Book of Stabbing","floor":23,"turns":10}],"seed_played":"-2627264412318642664","potions_obtained":[{"floor":1.0,"key":"Ancient Potion"},{"floor":10.0,"key":"Energy Potion"},{"floor":14.0,"key":"AttackPotion"},{"floor":17.0,"key":"FearPotion"},{"floor":18.0,"key":"Explosive Potion"},{"floor":22.0,"key":"GamblersBrew"}],"is_trial":false,"path_per_floor":["M","?","?","M","?","M","M","R","T","E","M","?","R","M","R","B",null,"M","$","?","M","M","E"],"character_chosen":"IRONCLAD","items_purchased":["Enlightenment","Lee\u0027s Waffle"],"campfire_rested":1,"item_purchase_floors":[19,19],"current_hp_per_floor":[88,77,59,65,65,67,65,65,65,28,31,31,57,59,59,13,93,32,100,100,90,76,0,0],"gold":270,"neow_bonus":"TEN_PERCENT_HP_BONUS","is_daily":false,"chose_seed":false,"campfire_upgraded":2,"win_rate":0.0,"timestamp":1613099469,"path_taken":["M","?","?","?","?","M","M","R","T","E","M","?","R","M","R","BOSS","M","$","?","M","M","E"],"items_purchased_type":["Card","Relic"],"build_version":"2020-12-22","purchased_purges":1,"victory":false,"max_hp_per_floor":[88,88,88,88,88,88,88,88,88,88,88,88,88,88,88,88,93,93,100,100,100,100,100,100],"card_choices":[{"not_picked":["Rampage","Shrug It Off"],"picked":"True Grit","floor":1.0},{"not_picked":["Heavy Blade","Warcry"],"picked":"Dropkick","floor":4.0},{"not_picked":["Dark Embrace","Clothesline"],"picked":"Feel No Pain","floor":6.0},{"not_picked":["Sword Boomerang","Heavy Blade","Cleave"],"picked":"SKIP","floor":7.0},{"not_picked":["Headbutt+1","Flex"],"picked":"Intimidate","floor":10.0},{"not_picked":["Anger+1","Bludgeon+1"],"picked":"Disarm","floor":11.0},{"not_picked":["Pommel Strike+1","Flame Barrier"],"picked":"Entrench","floor":14.0},{"not_picked":["Juggernaut","Limit Break"],"picked":"Barricade","floor":16.0},{"not_picked":["Dark Embrace","Wild Strike+1"],"picked":"Body Slam+1","floor":17.0},{"not_picked":["Wild Strike+1","Hemokinesis+1","Feel No Pain+1"],"picked":"SKIP","floor":18.0},{"not_picked":["Perfected Strike+1","Body Slam+1"],"picked":"Flex+1","floor":21.0},{"not_picked":["Carnage+1","Heavy Blade+1"],"picked":"Armaments","floor":22.0}],"player_experience":119248,"relics_obtained":[{"floor":9.0,"key":"Molten Egg 2"},{"floor":10.0,"key":"InkBottle"}],"event_choices":[{"damage_healed":0.0,"max_hp_gain":0.0,"max_hp_loss":0.0,"gold_gain":75.0,"event_name":"betterThird:BetterGoop","player_choice":"Gold","floor":2.0,"gold_loss":0.0,"damage_taken":11.0},{"damage_healed":77.0,"max_hp_gain":0.0,"max_hp_loss":88.0,"gold_gain":0.0,"event_name":"betterThird:BetterShining","player_choice":"Upgrade","floor":3.0,"gold_loss":0.0,"damage_taken":18.0,"cards_upgraded":["Bash","Strike_R"]},{"damage_healed":0.0,"max_hp_gain":0.0,"max_hp_loss":0.0,"gold_gain":0.0,"event_name":"Golden Idol","player_choice":"Take Wound","floor":5.0,"gold_loss":0.0,"damage_taken":0.0,"relics_obtained":["Golden Idol"],"cards_obtained":["Injury"]},{"damage_healed":0.0,"max_hp_gain":0.0,"max_hp_loss":0.0,"gold_gain":0.0,"event_name":"Upgrade Shrine","player_choice":"Upgraded","floor":12.0,"gold_loss":0.0,"damage_taken":0.0,"cards_upgraded":["Disarm"]},{"damage_healed":0.0,"max_hp_gain":0.0,"max_hp_loss":0.0,"gold_gain":100.0,"event_name":"The Joust","player_choice":"Bet on Murderer","floor":20.0,"gold_loss":50.0,"damage_taken":0.0}],"is_beta":false,"boss_relics":[{"not_picked":["Fusion Hammer","Busted Crown"],"picked":"Tiny House"}],"items_purged_floors":[19],"is_endless":false,"potions_floor_spawned":[1,10,14,18,22],"killed_by":"Book of Stabbing","ascension_level":0}}