{"host":"fj5i6t4nkss7815d","time":1613109179,"event":{"mods":["AchievementEnabler","BaseMod","Minty Spire (QoL Compilation)","Quick Restart","Relic Stats"],"gold_per_floor":[118,118,137,212,224,256,256,269,269,299,309,309,37,54,54,54,54],"floor_reached":16,"language":"ENG","playtime":919,"items_purged":["Pain"],"score":249,"play_id":"2c40a854-b56c-4400-92f0-775011c95a36","local_time":"20210211215259","is_ascension_mode":true,"campfire_choices":[{"floor":7.0,"key":"REST"},{"floor":15.0,"key":"REST"}],"circlet_count":0,"master_deck":["AscendersBane","Strike_G","Strike_G","Strike_G","Strike_G","Strike_G","Defend_G","Defend_G","Defend_G","Defend_G","Defend_G","Survivor","Neutralize","Dagger Spray","Slice","Poisoned Stab","Terror","PiercingWail","Caltrops","Caltrops"],"relics":["Ring of the Snake","Singing Bowl","Letter Opener","Juzu Bracelet"],"acts_visited":["Exordium"],"potions_floor_usage":[],"damage_taken":[{"damage":9.0,"enemies":"Cultist","floor":1.0,"turns":5.0},{"damage":9.0,"enemies":"Small Slimes","floor":3.0,"turns":5.0},{"damage":6.0,"enemies":"2 Louse","floor":5.0,"turns":3.0},{"damage":27.0,"enemies":"Gremlin Nob","floor":6.0,"turns":4.0},{"damage":4.0,"enemies":"Lots of Slimes","floor":8.0,"turns":5.0},{"damage":24.0,"enemies":"3 Sentries","floor":10.0,"turns":11.0},{"damage":5.0,"enemies":"Looter","floor":11.0,"turns":3.0},{"damage":1.0,"enemies":"Exordium Wildlife","floor":14.0,"turns":4.0},{"damage":59,"enemies":"Hexaghost","floor":16,"turns":11}],"seed_played":"6226796871480924000","potions_obtained":[{"floor":2.0,"key":"Ancient Potion"},{"floor":2.0,"key":"DuplicationPotion"},{"floor":3.0,"key":"Energy Potion"},{"floor":8.0,"key":"Dexterity Potion"},{"floor":10.0,"key":"Block Potion"},{"floor":14.0,"key":"FearPotion"}],"is_trial":false,"path_per_floor":["M","?","M","?","M","E","R","M","T","E","M","?","$","M","R","B"],"character_chosen":"THE_SILENT","items_purchased":["Fruit Juice","Caltrops"],"campfire_rested":2,"item_purchase_floors":[13,13],"current_hp_per_floor":[62,62,53,42,36,9,32,30,30,8,3,30,35,34,60,1,1],"gold":54,"neow_bonus":"TWENTY_PERCENT_HP_BONUS","is_daily":false,"chose_seed":false,"campfire_upgraded":0,"win_rate":0.0,"timestamp":1613109179,"path_taken":["M","?","?","?","M","E","R","M","T","E","M","?","$","M","R","BOSS"],"items_purchased_type":["Potion","Card"],"build_version":"2020-12-22","purchased_purges":1,"victory":false,"max_hp_per_floor":[78,78,78,78,78,78,78,80,80,82,82,82,87,87,87,87,87],"relic_stats":{"Singing Bowl":4,"counters":[9,51],"Juzu Bracelet":0,"Letter Opener":[8],"obtain_stats":[{"Singing Bowl":6,"Juzu Bracelet":10,"Letter Opener":9,"Ring of the Snake":0},{"Singing Bowl":4,"Juzu Bracelet":6,"Letter Opener":5,"Ring of the Snake":0},{"Singing Bowl":17,"Juzu Bracelet":33,"Letter Opener":22,"Ring of the Snake":0}],"Ring of the Snake":[18]},"card_choices":[{"not_picked":["Concentrate","Backflip"],"picked":"Dagger Spray","floor":1.0},{"not_picked":["Catalyst","Underhanded Strike"],"picked":"Slice","floor":3.0},{"not_picked":["Dagger Spray","Bouncing Flask"],"picked":"Poisoned Stab","floor":5.0},{"not_picked":["Calculated Gamble","Catalyst"],"picked":"Terror","floor":6.0},{"not_picked":["Skewer","Quick Slash","Acrobatics"],"picked":"Singing Bowl","floor":8.0},{"not_picked":["Prepared","Well Laid Plans","Reflex"],"picked":"Singing Bowl","floor":10.0},{"not_picked":["Concentrate","Outmaneuver"],"picked":"PiercingWail","floor":11.0},{"not_picked":["Well Laid Plans","Flying Knee"],"picked":"Caltrops","floor":14.0}],"player_experience":1049961,"relics_obtained":[{"floor":6.0,"key":"Singing Bowl"},{"floor":9.0,"key":"Letter Opener"},{"floor":10.0,"key":"Juzu Bracelet"}],"event_choices":[{"damage_healed":0.0,"max_hp_gain":0.0,"max_hp_loss":0.0,"gold_gain":0.0,"event_name":"Lab","player_choice":"Got Potions","floor":2.0,"gold_loss":0.0,"damage_taken":0.0},{"damage_healed":0.0,"max_hp_gain":0.0,"max_hp_loss":0.0,"gold_gain":75.0,"event_name":"World of Goop","player_choice":"Gather Gold","floor":4.0,"gold_loss":0.0,"damage_taken":11.0},{"damage_healed":27.0,"max_hp_gain":0.0,"max_hp_loss":0.0,"gold_gain":0.0,"event_name":"Big Fish","player_choice":"Banana","floor":12.0,"gold_loss":0.0,"damage_taken":0.0}],"is_beta":false,"boss_relics":[],"items_purged_floors":[13],"is_endless":false,"potions_floor_spawned":[3,8,10,14],"killed_by":"Hexaghost","ascension_level":20}}