{"host":"et0ypqa1uh5c1j5j","time":1613123627,"event":{"mods":["BaseMod","Colored Map","Colored Powertips","Minty Spire (QoL Compilation)","Relic Stats","StSLib"],"gold_per_floor":[110,121,141,152,49,82,82,93,93,127,146,171,171,199,199,273,273,285,107,126,126,142,142,173,183,209,134,163,163,38,52,52,130,130,148,0,14,62,62,62,80,108,108,108,127,127,127],"floor_reached":46,"language":"ENG","playtime":3178,"items_purged":["Strike_B","Strike_B","Strike_B+1"],"score":1040,"play_id":"de04914f-bc45-4c1a-83af-ee6c8c1ec1ab","local_time":"20210212095347","is_ascension_mode":true,"campfire_choices":[{"data":"Sunder","floor":7,"key":"SMITH"},{"floor":13,"key":"REST"},{"data":"Loop","floor":15,"key":"SMITH"},{"data":"Sunder","floor":23,"key":"SMITH"},{"data":"Machine Learning","floor":29,"key":"SMITH"},{"data":"Chill","floor":32,"key":"SMITH"},{"floor":40,"key":"REST"}],"circlet_count":0,"master_deck":["AscendersBane","Strike_B+1","Defend_B+1","Defend_B+1","Defend_B+1","Defend_B+1","Dualcast","Sunder+1","FTL","Cold Snap","Conserve Battery","Compile Driver","Loop+1","Machine Learning+1","Go for the Eyes","Static Discharge","Reinforced Body","Chill+1","Core Surge","Ball Lightning","Sunder+1","Doom and Gloom","Loop","Echo Form","Loop","Meteor Strike","Recycle","Coolheaded+1"],"relics":["Cracked Core","NeowsBlessing","Lantern","Mango","Meat on the Bone","TungstenRod","Dead Branch","Snecko Eye","Blood Vial","Bronze Scales","Ancient Tea Set","Inserter","Red Mask","Prayer Wheel","InkBottle"],"acts_visited":["Exordium","TheCity","TheBeyond"],"potions_floor_usage":[6,12,20,24],"damage_taken":[{"damage":0,"enemies":"Cultist","floor":1,"turns":1},{"damage":0,"enemies":"2 Louse","floor":2,"turns":1},{"damage":0,"enemies":"Small Slimes","floor":3,"turns":1},{"damage":0,"enemies":"3 Louse","floor":4,"turns":2},{"damage":29,"enemies":"Gremlin Nob","floor":6,"turns":4},{"damage":4,"enemies":"Looter","floor":8,"turns":3},{"damage":20,"enemies":"3 Sentries","floor":10,"turns":6},{"damage":9,"enemies":"Blue Slaver","floor":11,"turns":3},{"damage":6,"enemies":"Lagavulin","floor":12,"turns":5},{"damage":26,"enemies":"Gremlin Nob","floor":14,"turns":4},{"damage":3,"enemies":"The Guardian","floor":16,"turns":13},{"damage":17,"enemies":"2 Thieves","floor":18,"turns":4},{"damage":1,"enemies":"Shell Parasite","floor":20,"turns":4},{"damage":8,"enemies":"Sentry and Sphere","floor":22,"turns":4},{"damage":39,"enemies":"Gremlin Leader","floor":24,"turns":8},{"damage":4,"enemies":"Chosen and Byrds","floor":25,"turns":4},{"damage":18,"enemies":"Slavers","floor":28,"turns":3},{"damage":0,"enemies":"Snecko","floor":31,"turns":4},{"damage":30,"enemies":"Collector","floor":33,"turns":7},{"damage":10,"enemies":"3 Darklings","floor":35,"turns":5},{"damage":8,"enemies":"3 Shapes","floor":37,"turns":3},{"damage":42,"enemies":"2 Orb Walkers","floor":38,"turns":4},{"damage":36,"enemies":"Maw","floor":41,"turns":9},{"damage":49,"enemies":"Nemesis","floor":42,"turns":7},{"damage":5,"enemies":"4 Shapes","floor":45,"turns":4},{"damage":47,"enemies":"Giant Head","floor":46,"turns":6}],"seed_played":"-6543779122180002889","potions_obtained":[{"floor":1,"key":"PotionOfCapacity"},{"floor":3,"key":"Swift Potion"},{"floor":11,"key":"Block Potion"},{"floor":16,"key":"Block Potion"},{"floor":22,"key":"ColorlessPotion"},{"floor":24,"key":"DistilledChaos"},{"floor":25,"key":"FairyPotion"},{"floor":45,"key":"LiquidBronze"}],"is_trial":false,"path_per_floor":["M","M","M","M","$","E","R","M","T","E","M","E","R","E","R","B",null,"M","$","M","?","M","R","E","M","T","?","E","R","$","M","R","B",null,"M","?","M","?","$","R","M","E","T","?","M","E"],"character_chosen":"DEFECT","items_purchased":["Compile Driver","Sunder"],"campfire_rested":2,"item_purchase_floors":[5,19],"current_hp_per_floor":[64,64,64,64,64,35,35,31,45,25,28,34,59,45,45,54,77,60,60,59,59,51,51,24,34,34,34,30,30,30,44,44,28,71,63,63,57,29,29,54,32,32,32,32,41,0,0],"gold":127,"neow_bonus":"THREE_ENEMY_KILL","is_daily":false,"chose_seed":false,"campfire_upgraded":5,"win_rate":0.0,"timestamp":1613123627,"path_taken":["M","M","M","M","$","E","R","M","T","E","M","E","R","E","R","BOSS","M","?","M","?","M","R","E","M","T","?","E","R","$","M","R","BOSS","M","?","M","?","$","R","M","E","T","?","?","E"],"items_purchased_type":["Card","Card"],"build_version":"2020-12-22","purchased_purges":3,"victory":false,"max_hp_per_floor":[71,71,71,71,71,71,71,71,85,85,85,85,85,85,85,85,85,85,85,85,85,85,85,85,85,85,85,85,85,85,85,85,85,85,85,85,85,85,85,85,85,85,85,85,85,85,85],"relic_stats":{"Blood Vial":22,"Inserter":[19],"counters":[26,118],"Dead Branch":[42],"Bronze Scales":[126],"Snecko Eye":[135,153,125,135],"Prayer Wheel":2,"obtain_stats":[{"Lantern":6,"Inserter":34,"NeowsBlessing":0,"Dead Branch":14,"Mango":9,"Ancient Tea Set":28,"Blood Vial":24,"Bronze Scales":26,"Snecko Eye":17,"Prayer Wheel":38,"Red Mask":36,"Cracked Core":0,"TungstenRod":12,"InkBottle":42,"Meat on the Bone":10},{"Lantern":5,"Inserter":19,"NeowsBlessing":0,"Dead Branch":10,"Mango":6,"Ancient Tea Set":17,"Blood Vial":15,"Bronze Scales":16,"Snecko Eye":11,"Prayer Wheel":22,"Red Mask":20,"Cracked Core":0,"TungstenRod":9,"InkBottle":24,"Meat on the Bone":7},{"Lantern":9,"Inserter":80,"NeowsBlessing":0,"Dead Branch":30,"Mango":12,"Ancient Tea Set":69,"Blood Vial":62,"Bronze Scales":66,"Snecko Eye":43,"Prayer Wheel":92,"Red Mask":85,"Cracked Core":0,"TungstenRod":26,"InkBottle":108,"Meat on the Bone":18}],"TungstenRod":37,"InkBottle":[4],"Meat on the Bone":156},"card_choices":[{"not_picked":["Loop","Compile Driver"],"picked":"Sunder","floor":1},{"not_picked":["Sunder","Steam"],"picked":"FTL","floor":2},{"not_picked":["Hello World","Skim"],"picked":"Cold Snap","floor":3},{"not_picked":["Stack","Storm"],"picked":"Conserve Battery","floor":4},{"not_picked":["Cold Snap","Leap"],"picked":"Loop","floor":6},{"not_picked":["Stack","Coolheaded"],"picked":"Machine Learning","floor":8},{"not_picked":["Barrage","Heatsinks"],"picked":"Go for the Eyes","floor":10},{"not_picked":["Rebound","Scrape"],"picked":"Static Discharge","floor":11},{"not_picked":["Cold Snap","Beam Cell"],"picked":"Reinforced Body","floor":12},{"not_picked":["Hologram","Leap"],"picked":"Chill","floor":14},{"not_picked":["Creative AI","Thunder Strike"],"picked":"Core Surge","floor":16},{"not_picked":["Rip and Tear","Go for the Eyes"],"picked":"Ball Lightning","floor":18},{"not_picked":["Stack","Aggregate","Leap"],"picked":"SKIP","floor":20},{"not_picked":["Cold Snap","Streamline+1","FTL"],"picked":"SKIP","floor":22},{"not_picked":["Gash+1","Storm","Tempest+1"],"picked":"SKIP","floor":24},{"not_picked":["Sweeping Beam","Thunder Strike"],"picked":"Doom and Gloom","floor":25},{"not_picked":["Static Discharge+1","Go for the Eyes"],"picked":"Loop","floor":28},{"not_picked":["Steam","Hologram","Compile Driver"],"picked":"SKIP","floor":31},{"not_picked":["Buffer","Meteor Strike"],"picked":"Echo Form","floor":33},{"not_picked":["Beam Cell+1","Leap","Cold Snap"],"picked":"SKIP","floor":35},{"not_picked":["Sunder+1","Ball Lightning","Auto Shields"],"picked":"SKIP","floor":37},{"not_picked":["Cold Snap+1","Streamline+1"],"picked":"Loop","floor":38},{"not_picked":["Melter","Capacitor"],"picked":"Steam+1","floor":41},{"not_picked":["Steam+1","Cold Snap","Rebound"],"picked":"SKIP","floor":41},{"not_picked":["Lockon","Stack+1"],"picked":"Meteor Strike","floor":42},{"not_picked":["Darkness","Leap"],"picked":"Coolheaded+1","floor":45},{"not_picked":["Steam","Auto Shields","Gash"],"picked":"SKIP","floor":45}],"player_experience":471836,"relics_obtained":[{"floor":6,"key":"Lantern"},{"floor":9,"key":"Mango"},{"floor":10,"key":"Meat on the Bone"},{"floor":12,"key":"TungstenRod"},{"floor":14,"key":"Dead Branch"},{"floor":24,"key":"Blood Vial"},{"floor":26,"key":"Bronze Scales"},{"floor":28,"key":"Ancient Tea Set"},{"floor":38,"key":"Prayer Wheel"},{"floor":42,"key":"InkBottle"}],"event_choices":[{"damage_healed":0,"gold_gain":0,"player_choice":"Simplicity","damage_taken":0,"max_hp_gain":0,"max_hp_loss":0,"event_name":"Back to Basics","floor":21,"gold_loss":0,"cards_upgraded":["Strike_B","Strike_B","Defend_B","Defend_B","Defend_B","Defend_B"]},{"cards_removed":["Zap"],"damage_healed":0,"gold_gain":0,"player_choice":"Gave Gold","damage_taken":0,"max_hp_gain":0,"max_hp_loss":0,"event_name":"Beggar","floor":27,"gold_loss":75},{"damage_healed":0,"gold_gain":0,"player_choice":"Paid","damage_taken":0,"relics_obtained":["Red Mask"],"max_hp_gain":0,"max_hp_loss":0,"event_name":"Tomb of Lord Red Mask","floor":36,"gold_loss":148},{"damage_healed":0,"gold_gain":0,"player_choice":"Fight","damage_taken":0,"max_hp_gain":0,"max_hp_loss":0,"event_name":"Mysterious Sphere","floor":38,"gold_loss":0},{"damage_healed":0,"gold_gain":0,"cards_transformed":["Steam"],"player_choice":"Transformed","damage_taken":0,"max_hp_gain":0,"max_hp_loss":0,"event_name":"Transmorgrifier","floor":44,"gold_loss":0,"cards_obtained":["Recycle"]}],"is_beta":false,"boss_relics":[{"not_picked":["Ectoplasm","Philosopher\u0027s Stone"],"picked":"Snecko Eye"},{"not_picked":["Empty Cage","SacredBark"],"picked":"Inserter"}],"items_purged_floors":[5,19,30],"is_endless":false,"potions_floor_spawned":[1,3,4,11,16,22,24,25,31,38,45],"killed_by":"Giant Head","ascension_level":20}}