{"host":"fc5kl670efuhtomy","time":1613103037,"event":{"mods":["AchievementEnabler","Act Like it!","Arknights","BaseMod","Colored Powertips","Downfall","Marisa£®ÏF”Í°°ƒß¿Ì…≥£©","Minty Spire (QoL Compilation)","Quick Restart","Reimu£®≤©¿ˆ¡È√Œ£©","Relic Stats","Replay The Spire","Spicy Shops","StSLib","The Bug Knight","The Construct","The Cursed","The Servant 0.9.4","WarShipGirlsR/’ΩΩ¢…Ÿ≈ÆR mod"],"gold_per_floor":[109,125,200,200,211,211,226,226,226],"floor_reached":8,"language":"ZHS","playtime":440,"items_purged":[],"score":48,"play_id":"487f4ddf-6a4e-4252-aabe-a068353c8f03","local_time":"20210212121037","is_ascension_mode":false,"campfire_choices":[{"data":"StarChef","floor":6,"key":"SMITH"}],"circlet_count":0,"master_deck":["Strike_S","Strike_S","Strike_S","Strike_S","Defend_S","Defend_S","Defend_S","Defend_S","KidneyShot","Exchange","Starlight","ShiftingGears","StarChef+1","ShatteredReality"],"relics":["Uniform","NeowsBlessing","PreservedInsect"],"acts_visited":["Exordium"],"potions_floor_usage":[],"damage_taken":[{"damage":0,"enemies":"Cultist","floor":1,"turns":1},{"damage":0,"enemies":"ats:Genji","floor":2,"turns":1},{"damage":0,"enemies":"Jaw Worm","floor":5,"turns":1},{"damage":34,"enemies":"Large Slime","floor":7,"turns":11},{"damage":36,"enemies":"Gremlin Nob","floor":8,"turns":4}],"seed_played":"5527855635678989544","potions_obtained":[{"floor":1,"key":"PowerPotion"}],"is_trial":false,"path_per_floor":["M","M","?","?","M","R","M","E"],"character_chosen":"THE_SERVANT","items_purchased":[],"campfire_rested":0,"item_purchase_floors":[],"current_hp_per_floor":[65,65,54,54,54,54,20,0,0],"gold":226,"neow_bonus":"THREE_ENEMY_KILL","is_daily":false,"chose_seed":false,"campfire_upgraded":1,"win_rate":0.0,"timestamp":1613103037,"path_taken":["M","?","?","?","M","R","?","E"],"items_purchased_type":[],"build_version":"2020-12-22","purchased_purges":0,"victory":false,"max_hp_per_floor":[65,65,65,65,65,65,65,65,65],"relic_stats":{"counters":[5,18],"PreservedInsect":22,"obtain_stats":[{"NeowsBlessing":0,"PreservedInsect":4,"Uniform":0},{"NeowsBlessing":0,"PreservedInsect":2,"Uniform":0},{"NeowsBlessing":0,"PreservedInsect":2,"Uniform":0}]},"card_choices":[{"not_picked":["TimeWarp","Read"],"picked":"Starlight","floor":1},{"not_picked":["Replace","Revamp"],"picked":"ShiftingGears","floor":2},{"not_picked":["Revamp","Misdirection"],"picked":"StarChef","floor":5},{"not_picked":["Revamp","Rewind"],"picked":"ShatteredReality","floor":7}],"player_experience":233591,"relics_obtained":[],"event_choices":[{"damage_healed":0,"gold_gain":75,"player_choice":"Gather Gold","damage_taken":11,"max_hp_gain":0,"max_hp_loss":0,"event_name":"World of Goop","floor":3,"gold_loss":0},{"damage_healed":0,"gold_gain":0,"player_choice":"Gave Potion","damage_taken":0,"relics_obtained":["PreservedInsect"],"max_hp_gain":0,"max_hp_loss":0,"event_name":"WeMeetAgain","floor":4,"gold_loss":0}],"is_beta":false,"boss_relics":[],"items_purged_floors":[],"is_endless":false,"potions_floor_spawned":[1],"killed_by":"Gremlin Nob","ascension_level":0}}