{"host":"nsc6ozq3atyrdr3m","time":1613156437,"event":{"mods":["BaseMod","Colored Map","Minty Spire (QoL Compilation)"],"gold_per_floor":[109,109,109,109,129,129,304,332,332,364,10,42,142,162,162,266,266,280,280,10,10,25,25,25,25,70,70,87,117,40,69,69,174,174,188,188,138,138,150,150,177,177,202,218,250,250,269,602,602,602],"floor_reached":51,"language":"FRA","playtime":1627,"items_purged":["Strike_B","Doubt"],"score":1029,"play_id":"493d9ad2-11a5-4a1a-aca6-7b480d06272b","local_time":"20210212200037","is_ascension_mode":true,"campfire_choices":[{"data":"Loop","floor":6,"key":"SMITH"},{"floor":15,"key":"REST"},{"data":"Defragment","floor":23,"key":"SMITH"},{"data":"Consume","floor":25,"key":"SMITH"},{"data":"Capacitor","floor":27,"key":"SMITH"},{"data":"Electrodynamics","floor":32,"key":"SMITH"},{"floor":40,"key":"RECALL"},{"data":"Chill","floor":42,"key":"SMITH"},{"floor":49,"key":"REST"}],"circlet_count":0,"master_deck":["Strike_B","Strike_B+1","Defend_B+1","Defend_B","Defend_B","Defend_B","Zap+1","Dualcast","Loop+1","Recycle","Force Field","Chill+1","Defragment+1","Sunder","Beam Cell","Electrodynamics+1","Storm","Echo Form","Lockon+1","Capacitor+1","Melter","Coolheaded","Consume+1","Coolheaded+1","Multi-Cast","Defragment+1","Genetic Algorithm+1","Thunder Strike"],"relics":["FrozenCore","NeowsBlessing","Thread and Needle","Vajra","Membership Card","Cables","Bronze Scales","SlaversCollar","Nloth\u0027s Gift","Bag of Preparation","MealTicket","Akabeko","Pear","DataDisk","Whetstone","Singing Bowl","Centennial Puzzle","Dream Catcher","Oddly Smooth Stone","Old Coin"],"acts_visited":["Exordium","TheCity","TheBeyond"],"potions_floor_usage":[50,50],"damage_taken":[{"damage":0,"enemies":"Jaw Worm","floor":1,"turns":1},{"damage":0,"enemies":"Small Slimes","floor":5,"turns":1},{"damage":0,"enemies":"Lagavulin","floor":8,"turns":1},{"damage":24,"enemies":"3 Sentries","floor":10,"turns":8},{"damage":0,"enemies":"Lagavulin","floor":12,"turns":6},{"damage":0,"enemies":"Cultist","floor":14,"turns":3},{"damage":0,"enemies":"Slime Boss","floor":16,"turns":5},{"damage":5,"enemies":"Shell Parasite","floor":18,"turns":5},{"damage":0,"enemies":"Chosen","floor":22,"turns":4},{"damage":1,"enemies":"Centurion and Healer","floor":28,"turns":5},{"damage":20,"enemies":"Slavers","floor":29,"turns":3},{"damage":13,"enemies":"Gremlin Leader","floor":31,"turns":6},{"damage":0,"enemies":"Collector","floor":33,"turns":5},{"damage":5,"enemies":"3 Shapes","floor":35,"turns":2},{"damage":0,"enemies":"Orb Walker","floor":39,"turns":5},{"damage":1,"enemies":"Giant Head","floor":41,"turns":7},{"damage":14,"enemies":"Maw","floor":44,"turns":7},{"damage":9,"enemies":"Nemesis","floor":45,"turns":5},{"damage":13,"enemies":"Spire Growth","floor":47,"turns":4},{"damage":9,"enemies":"Giant Head","floor":48,"turns":6},{"damage":4,"enemies":"Time Eater","floor":50,"turns":8}],"seed_played":"1483902375979776918","potions_obtained":[{"floor":1,"key":"SneckoOil"},{"floor":8,"key":"SteroidPotion"},{"floor":12,"key":"PowerPotion"},{"floor":14,"key":"Swift Potion"},{"floor":47,"key":"PowerPotion"}],"is_trial":false,"path_per_floor":["M","?","?","?","M","R","?","E","T","E","$","E","?","M","R","B",null,"M","?","$","$","M","R","?","R","T","R","M","E","$","E","R","B",null,"M","?","$","?","M","R","E","R","T","M","E","?","M","E","R","B",null],"character_chosen":"DEFECT","items_purchased":["Membership Card","Defragment","Cables","Sunder","Beam Cell","Capacitor","Bag of Preparation","Melter","MealTicket","Coolheaded","DataDisk"],"campfire_rested":2,"item_purchase_floors":[11,11,11,11,11,20,20,20,20,20,30],"current_hp_per_floor":[75,75,60,53,53,53,53,53,53,29,29,29,29,29,51,51,75,70,70,70,75,75,75,69,69,69,69,68,58,73,60,60,60,85,80,80,85,85,85,85,86,86,86,74,65,65,54,47,76,72],"gold":602,"neow_bonus":"THREE_ENEMY_KILL","is_daily":false,"chose_seed":false,"campfire_upgraded":6,"win_rate":0.0,"timestamp":1613156437,"path_taken":["M","?","?","?","M","R","?","E","T","E","$","E","?","M","R","BOSS","M","?","?","$","M","R","?","R","T","R","?","E","?","E","R","BOSS","M","?","$","?","?","R","E","R","T","M","E","?","M","E","R","BOSS"],"items_purchased_type":["Relic","Card","Relic","Card","Card","Card","Relic","Card","Relic","Card","Relic"],"build_version":"2020-12-22","purchased_purges":2,"victory":true,"max_hp_per_floor":[75,75,75,75,75,75,75,75,75,75,75,75,75,75,75,75,75,75,75,75,75,75,75,75,75,75,75,75,85,85,85,85,85,85,85,85,85,85,85,85,87,87,87,89,89,89,91,93,95,95],"card_choices":[{"not_picked":["Reprogram","Beam Cell"],"picked":"Loop","floor":1},{"not_picked":["Rip and Tear","Leap"],"picked":"Recycle","floor":5},{"not_picked":["FTL","Amplify"],"picked":"Force Field","floor":8},{"not_picked":["Force Field","Coolheaded"],"picked":"Chill","floor":10},{"not_picked":["Barrage","Ball Lightning"],"picked":"Electrodynamics","floor":12},{"not_picked":["Coolheaded","Ball Lightning"],"picked":"Storm","floor":14},{"not_picked":["Thunder Strike","Electrodynamics"],"picked":"Echo Form","floor":16},{"not_picked":["Turbo","Steam"],"picked":"Lockon","floor":18},{"not_picked":["Hologram+1","Streamline"],"picked":"Consume","floor":22},{"not_picked":["Recycle","Gash","Conserve Battery"],"picked":"SKIP","floor":28},{"not_picked":["Biased Cognition","Rebound","Multi-Cast"],"picked":"SKIP","floor":29},{"not_picked":["Steam Power","Double Energy"],"picked":"Coolheaded+1","floor":31},{"not_picked":["Reboot","Echo Form"],"picked":"Multi-Cast","floor":33},{"not_picked":["Coolheaded","Leap+1"],"picked":"Defragment+1","floor":35},{"not_picked":["Beam Cell","Conserve Battery"],"picked":"Genetic Algorithm+1","floor":39},{"not_picked":["Undo+1","Core Surge","Seek"],"picked":"Singing Bowl","floor":41},{"not_picked":["Skim+1","Leap+1","Redo"],"picked":"Singing Bowl","floor":44},{"not_picked":["Glacier","Consume"],"picked":"Thunder Strike","floor":45},{"not_picked":["Ball Lightning","Leap","Skim"],"picked":"Singing Bowl","floor":47},{"not_picked":["Biased Cognition","Genetic Algorithm","Reprogram"],"picked":"Singing Bowl","floor":48},{"not_picked":["Ball Lightning+1","Rebound","Doom and Gloom+1"],"picked":"Singing Bowl","floor":49}],"player_experience":399708,"relics_obtained":[{"floor":8,"key":"Smiling Mask"},{"floor":9,"key":"Thread and Needle"},{"floor":10,"key":"Vajra"},{"floor":12,"key":"Bronze Scales"},{"floor":26,"key":"Akabeko"},{"floor":29,"key":"Pear"},{"floor":31,"key":"Whetstone"},{"floor":41,"key":"Singing Bowl"},{"floor":43,"key":"Centennial Puzzle"},{"floor":45,"key":"Dream Catcher"},{"floor":48,"key":"Old Coin"}],"event_choices":[{"damage_healed":0,"gold_gain":0,"player_choice":"Leave","damage_taken":0,"max_hp_gain":0,"max_hp_loss":0,"event_name":"The Cleric","floor":2,"gold_loss":0},{"damage_healed":0,"gold_gain":0,"player_choice":"Entered Light","damage_taken":15,"max_hp_gain":0,"max_hp_loss":0,"event_name":"Shining Light","floor":3,"gold_loss":0,"cards_upgraded":["Defend_B","Zap"]},{"cards_removed":["Strike_B"],"damage_healed":0,"gold_gain":0,"player_choice":"Card Removal","damage_taken":7,"max_hp_gain":0,"max_hp_loss":0,"event_name":"Golden Wing","floor":4,"gold_loss":0},{"damage_healed":0,"gold_gain":175,"player_choice":"AGREE","damage_taken":0,"max_hp_gain":0,"max_hp_loss":0,"event_name":"Liars Game","floor":7,"gold_loss":0,"cards_obtained":["Doubt"]},{"damage_healed":0,"gold_gain":100,"player_choice":"Gold","damage_taken":0,"max_hp_gain":0,"max_hp_loss":0,"event_name":"Wheel of Change","floor":13,"gold_loss":0},{"damage_healed":0,"gold_gain":0,"player_choice":"Traded Relic","damage_taken":0,"relics_obtained":["Nloth\u0027s Gift"],"max_hp_gain":0,"max_hp_loss":0,"event_name":"N\u0027loth","floor":19,"relics_lost":["Smiling Mask"],"gold_loss":0},{"damage_healed":0,"gold_gain":0,"player_choice":"","damage_taken":6,"max_hp_gain":0,"max_hp_loss":0,"event_name":"Knowing Skull","floor":24,"potions_obtained":[],"gold_loss":0,"cards_obtained":[]},{"damage_healed":0,"gold_gain":0,"player_choice":"Ignored","damage_taken":0,"max_hp_gain":0,"max_hp_loss":0,"event_name":"Tomb of Lord Red Mask","floor":36,"gold_loss":0},{"damage_healed":0,"gold_gain":0,"player_choice":"Ignored","damage_taken":0,"max_hp_gain":0,"max_hp_loss":0,"event_name":"Transmorgrifier","floor":38,"gold_loss":0},{"damage_healed":0,"gold_gain":0,"player_choice":"Gave Potion","damage_taken":0,"relics_obtained":["Oddly Smooth Stone"],"max_hp_gain":0,"max_hp_loss":0,"event_name":"WeMeetAgain","floor":46,"gold_loss":0}],"is_beta":false,"boss_relics":[{"not_picked":["Calling Bell","Runic Pyramid"],"picked":"SlaversCollar"},{"not_picked":["Velvet Choker","Pandora\u0027s Box"],"picked":"FrozenCore"}],"items_purged_floors":[20,37],"is_endless":false,"potions_floor_spawned":[1,8,12,14,18,28,29,44,47,48],"ascension_level":1}}