{"host":"dvdvdvm357cut69v","time":1613151580,"event":{"mods":["BaseMod","Minty Spire (QoL Compilation)","StSLib"],"gold_per_floor":[111,111,126,126,21,56,56,67,67,81,94,113,132,72,72,149,149,122,37,48,48,65,99,99,117,143,161,175,43,58,34,34,110,110,127,127,127,127,145,176,176,202,226,243,253,253,266,266,266],"floor_reached":48,"language":"ENG","playtime":2007,"items_purged":["Strike_B"],"score":958,"play_id":"137c0ad1-f5ce-4cc0-a047-9c7f12380784","local_time":"20210212203940","is_ascension_mode":true,"campfire_choices":[{"floor":7.0,"key":"REST"},{"floor":15.0,"key":"REST"},{"floor":24.0,"key":"REST"},{"floor":32,"key":"REST"},{"floor":41,"key":"REST"},{"floor":46,"key":"REST"}],"circlet_count":0,"master_deck":["AscendersBane","Strike_B","Strike_B","Strike_B","Defend_B","Defend_B","Defend_B","Defend_B","Zap+1","Dualcast","Stack","Rebound","Coolheaded","Leap","Hello World","Cold Snap+1","Glacier","Go for the Eyes+1","Barrage+1","Self Repair","Blizzard+1","Reboot","Cold Snap+1","Electrodynamics","Defragment","Barrage+1","Turbo","Madness","Madness","Auto Shields","Defragment"],"relics":["Inserter","Molten Egg 2","Letter Opener","Nuclear Battery","White Beast Statue","Toy Ornithopter","Art of War","Runic Pyramid","HornCleat","Shuriken","Pen Nib"],"acts_visited":["Exordium","TheCity","TheBeyond"],"potions_floor_usage":[33,33,39,40,45,45],"damage_taken":[{"damage":2.0,"enemies":"Cultist","floor":1.0,"turns":4.0},{"damage":9.0,"enemies":"Jaw Worm","floor":3.0,"turns":4.0},{"damage":32.0,"enemies":"Lagavulin","floor":6.0,"turns":10.0},{"damage":0.0,"enemies":"2 Louse","floor":8.0,"turns":2.0},{"damage":6.0,"enemies":"Blue Slaver","floor":10.0,"turns":3.0},{"damage":2.0,"enemies":"Exordium Wildlife","floor":11.0,"turns":4.0},{"damage":9.0,"enemies":"Large Slime","floor":12.0,"turns":7.0},{"damage":0.0,"enemies":"2 Fungi Beasts","floor":13.0,"turns":2.0},{"damage":0.0,"enemies":"Looter","floor":14.0,"turns":5.0},{"damage":33.0,"enemies":"Slime Boss","floor":16.0,"turns":13.0},{"damage":12.0,"enemies":"2 Thieves","floor":18.0,"turns":4.0},{"damage":13.0,"enemies":"Chosen","floor":20.0,"turns":5.0},{"damage":26.0,"enemies":"Snecko","floor":22.0,"turns":7.0},{"damage":9.0,"enemies":"Book of Stabbing","floor":23.0,"turns":6.0},{"damage":28.0,"enemies":"Chosen and Byrds","floor":25.0,"turns":9.0},{"damage":8.0,"enemies":"Centurion and Healer","floor":27.0,"turns":7.0},{"damage":0.0,"enemies":"Snecko","floor":28.0,"turns":3.0},{"damage":13,"enemies":"3 Cultists","floor":30,"turns":5},{"damage":29,"enemies":"Collector","floor":33,"turns":9},{"damage":13,"enemies":"Orb Walker","floor":35,"turns":3},{"damage":15,"enemies":"3 Darklings","floor":39,"turns":4},{"damage":20,"enemies":"Reptomancer","floor":40,"turns":10},{"damage":20,"enemies":"Nemesis","floor":42,"turns":9},{"damage":10,"enemies":"4 Shapes","floor":44,"turns":5},{"damage":25,"enemies":"Jaw Worm Horde","floor":45,"turns":6},{"damage":22,"enemies":"Maw","floor":47,"turns":8},{"damage":49,"enemies":"Reptomancer","floor":48,"turns":2}],"seed_played":"2569969393674041973","potions_obtained":[{"floor":3.0,"key":"AttackPotion"},{"floor":4.0,"key":"Fruit Juice"},{"floor":4.0,"key":"LiquidBronze"},{"floor":10.0,"key":"Strength Potion"},{"floor":16.0,"key":"LiquidMemories"},{"floor":20.0,"key":"PowerPotion"},{"floor":23.0,"key":"Fire Potion"},{"floor":25.0,"key":"Strength Potion"},{"floor":27.0,"key":"SneckoOil"},{"floor":28.0,"key":"EssenceOfDarkness"},{"floor":33,"key":"Ancient Potion"},{"floor":35,"key":"Fire Potion"},{"floor":39,"key":"GamblersBrew"},{"floor":40,"key":"Fruit Juice"},{"floor":42,"key":"Energy Potion"},{"floor":44,"key":"SpeedPotion"},{"floor":45,"key":"Dexterity Potion"},{"floor":47,"key":"Dexterity Potion"}],"is_trial":false,"path_per_floor":["M","?","M","?","$","E","R","M","T","M","M","M","M","M","R","B",null,"M","?","M","?","M","E","R","M","T","M","M","$","M","$","R","B",null,"M","?","?","?","M","E","R","E","T","M","M","R","M","E"],"character_chosen":"DEFECT","items_purchased":["Coolheaded","Leap","PowerPotion","Barrage+1"],"campfire_rested":6,"item_purchase_floors":[5,5,29,31],"current_hp_per_floor":[62,62,53,58,58,26,48,48,48,42,40,31,31,38,60,34,66,61,61,55,55,36,27,49,28,28,27,32,32,26,26,48,36,66,60,60,46,46,36,33,57,44,44,41,33,57,42,0,0],"gold":266,"neow_bonus":"BOSS_RELIC","is_daily":false,"chose_seed":false,"campfire_upgraded":0,"win_rate":0.0,"timestamp":1613151580,"path_taken":["M","?","M","?","$","E","R","?","T","M","M","M","M","M","R","BOSS","M","?","M","?","M","E","R","M","T","M","M","$","M","?","R","BOSS","M","?","?","?","M","E","R","E","T","M","M","R","M","E"],"items_purchased_type":["Card","Card","Potion","Card"],"build_version":"2020-12-13","purchased_purges":1,"victory":false,"max_hp_per_floor":[71,71,71,76,76,76,76,76,76,76,76,76,76,76,76,76,76,76,76,76,76,76,76,76,76,76,76,76,76,76,76,76,76,76,76,76,76,76,76,81,81,81,81,81,81,81,81,81,81],"card_choices":[{"not_picked":["Redo","Blizzard"],"picked":"Stack","floor":1.0},{"not_picked":["Hologram","Stack"],"picked":"Rebound","floor":3.0},{"not_picked":["Undo","Self Repair"],"picked":"Hello World","floor":6.0},{"not_picked":["Doom and Gloom+1","Hologram"],"picked":"Cold Snap+1","floor":8.0},{"not_picked":["Melter+1","Stack"],"picked":"Glacier","floor":10.0},{"not_picked":["Fusion","Darkness"],"picked":"Go for the Eyes+1","floor":11.0},{"not_picked":["Storm","Conserve Battery"],"picked":"Barrage+1","floor":12.0},{"not_picked":["Scrape+1","Steam Power"],"picked":"Self Repair","floor":13.0},{"not_picked":["Ball Lightning+1","Turbo"],"picked":"Blizzard+1","floor":14.0},{"not_picked":["Multi-Cast","All For One+1"],"picked":"Reboot","floor":16.0},{"not_picked":["Rebound+1","Scrape+1","Redo"],"picked":"SKIP","floor":18.0},{"not_picked":["Ball Lightning+1","Coolheaded"],"picked":"Gash+1","floor":20.0},{"not_picked":["Chaos","Conserve Battery"],"picked":"Cold Snap+1","floor":22.0},{"not_picked":["Rebound+1","Capacitor","Lockon+1"],"picked":"SKIP","floor":23.0},{"not_picked":["Storm","Sweeping Beam+1"],"picked":"Electrodynamics","floor":25.0},{"not_picked":["Conserve Battery+1","FTL+1","Scrape+1"],"picked":"SKIP","floor":27.0},{"not_picked":["Heatsinks","Leap"],"picked":"Defragment","floor":28.0},{"not_picked":["Conserve Battery","Leap","Stack"],"picked":"SKIP","floor":30},{"not_picked":["Melter+1","Steam"],"picked":"Turbo","floor":35},{"not_picked":["Rebound+1","Sweeping Beam+1"],"picked":"Auto Shields","floor":39},{"not_picked":["Coolheaded+1","Streamline+1"],"picked":"Defragment","floor":40},{"not_picked":["FTL+1","Redo+1","Skim"],"picked":"SKIP","floor":42},{"not_picked":["Skim","Hello World","Leap"],"picked":"SKIP","floor":44},{"not_picked":["Skim","Hello World","Leap"],"picked":"SKIP","floor":44},{"not_picked":["Machine Learning","Conserve Battery","Cold Snap+1"],"picked":"SKIP","floor":45},{"not_picked":["Leap","Redo","Static Discharge+1"],"picked":"SKIP","floor":47}],"player_experience":134496,"relics_obtained":[{"floor":6.0,"key":"Molten Egg 2"},{"floor":9.0,"key":"Letter Opener"},{"floor":23.0,"key":"Toy Ornithopter"},{"floor":26.0,"key":"Art of War"},{"floor":40,"key":"HornCleat"},{"floor":42,"key":"Shuriken"},{"floor":43,"key":"Pen Nib"}],"event_choices":[{"damage_healed":0.0,"max_hp_gain":0.0,"max_hp_loss":0.0,"gold_gain":0.0,"event_name":"Living Wall","player_choice":"Grow","floor":2.0,"gold_loss":0.0,"damage_taken":0.0,"cards_upgraded":["Zap"]},{"damage_healed":0.0,"max_hp_gain":0.0,"max_hp_loss":0.0,"gold_gain":0.0,"event_name":"Lab","player_choice":"Got Potions","floor":4.0,"gold_loss":0.0,"damage_taken":0.0},{"damage_healed":0.0,"max_hp_gain":0.0,"max_hp_loss":0.0,"gold_gain":0.0,"event_name":"Addict","player_choice":"Obtained Relic","floor":19.0,"gold_loss":85.0,"damage_taken":0.0,"relics_obtained":["White Beast Statue"]},{"damage_healed":0.0,"max_hp_gain":0.0,"max_hp_loss":0.0,"gold_gain":0.0,"event_name":"Ghosts","player_choice":"Ignored","floor":21.0,"gold_loss":0.0,"damage_taken":0.0},{"cards_removed":["Gash"],"damage_healed":0,"gold_gain":0,"player_choice":"Removed Attack","damage_taken":0,"max_hp_gain":0,"max_hp_loss":0,"event_name":"Falling","floor":36,"gold_loss":0},{"damage_healed":0,"gold_gain":0,"player_choice":"Embrace Madness","damage_taken":14,"max_hp_gain":0,"max_hp_loss":0,"event_name":"Winding Halls","floor":37,"gold_loss":0,"cards_obtained":["Madness","Madness"]},{"damage_healed":0,"gold_gain":0,"player_choice":"Ignored","damage_taken":0,"max_hp_gain":0,"max_hp_loss":0,"event_name":"Tomb of Lord Red Mask","floor":38,"gold_loss":0}],"is_beta":false,"boss_relics":[{"not_picked":["Runic Dome","Tiny House"],"picked":"Nuclear Battery"},{"not_picked":["Black Star","Coffee Dripper"],"picked":"Runic Pyramid"}],"items_purged_floors":[29],"is_endless":false,"potions_floor_spawned":[3,10,16,20,22,23,25,27,28,30,33,35,39,40,42,44,45,47],"killed_by":"Reptomancer","ascension_level":17}}