{"host":"9j0rsbn48qfskt9p","time":1613171520,"event":{"mods":["AchievementEnabler","BaseMod","Colored Map","DeckTracker","Highlight Path","Minty Spire (QoL Compilation)","StSLib","SuperFastMode"],"gold_per_floor":[366,378,397,63,83,108,108,134,134,163,163,189,189,8,8,107,107,127,127,127,127,142,142,168,53,78,78,97,110,110,122,122,122,122],"floor_reached":33,"language":"ENG","playtime":2171,"items_purged":["Strike_B","Defend_B"],"score":360,"play_id":"2516eda6-7d3b-4c3a-b440-f0290bef317a","local_time":"20210213001200","is_ascension_mode":true,"campfire_choices":[{"floor":7,"key":"REST"},{"data":"Storm","floor":13,"key":"SMITH"},{"floor":15,"key":"REST"},{"floor":23,"key":"DIG"},{"floor":27,"key":"DIG"},{"floor":30,"key":"REST"},{"data":"Echo Form","floor":32,"key":"SMITH"}],"circlet_count":0,"master_deck":["Strike_B","Strike_B","Strike_B","Defend_B","Defend_B","Zap","Dualcast","Sweeping Beam","BootSequence","Conserve Battery","Consume","Panacea","Storm+1","Static Discharge","Echo Form+1","Aggregate+1","Redo+1","Static Discharge","Amplify+1","RitualDagger","Double Energy+1","Defragment","Force Field+1","Leap+1","Leap+1"],"relics":["Cracked Core","TungstenRod","Matryoshka","Orichalcum","Toxic Egg 2","Blood Vial","Shovel","Black Star","Symbiotic Virus","Eternal Feather","Darkstone Periapt","Bottled Flame","Oddly Smooth Stone","Art of War"],"acts_visited":["Exordium","TheCity"],"potions_floor_usage":[4,6,24,28,28,33],"damage_taken":[{"damage":1,"enemies":"Cultist","floor":1,"turns":3},{"damage":0,"enemies":"2 Louse","floor":2,"turns":2},{"damage":0,"enemies":"Small Slimes","floor":3,"turns":3},{"damage":2,"enemies":"Blue Slaver","floor":5,"turns":3},{"damage":24,"enemies":"Gremlin Nob","floor":6,"turns":4},{"damage":12,"enemies":"Lagavulin","floor":8,"turns":7},{"damage":7,"enemies":"Gremlin Nob","floor":10,"turns":5},{"damage":12,"enemies":"3 Sentries","floor":12,"turns":6},{"damage":0,"enemies":"Slime Boss","floor":16,"turns":7},{"damage":5,"enemies":"3 Byrds","floor":18,"turns":4},{"damage":3,"enemies":"Spheric Guardian","floor":22,"turns":3},{"damage":29,"enemies":"Book of Stabbing","floor":24,"turns":4},{"damage":9,"enemies":"Snecko","floor":28,"turns":5},{"damage":20,"enemies":"3 Cultists","floor":29,"turns":4},{"damage":6,"enemies":"Cultist and Chosen","floor":31,"turns":6},{"damage":67,"enemies":"Collector","floor":33,"turns":8}],"seed_played":"-2903814021336994192","potions_obtained":[{"floor":3,"key":"GamblersBrew"},{"floor":5,"key":"LiquidMemories"},{"floor":16,"key":"Weak Potion"},{"floor":18,"key":"Block Potion"},{"floor":31,"key":"Weak Potion"}],"is_trial":false,"path_per_floor":["M","M","M","$","M","E","R","E","T","E","?","E","R","$","R","B",null,"M","?","?","?","M","R","E","$","T","R","M","M","R","M","R","B"],"character_chosen":"DEFECT","items_purchased":["Fruit Juice","Consume","Panacea","Static Discharge","Defragment","Force Field+1"],"campfire_rested":3,"item_purchase_floors":[4,4,4,14,25,25],"current_hp_per_floor":[53,53,53,58,56,32,56,44,44,37,30,20,20,20,44,46,80,75,70,56,56,55,55,28,28,28,40,33,15,52,48,63,0,0],"gold":122,"neow_bonus":"TWO_FIFTY_GOLD","is_daily":false,"chose_seed":false,"campfire_upgraded":2,"win_rate":0.0,"timestamp":1613171520,"path_taken":["M","M","?","$","M","E","R","E","T","E","?","E","R","?","R","BOSS","M","?","?","?","M","R","E","$","T","R","M","?","R","M","R","BOSS"],"items_purchased_type":["Potion","Card","Card","Card","Card","Card"],"build_version":"2020-12-22","purchased_purges":2,"victory":false,"max_hp_per_floor":[75,75,75,80,80,80,80,80,80,80,80,80,80,80,80,80,80,80,80,85,85,85,85,85,85,85,85,85,85,85,85,85,85,85],"card_choices":[{"not_picked":["Beam Cell","Tempest"],"picked":"Sweeping Beam","floor":1},{"not_picked":["Go for the Eyes","Barrage"],"picked":"BootSequence","floor":2},{"not_picked":["Compile Driver","Streamline"],"picked":"Conserve Battery","floor":3},{"not_picked":["Redo","Tempest"],"picked":"Storm","floor":5},{"not_picked":["Chaos","Self Repair"],"picked":"Static Discharge","floor":6},{"not_picked":["Stack","Darkness"],"picked":"Echo Form","floor":8},{"not_picked":["Turbo+1","Hello World"],"picked":"Aggregate+1","floor":10},{"not_picked":["Melter","Meteor Strike"],"picked":"Redo+1","floor":12},{"not_picked":["Biased Cognition","Seek+1"],"picked":"Amplify+1","floor":16},{"not_picked":["Reinforced Body+1","Hello World","Recycle+1"],"picked":"SKIP","floor":18},{"not_picked":["FTL","Rebound"],"picked":"Double Energy+1","floor":22},{"not_picked":["Beam Cell","Gash","Go for the Eyes"],"picked":"SKIP","floor":24},{"not_picked":["Beam Cell","Rebound+1"],"picked":"Leap+1","floor":28},{"not_picked":["Steam+1","Turbo+1","Hologram+1"],"picked":"SKIP","floor":29},{"not_picked":["Streamline+1","Rebound"],"picked":"Leap+1","floor":31}],"player_experience":205808,"relics_obtained":[{"floor":6,"key":"TungstenRod"},{"floor":8,"key":"Matryoshka"},{"floor":9,"key":"Orichalcum"},{"floor":9,"key":"Toxic Egg 2"},{"floor":10,"key":"Blood Vial"},{"floor":12,"key":"Shovel"},{"floor":23,"key":"Symbiotic Virus"},{"floor":24,"key":"Eternal Feather"},{"floor":24,"key":"Darkstone Periapt"},{"floor":26,"key":"Bottled Flame"},{"floor":26,"key":"Oddly Smooth Stone"},{"floor":27,"key":"Art of War"}],"event_choices":[{"damage_healed":0,"gold_gain":0,"player_choice":"Damaged","damage_taken":8,"max_hp_gain":0,"max_hp_loss":0,"event_name":"Wheel of Change","floor":11,"gold_loss":0},{"damage_healed":0,"gold_gain":0,"player_choice":"Joined the Cult","damage_taken":6,"max_hp_gain":0,"max_hp_loss":0,"event_name":"Nest","floor":19,"gold_loss":0,"cards_obtained":["RitualDagger"]},{"damage_healed":0,"gold_gain":0,"player_choice":"Shed Blood","damage_taken":20,"max_hp_gain":5,"max_hp_loss":0,"event_name":"Forgotten Altar","floor":20,"gold_loss":0},{"cards_removed":["Defend_B"],"damage_healed":0,"gold_gain":0,"player_choice":"Elegance","damage_taken":0,"max_hp_gain":0,"max_hp_loss":0,"event_name":"Back to Basics","floor":21,"gold_loss":0}],"is_beta":false,"boss_relics":[{"not_picked":["Pandora\u0027s Box","Ectoplasm"],"picked":"Black Star"}],"items_purged_floors":[4,14],"is_endless":false,"potions_floor_spawned":[3,5,16,18,31],"killed_by":"Collector","ascension_level":1}}