{"host":"s24sb66hw4a4sfft","time":1613104727,"event":{"mods":["AchievementEnabler","BaseMod","Colored Map","Colored Powertips","Googly Eyes","Hermit","Hubris","Minty Spire (QoL Compilation)","Quick Restart","Shop Mod","StSLib"],"gold_per_floor":[112,112,126,126,145,179,179,179,179,198,212,241,256,296,296,393,393,403,421,421,188,205,205,234,254,254,285,305,305,316,316,316],"floor_reached":31,"language":"ENG","playtime":1368,"items_purged":["hermit:Strike_Hermit"],"score":291,"play_id":"b2a97d5b-fd86-415e-966c-12450eb0e430","local_time":"20210211233847","is_ascension_mode":false,"campfire_choices":[{"floor":7.0,"key":"REST"},{"floor":15.0,"key":"REST"},{"data":"Dramatic Entrance","floor":23.0,"key":"SMITH"}],"circlet_count":0,"master_deck":["hermit:Strike_Hermit","hermit:Strike_Hermit","hermit:Defend_Hermit","hermit:Defend_Hermit","hermit:Defend_Hermit","hermit:Defend_Hermit","hermit:Snapshot","hermit:Covet","hermit:Shortfuse","hermit:Quickdraw","hermit:Quickdraw","hermit:PistolWhip","hermit:Quickdraw","hermit:ItchyTrigger","hermit:Roughhouse","hermit:Enervate","hermit:HoleUp+1","RitualDagger","Dramatic Entrance+1","hermit:EyeOfTheStorm","hermit:DeadOrAlive","hermit:Glare","hermit:GoldenBullet+1","hermit:Maintenance"],"relics":["hermit:Momento","Eternal Feather","hubris:MysteriousPyramids","Omamori","Bottled Flame","Juzu Bracelet","hubris:VirtuousBlindfold","hermit:Spyglass","Pantograph","StrikeDummy"],"acts_visited":["Exordium","TheCity"],"potions_floor_usage":[30],"damage_taken":[{"damage":1.0,"enemies":"Jaw Worm","floor":1.0,"turns":2.0},{"damage":0.0,"enemies":"2 Louse","floor":3.0,"turns":2.0},{"damage":0.0,"enemies":"Cultist","floor":5.0,"turns":2.0},{"damage":10.0,"enemies":"Gremlin Nob","floor":6.0,"turns":4.0},{"damage":1.0,"enemies":"2 Fungi Beasts","floor":10.0,"turns":2.0},{"damage":9.0,"enemies":"Red Slaver","floor":11.0,"turns":2.0},{"damage":8.0,"enemies":"Lagavulin","floor":12.0,"turns":3.0},{"damage":0.0,"enemies":"Blue Slaver","floor":13.0,"turns":1.0},{"damage":0.0,"enemies":"Gremlin Gang","floor":14.0,"turns":2.0},{"damage":25.0,"enemies":"Slime Boss","floor":16.0,"turns":10.0},{"damage":18.0,"enemies":"Shell Parasite","floor":18.0,"turns":5.0},{"damage":0.0,"enemies":"3 Byrds","floor":19.0,"turns":5.0},{"damage":0.0,"enemies":"Centurion and Healer","floor":22.0,"turns":5.0},{"damage":21.0,"enemies":"Book of Stabbing","floor":24.0,"turns":5.0},{"damage":6.0,"enemies":"Cultist and Chosen","floor":25.0,"turns":4.0},{"damage":36.0,"enemies":"Gremlin Leader","floor":27.0,"turns":5.0},{"damage":1.0,"enemies":"Snecko","floor":28.0,"turns":3.0},{"damage":9,"enemies":"Snake Plant","floor":30,"turns":5},{"damage":0,"enemies":"Cultist and Chosen","floor":31,"turns":1}],"seed_played":"1171038817784745824","potions_obtained":[{"floor":5.0,"key":"Regen Potion"},{"floor":6.0,"key":"Strength Potion"},{"floor":11.0,"key":"BlessingOfTheForge"},{"floor":12.0,"key":"ColorlessPotion"},{"floor":13.0,"key":"Energy Potion"},{"floor":18.0,"key":"DistilledChaos"},{"floor":22.0,"key":"SneckoOil"},{"floor":28,"key":"Block Potion"}],"is_trial":false,"path_per_floor":["M","?","M","?","M","E","R","?","T","M","M","E","M","M","R","B",null,"M","M","?","$","M","R","E","M","T","E","M","?","M","M"],"character_chosen":"HERMIT","items_purchased":["Dramatic Entrance","hermit:EyeOfTheStorm"],"campfire_rested":2,"item_purchase_floors":[21,21],"current_hp_per_floor":[74,49,49,42,42,32,63,63,63,62,53,45,45,45,75,50,75,57,57,51,51,51,63,42,36,36,14,13,13,4,4,4],"gold":316,"neow_bonus":"THREE_CARDS","is_daily":false,"chose_seed":false,"campfire_upgraded":1,"win_rate":0.0,"timestamp":1613104727,"path_taken":["M","?","M","?","?","E","R","?","T","M","?","E","M","M","R","BOSS","M","M","?","$","M","R","E","M","T","E","M","?","M","M"],"items_purchased_type":["Card","Card"],"build_version":"2020-12-22","purchased_purges":1,"victory":false,"max_hp_per_floor":[75,75,75,75,75,75,75,75,75,75,75,75,75,75,75,75,75,75,75,75,75,75,75,75,75,75,75,75,75,75,75,75],"card_choices":[{"not_picked":["hermit:ItchyTrigger","hermit:WideOpen"],"picked":"hermit:Shortfuse","floor":0.0},{"not_picked":["hermit:DeadMansHand","hermit:Desperado"],"picked":"hermit:Quickdraw","floor":1.0},{"not_picked":["hermit:BigShot","hermit:Gestalt"],"picked":"hermit:Quickdraw","floor":3.0},{"not_picked":["hermit:TrackingShot","hermit:OverwhelmingPower"],"picked":"hermit:LowProfile","floor":5.0},{"not_picked":["hermit:FullyLoaded","hermit:Vantage"],"picked":"hermit:PistolWhip","floor":6.0},{"not_picked":["hermit:Showdown","hermit:FullyLoaded","hermit:NoHoldsBarred"],"picked":"SKIP","floor":10.0},{"not_picked":["hermit:Roulette","hermit:Scavenge"],"picked":"hermit:Quickdraw","floor":11.0},{"not_picked":["hermit:OverwhelmingPower","hermit:Desperado","hermit:HighCaliber"],"picked":"SKIP","floor":12.0},{"not_picked":["hermit:Snipe","hermit:Manifest"],"picked":"hermit:ItchyTrigger","floor":13.0},{"not_picked":["hermit:Malice","hermit:DeadMansHand","hermit:Manifest"],"picked":"SKIP","floor":14.0},{"not_picked":["hermit:EternalForm","hermit:Gambit"],"picked":"hermit:Roughhouse","floor":16.0},{"not_picked":["hermit:DeadMansHand","hermit:Manifest"],"picked":"hermit:Enervate","floor":18.0},{"not_picked":["hermit:Coalescence","hermit:TrackingShot"],"picked":"hermit:HoleUp+1","floor":19.0},{"not_picked":["hermit:Desperado","hermit:Vantage","hermit:Headshot"],"picked":"SKIP","floor":22.0},{"not_picked":["hermit:Vantage","hermit:ItchyTrigger"],"picked":"hermit:DeadOrAlive","floor":24.0},{"not_picked":["hermit:EyeOfTheStorm","hermit:BigShot"],"picked":"hermit:Glare","floor":25.0},{"not_picked":["hermit:SprayPray","hermit:BodyArmor+1","hermit:LowProfile"],"picked":"SKIP","floor":27.0},{"not_picked":["hermit:BigShot","hermit:LoneWolf"],"picked":"hermit:GoldenBullet+1","floor":28},{"not_picked":["hermit:FlashPowder","hermit:ItchyTrigger","hermit:LowProfile"],"picked":"SKIP","floor":30}],"player_experience":617987,"relics_obtained":[{"floor":6.0,"key":"hubris:MysteriousPyramids"},{"floor":9.0,"key":"Bottled Flame"},{"floor":12.0,"key":"Juzu Bracelet"},{"floor":24.0,"key":"hermit:Spyglass"},{"floor":26.0,"key":"Pantograph"},{"floor":27.0,"key":"StrikeDummy"}],"event_choices":[{"damage_healed":0.0,"max_hp_gain":0.0,"max_hp_loss":0.0,"gold_gain":0.0,"event_name":"Scrap Ooze","player_choice":"Success","floor":2.0,"gold_loss":0.0,"damage_taken":25.0,"relics_obtained":["Eternal Feather"]},{"damage_healed":0.0,"max_hp_gain":0.0,"max_hp_loss":0.0,"gold_gain":0.0,"event_name":"Wheel of Change","player_choice":"Damaged","floor":4.0,"gold_loss":0.0,"damage_taken":7.0},{"cards_removed":["hermit:LowProfile"],"damage_healed":0.0,"max_hp_gain":0.0,"max_hp_loss":0.0,"gold_gain":0.0,"event_name":"WeMeetAgain","player_choice":"Gave Card","floor":8.0,"gold_loss":0.0,"damage_taken":0.0,"relics_obtained":["Omamori"]},{"damage_healed":0.0,"max_hp_gain":0.0,"max_hp_loss":0.0,"gold_gain":0.0,"event_name":"Nest","player_choice":"Joined the Cult","floor":20.0,"gold_loss":0.0,"damage_taken":6.0,"cards_obtained":["RitualDagger"]},{"damage_healed":0,"gold_gain":0,"cards_transformed":["hermit:Strike_Hermit"],"player_choice":"Transformed","damage_taken":0,"max_hp_gain":0,"max_hp_loss":0,"event_name":"Transmorgrifier","floor":29,"gold_loss":0,"cards_obtained":["hermit:Maintenance"]}],"is_beta":false,"boss_relics":[{"not_picked":["Astrolabe","Runic Pyramid"],"picked":"hubris:VirtuousBlindfold"}],"items_purged_floors":[21],"is_endless":false,"potions_floor_spawned":[5,6,11,12,13,18,22,28],"killed_by":"Cultist and Chosen","ascension_level":0}}