{"host":"p9vmbvw2hh2n16dn","time":1613149250,"event":{"mods":["AchievementEnabler","BaseMod","Block Reminder","Minty Spire (QoL Compilation)","Relic Stats","SuperFastMode"],"gold_per_floor":[116,134,114,129,129,129,48,75,102,102,134,150,181,201,201,301,301,316,330,330,347,357,357,58,85,111,111,111,139,159,187,187,289,289,303,318,5,5,51,51,82,82,82,92,107,137,147,178,178,178],"floor_reached":51,"language":"ENG","playtime":3720,"items_purged":[],"score":1385,"play_id":"d79d7a6b-ec50-48ae-96ab-6f75b1dede26","local_time":"20210212180050","is_ascension_mode":true,"campfire_choices":[{"data":"Deadly Poison","floor":6.0,"key":"SMITH"},{"data":"Catalyst","floor":10.0,"key":"SMITH"},{"floor":15.0,"key":"REST"},{"floor":23.0,"key":"REST"},{"floor":27.0,"key":"REST"},{"floor":32.0,"key":"REST"},{"floor":40.0,"key":"RECALL"},{"floor":49,"key":"REST"}],"circlet_count":0,"master_deck":["AscendersBane","Strike_G","Strike_G","Strike_G","Strike_G","Defend_G","Defend_G","Survivor","Neutralize+1","Bouncing Flask+1","Heel Hook+1","Phantasmal Killer+1","Deadly Poison+1","Catalyst+1","Die Die Die","Deadly Poison","Acrobatics","Escape Plan","Slice","Storm of Steel","Escape Plan+1","Deadly Poison+1","Dash","Calculated Gamble","Backflip","Quick Slash+1","Slice","Deflect+1","Deflect","Venomology","Backflip","Dagger Spray+1","Escape Plan","PiercingWail","Deflect+1","Blade Dance+1","Catalyst","Deflect+1"],"relics":["Astrolabe","Blood Vial","Potion Belt","Kunai","Oddly Smooth Stone","Fusion Hammer","Meat on the Bone","Sundial","Anchor","Letter Opener","Snake Skull","SacredBark","The Specimen","Gambling Chip","Darkstone Periapt","Bronze Scales","Mummified Hand","Mercury Hourglass"],"acts_visited":["Exordium","TheCity","TheBeyond"],"potions_floor_usage":[46,46,47,48,50,50,50,50],"damage_taken":[{"damage":4.0,"enemies":"Jaw Worm","floor":1.0,"turns":3.0},{"damage":0.0,"enemies":"Cultist","floor":2.0,"turns":2.0},{"damage":6.0,"enemies":"2 Louse","floor":4.0,"turns":2.0},{"damage":14.0,"enemies":"Lagavulin","floor":8.0,"turns":4.0},{"damage":0.0,"enemies":"Gremlin Nob","floor":11.0,"turns":2.0},{"damage":0.0,"enemies":"2 Fungi Beasts","floor":12.0,"turns":3.0},{"damage":10.0,"enemies":"Lagavulin","floor":13.0,"turns":3.0},{"damage":27.0,"enemies":"Exordium Thugs","floor":14.0,"turns":3.0},{"damage":0.0,"enemies":"Slime Boss","floor":16.0,"turns":5.0},{"damage":17.0,"enemies":"Spheric Guardian","floor":18.0,"turns":4.0},{"damage":21.0,"enemies":"3 Byrds","floor":19.0,"turns":4.0},{"damage":11.0,"enemies":"Snecko","floor":21.0,"turns":4.0},{"damage":24.0,"enemies":"Snake Plant","floor":22.0,"turns":3.0},{"damage":39.0,"enemies":"Slavers","floor":25.0,"turns":6.0},{"damage":0.0,"enemies":"Book of Stabbing","floor":29.0,"turns":3.0},{"damage":0.0,"enemies":"Chosen and Byrds","floor":30.0,"turns":4.0},{"damage":23.0,"enemies":"Slavers","floor":31.0,"turns":4.0},{"damage":25.0,"enemies":"Collector","floor":33.0,"turns":6.0},{"damage":6.0,"enemies":"3 Shapes","floor":35.0,"turns":4.0},{"damage":0.0,"enemies":"3 Darklings","floor":36.0,"turns":3.0},{"damage":0.0,"enemies":"2 Orb Walkers","floor":39.0,"turns":2.0},{"damage":19.0,"enemies":"Reptomancer","floor":41.0,"turns":3.0},{"damage":0.0,"enemies":"Jaw Worm Horde","floor":44.0,"turns":2.0},{"damage":11.0,"enemies":"Sphere and 2 Shapes","floor":45.0,"turns":3.0},{"damage":17,"enemies":"Giant Head","floor":46,"turns":7},{"damage":0,"enemies":"Transient","floor":47,"turns":5},{"damage":18,"enemies":"Nemesis","floor":48,"turns":5},{"damage":54,"enemies":"Awakened One","floor":50,"turns":10}],"seed_played":"-6384270040353772894","potions_obtained":[{"floor":1.0,"key":"Energy Potion"},{"floor":2.0,"key":"BlessingOfTheForge"},{"floor":3.0,"key":"EntropicBrew"},{"floor":4.0,"key":"DuplicationPotion"},{"floor":11.0,"key":"Ancient Potion"},{"floor":19.0,"key":"FearPotion"},{"floor":25.0,"key":"EntropicBrew"},{"floor":29.0,"key":"BlessingOfTheForge"},{"floor":31.0,"key":"Poison Potion"},{"floor":41.0,"key":"CunningPotion"},{"floor":42.0,"key":"Poison Potion"},{"floor":42.0,"key":"Weak Potion"},{"floor":42.0,"key":"SpeedPotion"},{"floor":44.0,"key":"FearPotion"},{"floor":46,"key":"FearPotion"},{"floor":48,"key":"Strength Potion"}],"is_trial":false,"path_per_floor":["M","M","?","M","?","R","$","E","T","R","E","M","E","M","R","B",null,"M","M","?","M","M","R","$","E","T","R","?","E","M","E","R","B",null,"M","M","$","?","?","R","E","?","T","M","M","E","M","E","R","B",null],"character_chosen":"THE_SILENT","items_purchased":["Catalyst","Meat on the Bone","Backflip","The Specimen"],"campfire_rested":5,"item_purchase_floors":[7,24,24,37],"current_hp_per_floor":[59,59,59,53,53,53,53,39,39,39,41,43,35,10,31,33,61,46,27,50,41,19,40,40,15,15,36,36,38,40,31,52,41,63,59,61,61,61,63,63,46,46,46,48,39,36,38,34,55,15],"gold":178,"neow_bonus":"BOSS_RELIC","is_daily":false,"chose_seed":false,"campfire_upgraded":2,"win_rate":0.0,"timestamp":1613149250,"path_taken":["M","M","?","?","?","R","$","E","T","R","E","M","E","M","R","BOSS","M","M","?","M","M","R","$","E","T","R","?","E","?","E","R","BOSS","M","M","$","?","?","R","E","?","T","M","?","E","M","E","R","BOSS"],"items_purchased_type":["Card","Relic","Card","Relic"],"build_version":"2020-12-22","purchased_purges":0,"victory":true,"max_hp_per_floor":[70,70,70,70,70,70,70,70,70,70,70,70,70,70,70,70,70,70,70,70,70,70,70,70,70,70,70,70,70,70,70,70,70,70,70,70,70,70,70,70,70,70,70,70,70,70,70,70,70,70],"relic_stats":{"Darkstone Periapt":0,"counters":[28,109],"Astrolabe":["Bouncing Flask","Heel Hook","Phantasmal Killer"],"Snake Skull":[87],"Letter Opener":[349],"Mercury Hourglass":[36],"Blood Vial":48,"Sundial":[4],"Mummified Hand":[0],"Gambling Chip":[14],"Bronze Scales":[91],"Kunai":[38],"obtain_stats":[{"Potion Belt":9,"Darkstone Periapt":41,"The Specimen":37,"Astrolabe":0,"SacredBark":34,"Oddly Smooth Stone":13,"Snake Skull":31,"Letter Opener":29,"Mercury Hourglass":48,"Blood Vial":8,"Anchor":26,"Sundial":25,"Mummified Hand":46,"Gambling Chip":39,"Bronze Scales":43,"Fusion Hammer":17,"Kunai":11,"Ring of the Snake":0,"Meat on the Bone":24},{"Potion Belt":4,"Darkstone Periapt":22,"The Specimen":20,"Astrolabe":0,"SacredBark":18,"Oddly Smooth Stone":7,"Snake Skull":17,"Letter Opener":15,"Mercury Hourglass":27,"Blood Vial":4,"Anchor":14,"Sundial":14,"Mummified Hand":25,"Gambling Chip":21,"Bronze Scales":22,"Fusion Hammer":9,"Kunai":5,"Ring of the Snake":0,"Meat on the Bone":13},{"Potion Belt":11,"Darkstone Periapt":77,"The Specimen":72,"Astrolabe":0,"SacredBark":65,"Oddly Smooth Stone":19,"Snake Skull":59,"Letter Opener":51,"Mercury Hourglass":99,"Blood Vial":11,"Anchor":48,"Sundial":48,"Mummified Hand":89,"Gambling Chip":74,"Bronze Scales":77,"Fusion Hammer":27,"Kunai":13,"Ring of the Snake":0,"Meat on the Bone":42}],"Meat on the Bone":72},"card_choices":[{"not_picked":["Infinite Blades","Flying Knee"],"picked":"Deadly Poison","floor":1.0},{"not_picked":["Dodge and Roll","Sucker Punch","Blade Dance"],"picked":"SKIP","floor":2.0},{"not_picked":["Concentrate","Outmaneuver","PiercingWail"],"picked":"SKIP","floor":4.0},{"not_picked":["Dagger Throw","Blur"],"picked":"Die Die Die","floor":8.0},{"not_picked":["Poisoned Stab","Heel Hook"],"picked":"Deadly Poison","floor":11.0},{"not_picked":["Deflect","Bane"],"picked":"Acrobatics","floor":12.0},{"not_picked":["Calculated Gamble","Slice"],"picked":"Escape Plan","floor":13.0},{"not_picked":["Masterful Stab","Poisoned Stab"],"picked":"Slice","floor":14.0},{"not_picked":["Doppelganger","Phantasmal Killer"],"picked":"Storm of Steel","floor":16.0},{"not_picked":["Bane","Underhanded Strike"],"picked":"Escape Plan+1","floor":18.0},{"not_picked":["Poisoned Stab","Bane"],"picked":"Deadly Poison+1","floor":19.0},{"not_picked":["Deflect","Masterful Stab"],"picked":"Dash","floor":21.0},{"not_picked":["Underhanded Strike+1","Heel Hook"],"picked":"Calculated Gamble","floor":22.0},{"not_picked":["Acrobatics+1","Deadly Poison"],"picked":"Quick Slash+1","floor":25.0},{"not_picked":["Outmaneuver","Wraith Form v2"],"picked":"Slice","floor":29.0},{"not_picked":["Poisoned Stab","Bane"],"picked":"Deflect+1","floor":30.0},{"not_picked":["Outmaneuver","Tools of the Trade"],"picked":"Deflect","floor":31.0},{"not_picked":["Unload","Tools of the Trade"],"picked":"Venomology","floor":33.0},{"not_picked":["Deadly Poison+1","Sucker Punch+1"],"picked":"Backflip","floor":35.0},{"not_picked":["Caltrops","Backstab+1"],"picked":"Dagger Spray+1","floor":36.0},{"not_picked":["Terror","Backstab"],"picked":"Escape Plan","floor":39.0},{"not_picked":["Quick Slash","Dagger Throw"],"picked":"PiercingWail","floor":41.0},{"not_picked":["Dodge and Roll","Flying Knee+1"],"picked":"Deflect+1","floor":44.0},{"not_picked":["Deflect+1","Expertise","Flying Knee"],"picked":"SKIP","floor":45.0},{"not_picked":["PiercingWail+1","Malaise"],"picked":"Blade Dance+1","floor":46},{"not_picked":["Choke","Setup+1"],"picked":"Catalyst","floor":47},{"not_picked":["Predator+1","Blur+1"],"picked":"Deflect+1","floor":48}],"player_experience":320498,"relics_obtained":[{"floor":8.0,"key":"Blood Vial"},{"floor":9.0,"key":"Potion Belt"},{"floor":11.0,"key":"Kunai"},{"floor":13.0,"key":"Oddly Smooth Stone"},{"floor":25.0,"key":"Sundial"},{"floor":26.0,"key":"Anchor"},{"floor":29.0,"key":"Letter Opener"},{"floor":31.0,"key":"Snake Skull"},{"floor":39.0,"key":"Gambling Chip"},{"floor":41.0,"key":"Darkstone Periapt"},{"floor":43.0,"key":"Bronze Scales"},{"floor":46,"key":"Mummified Hand"},{"floor":48,"key":"Mercury Hourglass"}],"event_choices":[{"damage_healed":0.0,"max_hp_gain":0.0,"max_hp_loss":0.0,"gold_gain":0.0,"event_name":"The Woman in Blue","player_choice":"Bought 1 Potion","floor":3.0,"gold_loss":0.0,"damage_taken":0.0},{"damage_healed":0.0,"max_hp_gain":0.0,"max_hp_loss":0.0,"gold_gain":0.0,"event_name":"Living Wall","player_choice":"Grow","floor":5.0,"gold_loss":0.0,"damage_taken":0.0,"cards_upgraded":["Neutralize"]},{"damage_healed":23.0,"max_hp_gain":0.0,"max_hp_loss":0.0,"gold_gain":0.0,"event_name":"The Library","player_choice":"Heal","floor":20.0,"gold_loss":0.0,"damage_taken":0.0},{"cards_removed":["Strike_G"],"damage_healed":0.0,"max_hp_gain":0.0,"max_hp_loss":0.0,"gold_gain":0.0,"event_name":"Purifier","player_choice":"Purged","floor":28.0,"gold_loss":0.0,"damage_taken":0.0},{"damage_healed":0.0,"max_hp_gain":0.0,"max_hp_loss":0.0,"gold_gain":0.0,"event_name":"SensoryStone","player_choice":"Memory 1","floor":38.0,"gold_loss":0.0,"damage_taken":0.0},{"damage_healed":0.0,"max_hp_gain":0.0,"max_hp_loss":0.0,"gold_gain":0.0,"event_name":"Mysterious Sphere","player_choice":"Fight","floor":39.0,"gold_loss":0.0,"damage_taken":0.0},{"damage_healed":0.0,"max_hp_gain":0.0,"max_hp_loss":0.0,"gold_gain":0.0,"event_name":"Lab","player_choice":"Got Potions","floor":42.0,"gold_loss":0.0,"damage_taken":0.0}],"is_beta":false,"boss_relics":[{"not_picked":["WristBlade","Pandora\u0027s Box"],"picked":"Fusion Hammer"},{"not_picked":["Calling Bell","Black Star"],"picked":"SacredBark"}],"items_purged_floors":[],"is_endless":false,"potions_floor_spawned":[1,2,4,11,19,25,29,31,41,44,46,48],"ascension_level":10}}