{"host":"mvy2rmdvyttjfm6x","time":1613123014,"event":{"mods":["AchievementEnabler","BaseMod","Keyboard Shortcuts","Minty Spire (QoL Compilation)","Quick Restart","StSLib","SuperFastMode"],"gold_per_floor":[113,113,123,123,123,152,163,163,163,52,52,81,81,97,97,222,222,236,260,283,308,208,208,208],"floor_reached":23,"language":"KOR","playtime":937,"items_purged":["Defend_P","Strike_P"],"score":191,"play_id":"955c2408-d6d8-4fbb-9a3c-3b931fbb16e7","local_time":"20210212184334","is_ascension_mode":false,"campfire_choices":[{"data":"EmptyMind","floor":8,"key":"SMITH"},{"floor":13,"key":"REST"},{"data":"Eruption","floor":15,"key":"SMITH"}],"circlet_count":0,"master_deck":["Strike_P","Strike_P","Defend_P","Defend_P","Defend_P","Eruption+1","Vigilance","EmptyMind+1","MasterReality","SandsOfTime","TalkToTheHand","FlurryOfBlows","Scrawl","Adaptation","FlurryOfBlows","Wallop+1"],"relics":["Sozu","Unceasing Top","Meat on the Bone","Incense Burner","Golden Idol","Odd Mushroom"],"acts_visited":["Exordium","TheCity"],"potions_floor_usage":[],"damage_taken":[{"damage":3,"enemies":"Jaw Worm","floor":1,"turns":3},{"damage":5,"enemies":"Small Slimes","floor":3,"turns":4},{"damage":29,"enemies":"Lagavulin","floor":6,"turns":9},{"damage":0,"enemies":"2 Louse","floor":7,"turns":2},{"damage":11,"enemies":"The Mushroom Lair","floor":12,"turns":4},{"damage":0,"enemies":"Looter","floor":14,"turns":4},{"damage":18,"enemies":"Hexaghost","floor":16,"turns":8},{"damage":1,"enemies":"Chosen","floor":18,"turns":4},{"damage":39,"enemies":"2 Thieves","floor":19,"turns":4},{"damage":26,"enemies":"Centurion and Healer","floor":20,"turns":5},{"damage":14,"enemies":"Shelled Parasite and Fungi","floor":21,"turns":4},{"damage":43,"enemies":"Gremlin Leader","floor":23,"turns":5}],"seed_played":"4278792881993407046","potions_obtained":[],"is_trial":false,"path_per_floor":["M","?","M","?","?","E","M","R","T","$","?","?","R","M","R","B",null,"M","M","M","M","$","E"],"character_chosen":"WATCHER","items_purchased":["TalkToTheHand"],"campfire_rested":1,"item_purchase_floors":[10],"current_hp_per_floor":[69,74,69,69,57,28,40,40,40,40,21,22,45,45,45,39,77,76,49,35,33,33,0,0],"gold":208,"neow_bonus":"BOSS_RELIC","is_daily":false,"chose_seed":false,"campfire_upgraded":2,"win_rate":0.0,"timestamp":1613123014,"path_taken":["M","?","M","?","?","E","M","R","T","?","?","?","R","?","R","BOSS","M","M","M","M","$","E"],"items_purchased_type":["Card"],"build_version":"2020-12-22","purchased_purges":2,"victory":false,"max_hp_per_floor":[72,77,77,77,77,77,77,77,77,77,77,77,77,77,77,77,77,77,77,77,77,77,77,77],"card_choices":[{"not_picked":["Indignation","SashWhip"],"picked":"EmptyMind","floor":1},{"not_picked":["WheelKick","SashWhip","EmptyBody"],"picked":"SKIP","floor":3},{"not_picked":["Evaluate","Weave","LikeWater"],"picked":"SKIP","floor":6},{"not_picked":["Sanctity","SignatureMove"],"picked":"SandsOfTime","floor":7},{"not_picked":["JustLucky","Omniscience"],"picked":"FlurryOfBlows","floor":14},{"not_picked":["Establishment","Ragnarok"],"picked":"Scrawl","floor":16},{"not_picked":["ClearTheMind","BowlingBash"],"picked":"Adaptation","floor":18},{"not_picked":["Adaptation","Perseverance"],"picked":"FlurryOfBlows","floor":19},{"not_picked":["Nirvana","WheelKick"],"picked":"Wallop+1","floor":20},{"not_picked":["SandsOfTime","CutThroughFate","Crescendo+1"],"picked":"SKIP","floor":21}],"player_experience":107507,"relics_obtained":[{"floor":6,"key":"Meat on the Bone"},{"floor":9,"key":"Incense Burner"},{"floor":12,"key":"Odd Mushroom"}],"event_choices":[{"damage_healed":0,"gold_gain":0,"player_choice":"Donut","damage_taken":0,"max_hp_gain":5,"max_hp_loss":0,"event_name":"Big Fish","floor":2,"gold_loss":0},{"damage_healed":0,"gold_gain":0,"cards_transformed":["Strike_P"],"player_choice":"Change","damage_taken":0,"max_hp_gain":0,"max_hp_loss":0,"event_name":"Living Wall","floor":4,"gold_loss":0,"cards_obtained":["MasterReality"]},{"damage_healed":0,"gold_gain":0,"player_choice":"Success","damage_taken":12,"relics_obtained":["Unceasing Top"],"max_hp_gain":0,"max_hp_loss":0,"event_name":"Scrap Ooze","floor":5,"gold_loss":0},{"damage_healed":0,"gold_gain":0,"player_choice":"Take Damage","damage_taken":19,"relics_obtained":["Golden Idol"],"max_hp_gain":0,"max_hp_loss":0,"event_name":"Golden Idol","floor":11,"gold_loss":0},{"damage_healed":0,"gold_gain":0,"player_choice":"Fought Mushrooms","damage_taken":0,"max_hp_gain":0,"max_hp_loss":0,"event_name":"Mushrooms","floor":12,"gold_loss":0}],"is_beta":false,"boss_relics":[{"not_picked":["Snecko Eye","Ectoplasm","Velvet Choker"]}],"items_purged_floors":[10,22],"is_endless":false,"potions_floor_spawned":[1,3,12,16,18,21],"killed_by":"Gremlin Leader","ascension_level":0}}