{"host":"g0zlq7spi0ykrc8e","time":1613152665,"event":{"mods":["BaseMod","Colored Powertips","Friendly Minions","Kiyohime（清姬）","Lobotomy","Minty Spire (QoL Compilation)","Nova Terra(诺娃・泰拉)","Prisma Mod","Quick Restart","Remilia（蕾米莉亚）","StSLib","UnlockEverythingMod","WarShipGirlsR/战舰少女R mod","Yakumo Yukari mod"],"gold_per_floor":[111,111,124,199,216,248,238,338,417,417,443,462,462,475,475,575,575,593,603,615,615,615],"floor_reached":21,"language":"ZHS","playtime":1243,"items_purged":[],"score":191,"play_id":"d8c1425b-8a11-4775-9b8f-63295df165b3","local_time":"20210213015745","is_ascension_mode":false,"campfire_choices":[{"data":"PrismaMod:IllyaCheapChannelPoison","floor":10.0,"key":"SMITH"},{"data":"PrismaMod:IllyaHassanGift","floor":13.0,"key":"SMITH"},{"data":"PrismaMod:IllyaUncommonDefend","floor":15.0,"key":"SMITH"}],"circlet_count":0,"master_deck":["PrismaMod:IllyaCommonDefend","PrismaMod:IllyaCommonAttack","PrismaMod:IllyaCommonDefend","PrismaMod:IllyaCommonAttack","PrismaMod:IllyaCommonDefend","PrismaMod:IllyaCommonAttack","PrismaMod:IllyaCommonDefend","PrismaMod:IllyaCommonAttack","PrismaMod:IllyaCommonDefend","PrismaMod:IllyaUncommonAttack","PrismaMod:IllyaUncommonDefend+1","PrismaMod:IllyaHassanGift+1","PrismaMod:IllyaBlindPoisonToss","PrismaMod:IllyaStunPoison","PrismaMod:IllyaCheapChannelPoison+1","PrismaMod:IllyaInstallAlterEgo","PrismaMod:IllyaPoisonTippedWeapons","PrismaMod:IllyaReinForce","PrismaMod:IllyaBoysLove","PrismaMod:IllyaInstallForeigner","PrismaMod:IllyaRubysPotion+1","PrismaMod:IllyaFeed"],"relics":["PrismaMod:PrismaRuby","ScarletDevilRocket","Kunai","MealTicket","SacredBark"],"acts_visited":["Exordium","TheCity"],"potions_floor_usage":[20,20],"damage_taken":[{"damage":0.0,"enemies":"Jaw Worm","floor":1.0,"turns":4.0},{"damage":0.0,"enemies":"Cultist","floor":3.0,"turns":5.0},{"damage":0.0,"enemies":"Small Slimes","floor":5.0,"turns":3.0},{"damage":2.0,"enemies":"Lagavulin","floor":6.0,"turns":6.0},{"damage":14.0,"enemies":"Gremlin Nob","floor":11.0,"turns":5.0},{"damage":3.0,"enemies":"Blue Slaver","floor":12.0,"turns":4.0},{"damage":8.0,"enemies":"Looter","floor":14.0,"turns":3.0},{"damage":14.0,"enemies":"The Guardian","floor":16.0,"turns":7.0},{"damage":11.0,"enemies":"Shell Parasite","floor":18.0,"turns":6.0},{"damage":28.0,"enemies":"3 Byrds","floor":19.0,"turns":5.0},{"damage":18,"enemies":"Snake Plant","floor":20,"turns":6},{"damage":28,"enemies":"Cultist and Chosen","floor":21,"turns":4}],"seed_played":"8459994836002705037","potions_obtained":[{"floor":0.0,"key":"LiquidMemories"},{"floor":0.0,"key":"Fruit Juice"},{"floor":0.0,"key":"Explosive Potion"},{"floor":5.0,"key":"SkillPotion"},{"floor":6.0,"key":"DuplicationPotion"},{"floor":14.0,"key":"SteroidPotion"},{"floor":18.0,"key":"Strength Potion"}],"is_trial":false,"path_per_floor":["M","?","M","?","M","E","?","?","T","R","E","M","R","M","R","B",null,"M","M","M","M"],"character_chosen":"ILLYA","items_purchased":[],"campfire_rested":0,"item_purchase_floors":[],"current_hp_per_floor":[80,80,80,69,69,67,67,67,67,67,53,50,50,42,42,28,80,69,46,28,0,0],"gold":615,"neow_bonus":"THREE_SMALL_POTIONS","is_daily":false,"chose_seed":false,"campfire_upgraded":3,"win_rate":0.0,"timestamp":1613152665,"path_taken":["M","?","?","?","M","E","?","?","T","R","E","?","R","M","R","BOSS","M","M","M","M"],"items_purchased_type":[],"build_version":"2020-12-22","purchased_purges":0,"victory":false,"max_hp_per_floor":[80,80,80,80,80,80,80,80,80,80,80,80,80,80,80,80,80,80,80,80,80,80],"card_choices":[{"not_picked":["PrismaMod:IllyaMinorReinForce","PrismaMod:IllyaFriendMaker"],"picked":"PrismaMod:IllyaHassanGift","floor":1.0},{"not_picked":["PrismaMod:IllyaDevil","PrismaMod:IllyaCheapDefend"],"picked":"PrismaMod:IllyaBlindPoisonToss","floor":3.0},{"not_picked":["PrismaMod:IllyaPoisonTippedWeapons","PrismaMod:IllyaAlice"],"picked":"PrismaMod:IllyaStunPoison","floor":5.0},{"not_picked":["PrismaMod:IllyaUpgradeOrbs","PrismaMod:IllyaBoysLove"],"picked":"PrismaMod:IllyaCheapChannelPoison","floor":6.0},{"not_picked":[],"picked":"PrismaMod:IllyaInstallAlterEgo","floor":7.0},{"not_picked":["PrismaMod:IllyaCheapChannelPoison","PrismaMod:IllyaDetonatingBlow"],"picked":"PrismaMod:IllyaPoisonTippedWeapons","floor":11.0},{"not_picked":["PrismaMod:IllyaRapidFire","PrismaMod:IllyaCheapChannelPoison"],"picked":"PrismaMod:IllyaReinForce","floor":12.0},{"not_picked":["PrismaMod:IllyaGun","PrismaMod:IllyaHassanGift"],"picked":"PrismaMod:IllyaBoysLove","floor":14.0},{"not_picked":["PrismaMod:IllyaInstallLancer","PrismaMod:IllyaInstallAssassin"],"picked":"PrismaMod:IllyaInstallForeigner","floor":16.0},{"not_picked":["PrismaMod:IllyaCheapAttack","PrismaMod:IllyaAlice"],"picked":"PrismaMod:IllyaRubysPotion+1","floor":18.0},{"not_picked":["PrismaMod:IllyaBride","PrismaMod:IllyaCheapChannelAttack"],"picked":"PrismaMod:IllyaFeed","floor":19.0},{"not_picked":["PrismaMod:IllyaUncommonAttack+1","PrismaMod:IllyaAOECommonAttack+1","PrismaMod:IllyaGun"],"picked":"SKIP","floor":20}],"player_experience":139435,"relics_obtained":[{"floor":6.0,"key":"ScarletDevilRocket"},{"floor":9.0,"key":"Kunai"},{"floor":11.0,"key":"MealTicket"}],"event_choices":[{"cards_removed":["PrismaMod:IllyaCommonAttack"],"damage_healed":0.0,"max_hp_gain":0.0,"max_hp_loss":0.0,"gold_gain":0.0,"event_name":"Purifier","player_choice":"Purged","floor":2.0,"gold_loss":0.0,"damage_taken":0.0},{"damage_healed":0.0,"max_hp_gain":0.0,"max_hp_loss":0.0,"gold_gain":75.0,"event_name":"World of Goop","player_choice":"Gather Gold","floor":4.0,"gold_loss":0.0,"damage_taken":11.0},{"damage_healed":0.0,"max_hp_gain":0.0,"max_hp_loss":0.0,"gold_gain":100.0,"event_name":"Golden Shrine","player_choice":"Pray","floor":8.0,"gold_loss":0.0,"damage_taken":0.0}],"is_beta":false,"boss_relics":[{"not_picked":["Coffee Dripper","Snecko Eye"],"picked":"SacredBark"}],"items_purged_floors":[],"is_endless":false,"potions_floor_spawned":[5,6,14,16,18],"killed_by":"Cultist and Chosen","ascension_level":0}}