{"host":"baymyijz6sxaqj5s","time":1613119575,"event":{"mods":["AchievementEnabler","BaseMod","Colored Map","Colored Powertips","DeckTracker","Highlight Path","KOR Keyword Fix","Keyboard Shortcuts","Minty Spire (QoL Compilation)","StSLib","SuperFastMode","everything is the same but u backflip on backflip"],"gold_per_floor":[117,64,139,139,139,139,159,176,244,263,280,280,280,299,299,299,299],"floor_reached":16,"language":"KOR","playtime":310,"items_purged":[],"score":106,"play_id":"9105a0d5-b8fe-4511-a4fe-088db3acdf42","local_time":"20210212174615","is_ascension_mode":true,"campfire_choices":[{"data":"Shrug It Off","floor":6,"key":"SMITH"},{"data":"Entrench","floor":12,"key":"SMITH"},{"floor":15,"key":"REST"}],"circlet_count":0,"master_deck":["Strike_R","Strike_R","Strike_R","Strike_R","Strike_R","Defend_R","Defend_R","Defend_R","Defend_R","Bash","Shrug It Off+1","Entrench+1","Spot Weakness","Shrug It Off"],"relics":["Burning Blood","Frozen Egg 2","CultistMask"],"acts_visited":["Exordium"],"potions_floor_usage":[16],"damage_taken":[{"damage":1,"enemies":"Cultist","floor":1,"turns":4},{"damage":2,"enemies":"Jaw Worm","floor":7,"turns":4},{"damage":14,"enemies":"Small Slimes","floor":8,"turns":4},{"damage":25,"enemies":"3 Louse","floor":10,"turns":7},{"damage":7,"enemies":"Red Slaver","floor":11,"turns":6},{"damage":52,"enemies":"Gremlin Gang","floor":14,"turns":6},{"damage":14,"enemies":"Hexaghost","floor":16,"turns":5}],"seed_played":"-1110397006749532105","potions_obtained":[{"floor":10,"key":"Regen Potion"},{"floor":11,"key":"BlessingOfTheForge"},{"floor":14,"key":"Dexterity Potion"}],"is_trial":false,"path_per_floor":["M","$","?","?","?","R","M","M","T","M","M","R","?","M","R","B"],"character_chosen":"IRONCLAD","items_purchased":["Shrug It Off"],"campfire_rested":1,"item_purchase_floors":[2],"current_hp_per_floor":[88,88,77,77,77,77,81,73,73,54,53,53,53,7,33,19,19],"gold":299,"neow_bonus":"TEN_PERCENT_HP_BONUS","is_daily":false,"chose_seed":false,"campfire_upgraded":2,"win_rate":0.0,"timestamp":1613119575,"path_taken":["M","$","?","?","?","R","M","M","T","M","M","R","?","M","R","BOSS"],"items_purchased_type":["Card"],"build_version":"2020-12-22","purchased_purges":0,"victory":false,"max_hp_per_floor":[88,88,88,88,88,88,88,88,88,88,88,88,88,88,88,88,88],"card_choices":[{"not_picked":["Clash","Havoc","Iron Wave"],"picked":"SKIP","floor":1},{"not_picked":["Perfected Strike","Havoc"],"picked":"Entrench","floor":7},{"not_picked":["Intimidate","Evolve","Shockwave"],"picked":"SKIP","floor":8},{"not_picked":["Warcry","Hemokinesis","Wild Strike"],"picked":"SKIP","floor":10},{"not_picked":["Carnage","Flex"],"picked":"Spot Weakness","floor":11},{"not_picked":["Clothesline","Warcry"],"picked":"Shrug It Off","floor":14}],"player_experience":85467,"relics_obtained":[{"floor":9,"key":"Frozen Egg 2"}],"event_choices":[{"damage_healed":0,"gold_gain":75,"player_choice":"Gather Gold","damage_taken":11,"max_hp_gain":0,"max_hp_loss":0,"event_name":"World of Goop","floor":3,"gold_loss":0},{"damage_healed":0,"gold_gain":0,"player_choice":"Ignored","damage_taken":0,"max_hp_gain":0,"max_hp_loss":0,"event_name":"Golden Idol","floor":4,"gold_loss":0},{"damage_healed":0,"gold_gain":0,"player_choice":"Ignored","damage_taken":0,"max_hp_gain":0,"max_hp_loss":0,"event_name":"Liars Game","floor":5,"gold_loss":0},{"damage_healed":0,"gold_gain":0,"player_choice":"Trade","damage_taken":0,"relics_obtained":["CultistMask"],"max_hp_gain":0,"max_hp_loss":0,"event_name":"FaceTrader","floor":13,"gold_loss":0}],"is_beta":false,"boss_relics":[],"items_purged_floors":[],"is_endless":false,"potions_floor_spawned":[10,11,14],"killed_by":"Hexaghost","ascension_level":3}}