{"host":"fk03y9w7ki5s8tic","time":1613095862,"event":{"mods":["AchievementEnabler","BaseMod","Bestiary","Block Reminder","Colored Map","Colored Powertips","Dark Map","DeckTracker","Minty Spire (QoL Compilation)","Relic Stats","StSLib","Together in Spire","Weighted Paths"],"gold_per_floor":[115,115,115,115,115,159,159,159,186,28,28,61,106,128,128,258,267,289,388,410,432,230,230,275,275,275,275,298,41,41,59,59,193,193,214,232,565,565,592,617,617,644,720,735,745,745,745],"floor_reached":46,"language":"ENG","playtime":5906,"items_purged":["Defend_R"],"score":550,"play_id":"5295b49e-15d8-4ee6-b7fa-ccbabe46b8ce","local_time":"20210211201102","is_ascension_mode":false,"campfire_choices":[{"data":"Infernal Blade","floor":7,"key":"SMITH"},{"data":"Intimidate","floor":15,"key":"SMITH"},{"data":"Seeing Red","floor":23,"key":"SMITH"},{"floor":32,"key":"REST"},{"data":"HandOfGreed","floor":41,"key":"SMITH"}],"circlet_count":0,"master_deck":["Strike_R+1","Strike_R+1","Strike_R+1","Strike_R+1","Defend_R+1","Bash","Thunderclap+1","Injury","Infernal Blade+1","Warcry","Thunderclap","Clash","Intimidate+1","Juggernaut","CurseOfTheBell","Clash+1","Seeing Red+1","Dual Wield","Pommel Strike","Shockwave","Impatience","Brutality+1","Armaments","Offering","Madness","Madness","Deep Breath","Finesse","HandOfGreed+1"],"relics":["Burning Blood","NeowsBlessing","Smiling Mask","CeramicFish","Membership Card","Whetstone","Calling Bell","Omamori","InkBottle","Thread and Needle","Tiny Chest","Bronze Scales","Ancient Tea Set","Oddly Smooth Stone","Frozen Egg 2","StoneCalendar","Strange Spoon","Mercury Hourglass","Busted Crown","Red Skull","Potion Belt","The Courier","Sundial"],"acts_visited":["Exordium","TheCity","TheBeyond"],"potions_floor_usage":[16,33,42,42,46,46],"damage_taken":[{"damage":0,"enemies":"2 Louse","floor":1,"turns":1},{"damage":0,"enemies":"Lagavulin","floor":6,"turns":1},{"damage":0,"enemies":"Jaw Worm","floor":12,"turns":1},{"damage":0,"enemies":"Gremlin Nob","floor":13,"turns":2},{"damage":0,"enemies":"Small Slimes","floor":14,"turns":2},{"damage":14,"enemies":"Hexaghost","floor":16,"turns":5},{"damage":1,"enemies":"Spheric Guardian","floor":18,"turns":3},{"damage":0,"enemies":"Chosen","floor":20,"turns":2},{"damage":0,"enemies":"Snecko","floor":21,"turns":3},{"damage":27,"enemies":"Gremlin Leader","floor":24,"turns":3},{"damage":17,"enemies":"Snake Plant","floor":28,"turns":2},{"damage":8,"enemies":"Automaton","floor":33,"turns":3},{"damage":0,"enemies":"3 Darklings","floor":35,"turns":1},{"damage":7,"enemies":"Giant Head","floor":40,"turns":2},{"damage":36,"enemies":"Nemesis","floor":42,"turns":4},{"damage":0,"enemies":"Orb Walker","floor":44,"turns":1},{"damage":3,"enemies":"3 Darklings","floor":45,"turns":2},{"damage":77,"enemies":"Sphere and 2 Shapes","floor":46,"turns":3}],"seed_played":"-8967914817529648273","potions_obtained":[{"floor":11,"key":"Explosive Potion"},{"floor":11,"key":"PowerPotion"},{"floor":11,"key":"FearPotion"},{"floor":12,"key":"DistilledChaos"},{"floor":16,"key":"PowerPotion"},{"floor":21,"key":"GamblersBrew"},{"floor":33,"key":"SkillPotion"},{"floor":40,"key":"Ancient Potion"},{"floor":42,"key":"SneckoOil"}],"is_trial":false,"path_per_floor":["M","?","?","$","?","E","R","?","T","$","?","M","E","M","R","B",null,"M","?","M","M","$","R","E","?","T","?","M","$","T","?","R","B",null,"M","?","?","T","?","E","R","E","T","M","M","M"],"character_chosen":"IRONCLAD","items_purchased":["Membership Card","Warcry","Tiny Chest","Bronze Scales","StoneCalendar","Strange Spoon","Impatience"],"campfire_rested":1,"item_purchase_floors":[10,10,22,22,29,29,29],"current_hp_per_floor":[80,73,66,66,66,72,72,72,72,72,72,78,80,80,80,72,80,80,80,80,80,80,80,59,59,59,59,48,48,48,48,72,70,80,80,70,70,70,60,59,59,29,29,35,38,0,0],"gold":745,"neow_bonus":"THREE_ENEMY_KILL","is_daily":false,"chose_seed":false,"campfire_upgraded":4,"win_rate":0.0,"timestamp":1613095862,"path_taken":["M","?","?","$","?","E","R","?","T","$","?","M","E","?","R","BOSS","M","?","M","M","$","R","E","?","T","?","M","?","?","?","R","BOSS","M","?","?","?","?","E","R","E","T","M","?","M"],"items_purchased_type":["Relic","Card","Relic","Relic","Relic","Relic","Card"],"build_version":"2020-12-22","purchased_purges":1,"victory":false,"max_hp_per_floor":[80,80,80,80,80,80,80,80,80,80,80,80,80,80,80,80,80,80,80,80,80,80,80,80,80,80,80,80,80,80,80,80,80,80,80,80,80,80,80,80,80,80,80,80,80,80,80],"relic_stats":{"counters":[18,40],"CeramicFish":189,"StoneCalendar":[0],"Whetstone":["Strike_R","Thunderclap"],"Smiling Mask":-12,"Burning Blood":63,"Mercury Hourglass":[63],"Strange Spoon":[18],"Busted Crown":16,"Sundial":[0],"Bronze Scales":[46],"Tiny Chest":2,"obtain_stats":[{"Potion Belt":40,"NeowsBlessing":0,"Golden Idol":5,"CeramicFish":6,"Oddly Smooth Stone":25,"Thread and Needle":17,"StoneCalendar":29,"The Courier":42,"Omamori":17,"Whetstone":13,"Frozen Egg 2":26,"Smiling Mask":3,"Ancient Tea Set":24,"Burning Blood":0,"Mercury Hourglass":30,"Calling Bell":17,"Strange Spoon":29,"Busted Crown":34,"Sundial":43,"Bronze Scales":22,"Tiny Chest":22,"Membership Card":10,"InkBottle":17,"Red Skull":38},{"Potion Belt":14,"NeowsBlessing":0,"Golden Idol":1,"CeramicFish":2,"Oddly Smooth Stone":10,"Thread and Needle":6,"StoneCalendar":11,"The Courier":15,"Omamori":6,"Whetstone":4,"Frozen Egg 2":10,"Smiling Mask":1,"Ancient Tea Set":10,"Burning Blood":0,"Mercury Hourglass":11,"Calling Bell":6,"Strange Spoon":11,"Busted Crown":12,"Sundial":15,"Bronze Scales":9,"Tiny Chest":9,"Membership Card":2,"InkBottle":6,"Red Skull":13},{"Potion Belt":30,"NeowsBlessing":0,"Golden Idol":1,"CeramicFish":2,"Oddly Smooth Stone":23,"Thread and Needle":12,"StoneCalendar":25,"The Courier":34,"Omamori":12,"Whetstone":5,"Frozen Egg 2":23,"Smiling Mask":1,"Ancient Tea Set":23,"Burning Blood":0,"Mercury Hourglass":25,"Calling Bell":12,"Strange Spoon":25,"Busted Crown":27,"Sundial":34,"Bronze Scales":20,"Tiny Chest":20,"Membership Card":2,"InkBottle":12,"Red Skull":28}],"InkBottle":[15]},"card_choices":[{"not_picked":["Cleave","Rampage"],"picked":"Thunderclap","floor":1},{"not_picked":["Searing Blow","Flex"],"picked":"Infernal Blade","floor":6},{"not_picked":["Body Slam","Metallicize"],"picked":"Thunderclap","floor":12},{"not_picked":["Thunderclap","Sword Boomerang"],"picked":"Clash","floor":13},{"not_picked":["Rage","Iron Wave"],"picked":"Intimidate","floor":14},{"not_picked":["Impervious","Corruption"],"picked":"Juggernaut","floor":16},{"not_picked":["Juggernaut","Second Wind+1"],"picked":"Clash+1","floor":18},{"not_picked":["Inflame","Evolve"],"picked":"Seeing Red","floor":20},{"not_picked":["Warcry","Spot Weakness"],"picked":"Dual Wield","floor":21},{"not_picked":["Clothesline","Thunderclap"],"picked":"Pommel Strike","floor":24},{"not_picked":["Havoc+1","Thunderclap"],"picked":"Shockwave","floor":28},{"not_picked":["Barricade+1","Berserk+1"],"picked":"Offering","floor":33},{"not_picked":["Heavy Blade+1"],"picked":"SKIP","floor":35},{"not_picked":[],"picked":"Deep Breath","floor":39},{"not_picked":[],"picked":"Finesse","floor":39},{"not_picked":[],"picked":"HandOfGreed","floor":39},{"not_picked":["Iron Wave"],"picked":"SKIP","floor":40},{"not_picked":["Perfected Strike"],"picked":"SKIP","floor":42},{"not_picked":["Entrench"],"picked":"SKIP","floor":44},{"not_picked":["Iron Wave+1"],"picked":"SKIP","floor":45}],"player_experience":51,"relics_obtained":[{"floor":6,"key":"CeramicFish"},{"floor":13,"key":"Whetstone"},{"floor":17,"key":"Omamori"},{"floor":17,"key":"InkBottle"},{"floor":17,"key":"Thread and Needle"},{"floor":24,"key":"Ancient Tea Set"},{"floor":26,"key":"Frozen Egg 2"},{"floor":30,"key":"Mercury Hourglass"},{"floor":38,"key":"Red Skull"},{"floor":40,"key":"Potion Belt"},{"floor":42,"key":"The Courier"},{"floor":43,"key":"Sundial"}],"event_choices":[{"cards_removed":["Strike_R"],"damage_healed":0,"gold_gain":0,"player_choice":"Card Removal","damage_taken":7,"max_hp_gain":0,"max_hp_loss":0,"event_name":"Golden Wing","floor":2,"gold_loss":0},{"damage_healed":0,"gold_gain":0,"player_choice":"Success","damage_taken":7,"relics_obtained":["Smiling Mask"],"max_hp_gain":0,"max_hp_loss":0,"event_name":"Scrap Ooze","floor":3,"gold_loss":0},{"damage_healed":0,"gold_gain":0,"player_choice":"Take Wound","damage_taken":0,"relics_obtained":["Golden Idol"],"max_hp_gain":0,"max_hp_loss":0,"event_name":"Golden Idol","floor":5,"gold_loss":0,"cards_obtained":["Injury"]},{"damage_healed":0,"gold_gain":0,"player_choice":"Leave","damage_taken":0,"max_hp_gain":0,"max_hp_loss":0,"event_name":"The Cleric","floor":8,"gold_loss":0},{"damage_healed":0,"gold_gain":0,"player_choice":"Got Potions","damage_taken":0,"max_hp_gain":0,"max_hp_loss":0,"event_name":"Lab","floor":11,"gold_loss":0},{"damage_healed":0,"gold_gain":99,"player_choice":"Stole From Cult","damage_taken":0,"max_hp_gain":0,"max_hp_loss":0,"event_name":"Nest","floor":19,"gold_loss":0},{"damage_healed":0,"gold_gain":0,"player_choice":"Stole Relic","damage_taken":0,"relics_obtained":["Oddly Smooth Stone"],"max_hp_gain":0,"max_hp_loss":0,"event_name":"Addict","floor":25,"gold_loss":0,"cards_obtained":["Shame"]},{"damage_healed":0,"gold_gain":0,"player_choice":"Simplicity","damage_taken":0,"max_hp_gain":0,"max_hp_loss":0,"event_name":"Back to Basics","floor":27,"gold_loss":0,"cards_upgraded":["Strike_R","Strike_R","Strike_R","Defend_R","Defend_R","Defend_R"]},{"damage_healed":0,"gold_gain":0,"cards_transformed":["Defend_R","Defend_R"],"player_choice":"Became Test Subject","damage_taken":0,"max_hp_gain":0,"max_hp_loss":0,"event_name":"Drug Dealer","floor":31,"gold_loss":0,"cards_obtained":["Brutality","Armaments"]},{"damage_healed":0,"gold_gain":0,"player_choice":"Embrace Madness","damage_taken":10,"max_hp_gain":0,"max_hp_loss":0,"event_name":"Winding Halls","floor":36,"gold_loss":0,"cards_obtained":["Madness","Madness"]},{"damage_healed":0,"gold_gain":333,"player_choice":"Gave Idol","damage_taken":0,"max_hp_gain":0,"max_hp_loss":0,"event_name":"The Moai Head","floor":37,"relics_lost":["Golden Idol"],"gold_loss":0},{"damage_healed":0,"gold_gain":0,"player_choice":"Memory 3","damage_taken":10,"max_hp_gain":0,"max_hp_loss":0,"event_name":"SensoryStone","floor":39,"gold_loss":0}],"is_beta":false,"boss_relics":[{"not_picked":["Snecko Eye","Mark of Pain"],"picked":"Calling Bell"},{"not_picked":["Velvet Choker","Empty Cage"],"picked":"Busted Crown"}],"items_purged_floors":[22],"is_endless":false,"potions_floor_spawned":[12,16,21,24,33,40,42],"killed_by":"Sphere and 2 Shapes","ascension_level":0}}