{"host":"bg8va46pgqgvtzim","time":1613148774,"event":{"mods":["BaseMod","Minty Spire (QoL Compilation)","Quick Restart","StSLib","SuperFastMode"],"gold_per_floor":[20,20,20,44,5,30,30,30,68,93,128,128,176,176,196,196,216,257,257,257,277,300,320,320,446,446,471,322,343,358,358,358,383,383,426,426,426,461,461,487,487,502,532,541,560,163,433,433,572,572,597,669,685,685,701,701,714,783,821,821,297,297,315,361,384,413,108,144,211,211,238,238,238,238,238,238,33,73,73],"floor_reached":80,"language":"ZHS","playtime":1915,"items_purged":["Defend_P","Strike_P+1","Defend_P"],"score":1822,"play_id":"b3cf20ed-4e54-4307-8bb7-2f5f84f68cac","local_time":"20210213005254","is_ascension_mode":true,"campfire_choices":[{"data":"ForeignInfluence","floor":8,"key":"SMITH"},{"data":"Eruption","floor":12,"key":"SMITH"},{"data":"Wallop","floor":24,"key":"SMITH"},{"data":"TalkToTheHand","floor":34,"key":"SMITH"},{"data":"Prostrate","floor":36,"key":"SMITH"},{"data":"EmptyMind","floor":39,"key":"SMITH"},{"data":"MasterReality","floor":41,"key":"SMITH"},{"data":"Prostrate","floor":48,"key":"SMITH"},{"data":"Establishment","floor":60,"key":"SMITH"},{"data":"ClearTheMind","floor":62,"key":"SMITH"},{"floor":70,"key":"REST"},{"floor":73,"key":"RECALL"},{"data":"Purity","floor":76,"key":"SMITH"}],"circlet_count":0,"master_deck":["Defend_P+1","Eruption+1","Vigilance+1","CarveReality+1","ClearTheMind+1","ForeignInfluence+1","Wallop+1","FearNoEvil+1","DevaForm+1","EmptyMind+1","LikeWater+1","MasterReality+1","TalkToTheHand+1","Prostrate+1","Adaptation+1","Prostrate+1","Establishment+1","FlurryOfBlows+1","Prostrate+1","LessonLearned+1","Meditate+1","Collect+1","Sanctity+1","Evaluate+1","Skim+1","Purity+1","Secret Technique","Madness+1","MentalFortress","Concentrate"],"relics":["HolyWater","Golden Idol","WingedGreaves","Pen Nib","Gremlin Horn","PreservedInsect","Happy Flower","Kunai","Enchiridion","Juzu Bracelet","CeramicFish","Lee\u0027s Waffle","Damaru","Philosopher\u0027s Stone","CaptainsWheel","Pear","CloakClasp","Sundial","OrangePellets","Nunchaku","Orichalcum","PrismaticShard","Lantern","Pantograph","FossilizedHelix","ClockworkSouvenir","TeardropLocket"],"acts_visited":["Exordium","TheCity","TheBeyond","TheEnding"],"potions_floor_usage":[38,57,79,79],"damage_taken":[{"damage":0,"enemies":"Small Slimes","floor":1,"turns":3},{"damage":1,"enemies":"Jaw Worm","floor":4,"turns":2},{"damage":0,"enemies":"Cultist","floor":6,"turns":2},{"damage":10,"enemies":"Lagavulin","floor":9,"turns":6},{"damage":0,"enemies":"Blue Slaver","floor":10,"turns":3},{"damage":0,"enemies":"Gremlin Nob","floor":11,"turns":2},{"damage":0,"enemies":"Large Slime","floor":15,"turns":2},{"damage":7,"enemies":"3 Louse","floor":17,"turns":2},{"damage":1,"enemies":"3 Sentries","floor":18,"turns":3},{"damage":3,"enemies":"Exordium Thugs","floor":21,"turns":4},{"damage":1,"enemies":"Lots of Slimes","floor":22,"turns":2},{"damage":0,"enemies":"3 Louse","floor":23,"turns":2},{"damage":3,"enemies":"The Guardian","floor":25,"turns":6},{"damage":0,"enemies":"Spheric Guardian","floor":27,"turns":3},{"damage":0,"enemies":"3 Byrds","floor":29,"turns":3},{"damage":9,"enemies":"Sentry and Sphere","floor":30,"turns":4},{"damage":18,"enemies":"Snake Plant","floor":33,"turns":5},{"damage":1,"enemies":"Gremlin Leader","floor":35,"turns":4},{"damage":16,"enemies":"Slavers","floor":38,"turns":3},{"damage":0,"enemies":"Snecko","floor":42,"turns":3},{"damage":5,"enemies":"Chosen and Byrds","floor":43,"turns":6},{"damage":6,"enemies":"Shelled Parasite and Fungi","floor":45,"turns":4},{"damage":0,"enemies":"Champ","floor":49,"turns":6},{"damage":0,"enemies":"3 Darklings","floor":51,"turns":3},{"damage":0,"enemies":"Mind Bloom Boss Battle","floor":52,"turns":4},{"damage":2,"enemies":"3 Shapes","floor":53,"turns":5},{"damage":0,"enemies":"3 Darklings","floor":55,"turns":3},{"damage":3,"enemies":"Jaw Worm Horde","floor":57,"turns":3},{"damage":0,"enemies":"Giant Head","floor":58,"turns":6},{"damage":0,"enemies":"Nemesis","floor":59,"turns":5},{"damage":0,"enemies":"Sphere and 2 Shapes","floor":63,"turns":3},{"damage":24,"enemies":"3 Darklings","floor":66,"turns":3},{"damage":0,"enemies":"Reptomancer","floor":68,"turns":3},{"damage":18,"enemies":"2 Orb Walkers","floor":69,"turns":4},{"damage":0,"enemies":"Time Eater","floor":74,"turns":6},{"damage":27,"enemies":"Shield and Spear","floor":78,"turns":5},{"damage":9,"enemies":"The Heart","floor":79,"turns":5}],"seed_played":"7052247824778528345","potions_obtained":[{"floor":6,"key":"Strength Potion"},{"floor":10,"key":"SpeedPotion"},{"floor":17,"key":"Ambrosia"},{"floor":33,"key":"StancePotion"},{"floor":38,"key":"Energy Potion"},{"floor":53,"key":"Ambrosia"},{"floor":57,"key":"Dexterity Potion"},{"floor":66,"key":"Strength Potion"}],"is_trial":false,"path_per_floor":["M","?","T","M","$","M","?","R","E","M","E","R","T","T","M","?","M","E","?","E","M","M","M","R","B",null,"M","$","M","M","?","?","M","R","E","R","?","E","R","T","R","M","M","?","M","$","?","R","B",null,"M","?","M","?","M","?","M","E","E","R","$","R","M","T","T","M","$","E","?","R","?","?","R","B",null,"R","$","E","B",null],"character_chosen":"WATCHER","items_purchased":["ForeignInfluence","TalkToTheHand","Lee\u0027s Waffle","Damaru","Sundial","OrangePellets","PrismaticShard","Lantern","ClockworkSouvenir","MentalFortress"],"campfire_rested":1,"item_purchase_floors":[5,28,46,46,61,61,67,67,77,77],"current_hp_per_floor":[72,54,54,53,53,53,39,39,29,29,29,29,29,29,29,29,22,21,21,21,18,17,17,17,14,72,72,72,72,63,63,63,45,45,44,44,28,12,12,12,12,12,7,7,1,79,52,52,52,79,79,79,77,75,75,75,72,82,82,82,82,82,82,82,82,58,58,58,40,65,55,55,55,80,85,85,85,58,74],"gold":73,"neow_bonus":"REMOVE_TWO","is_daily":false,"chose_seed":false,"campfire_upgraded":11,"win_rate":0.0,"timestamp":1613148774,"path_taken":["M","?","?","M","$","M","?","R","E","M","E","R","T","T","M","?","?","E","?","E","M","M","M","R","BOSS","M","$","M","M","?","?","M","R","E","R","?","E","R","T","R","M","M","?","M","$","?","R","BOSS","M","?","M","?","M","?","M","E","E","R","$","R","M","T","T","M","$","E","?","R","?","?","R","BOSS","R","$","E","BOSS"],"items_purchased_type":["Card","Card","Relic","Relic","Relic","Relic","Relic","Relic","Relic","Card"],"build_version":"2020-12-22","purchased_purges":3,"victory":true,"max_hp_per_floor":[72,72,72,72,72,72,72,72,72,72,72,72,72,72,72,72,72,72,72,72,72,72,72,72,72,72,72,72,72,72,72,72,72,72,72,72,72,72,72,72,72,72,72,72,72,79,79,79,79,79,79,79,79,75,75,75,75,85,85,85,85,85,85,85,85,85,85,85,85,85,85,85,85,85,85,85,85,85,85],"card_choices":[{"not_picked":["Protect","CutThroughFate"],"picked":"CarveReality","floor":1},{"not_picked":["Wireheading","FlyingSleeves"],"picked":"ClearTheMind","floor":4},{"not_picked":["Evaluate","FollowUp"],"picked":"Wallop","floor":6},{"not_picked":["Sanctity","Wallop"],"picked":"FearNoEvil","floor":9},{"not_picked":["CarveReality","WaveOfTheHand","FlyingSleeves"],"picked":"SKIP","floor":10},{"not_picked":["ThirdEye","ForeignInfluence"],"picked":"DevaForm","floor":11},{"not_picked":["SashWhip","BowlingBash"],"picked":"EmptyMind","floor":18},{"not_picked":["InnerPeace","CrushJoints"],"picked":"LikeWater","floor":21},{"not_picked":["Nirvana","SashWhip","FearNoEvil"],"picked":"SKIP","floor":22},{"not_picked":["Crescendo","Halt","Consecrate"],"picked":"SKIP","floor":23},{"not_picked":["DeusExMachina","Establishment"],"picked":"MasterReality","floor":25},{"not_picked":["ThirdEye","PathToVictory","Halt"],"picked":"SKIP","floor":27},{"not_picked":["LikeWater","FearNoEvil","ForeignInfluence+1"],"picked":"SKIP","floor":29},{"not_picked":["ClearTheMind","EmptyBody+1"],"picked":"Prostrate","floor":30},{"not_picked":["Nirvana","FlurryOfBlows+1"],"picked":"Adaptation","floor":33},{"not_picked":["CutThroughFate","FearNoEvil"],"picked":"Prostrate","floor":35},{"not_picked":["ClearTheMind","Wireheading"],"picked":"Establishment","floor":38},{"not_picked":["ClearTheMind","CutThroughFate","ForeignInfluence"],"picked":"SKIP","floor":42},{"not_picked":["CrushJoints","BowlingBash"],"picked":"FlurryOfBlows+1","floor":43},{"not_picked":["Crescendo","ForeignInfluence","Vengeance"],"picked":"SKIP","floor":45},{"not_picked":["MasterReality","Judgement"],"picked":"LessonLearned","floor":49},{"not_picked":["Consecrate","EmptyBody+1"],"picked":"Meditate+1","floor":51},{"not_picked":["SandsOfTime+1","SashWhip+1"],"picked":"Collect+1","floor":52},{"not_picked":["LikeWater+1","SashWhip+1","BowlingBash"],"picked":"SKIP","floor":53},{"not_picked":["ThirdEye","JustLucky","BowlingBash+1"],"picked":"SKIP","floor":55},{"not_picked":["SashWhip+1","Swivel+1","Perseverance"],"picked":"SKIP","floor":57},{"not_picked":["FollowUp","Evaluate"],"picked":"Sanctity+1","floor":58},{"not_picked":["Conclude","CrushJoints+1","BattleHymn"],"picked":"SKIP","floor":59},{"not_picked":["Halt+1","SignatureMove+1","Meditate+1"],"picked":"SKIP","floor":63},{"not_picked":["CrushJoints","WreathOfFlame"],"picked":"Evaluate+1","floor":66},{"not_picked":["Prepared","Judgement","Entrench+1"],"picked":"SKIP","floor":68},{"not_picked":["SashWhip+1","FollowUp+1"],"picked":"Skim+1","floor":69},{"not_picked":["PanicButton","Magnetism"],"picked":"Purity","floor":71},{"not_picked":["Violence","Dramatic Entrance"],"picked":"Secret Technique","floor":71},{"not_picked":["Mind Blast","Jack Of All Trades"],"picked":"Madness","floor":71},{"not_picked":["Choke+1","Warcry"],"picked":"Concentrate","floor":78}],"player_experience":2447089,"relics_obtained":[{"floor":3,"key":"WingedGreaves"},{"floor":9,"key":"Pen Nib"},{"floor":11,"key":"Gremlin Horn"},{"floor":13,"key":"PreservedInsect"},{"floor":18,"key":"Happy Flower"},{"floor":35,"key":"Kunai"},{"floor":37,"key":"Enchiridion"},{"floor":38,"key":"Juzu Bracelet"},{"floor":40,"key":"CeramicFish"},{"floor":52,"key":"CaptainsWheel"},{"floor":58,"key":"Pear"},{"floor":59,"key":"CloakClasp"},{"floor":64,"key":"Nunchaku"},{"floor":65,"key":"Orichalcum"},{"floor":68,"key":"Pantograph"},{"floor":69,"key":"FossilizedHelix"},{"floor":78,"key":"TeardropLocket"}],"event_choices":[{"damage_healed":0,"gold_gain":0,"player_choice":"Take Damage","damage_taken":18,"relics_obtained":["Golden Idol"],"max_hp_gain":0,"max_hp_loss":0,"event_name":"Golden Idol","floor":2,"gold_loss":0},{"damage_healed":0,"gold_gain":0,"player_choice":"Entered Light","damage_taken":14,"max_hp_gain":0,"max_hp_loss":0,"event_name":"Shining Light","floor":7,"gold_loss":0,"cards_upgraded":["Strike_P","Defend_P"]},{"damage_healed":0,"gold_gain":0,"player_choice":"Ignored","damage_taken":0,"max_hp_gain":0,"max_hp_loss":0,"event_name":"Liars Game","floor":16,"gold_loss":0},{"cards_removed":["Strike_P"],"damage_healed":0,"gold_gain":0,"player_choice":"Purged","damage_taken":0,"max_hp_gain":0,"max_hp_loss":0,"event_name":"Purifier","floor":19,"gold_loss":0},{"damage_healed":0,"gold_gain":0,"player_choice":"Ignored","damage_taken":0,"max_hp_gain":0,"max_hp_loss":0,"event_name":"Ghosts","floor":31,"gold_loss":0},{"cards_removed":["Strike_P"],"damage_healed":0,"gold_gain":0,"player_choice":"Elegance","damage_taken":0,"max_hp_gain":0,"max_hp_loss":0,"event_name":"Back to Basics","floor":32,"gold_loss":0},{"damage_healed":0,"gold_gain":0,"player_choice":"Obtained Book","damage_taken":16,"max_hp_gain":0,"max_hp_loss":0,"event_name":"Cursed Tome","floor":37,"gold_loss":0},{"damage_healed":0,"gold_gain":0,"player_choice":"Read","damage_taken":0,"max_hp_gain":0,"max_hp_loss":0,"event_name":"The Library","floor":44,"gold_loss":0,"cards_obtained":["Prostrate"]},{"damage_healed":0,"gold_gain":270,"player_choice":"GOLD GOLD GOLD ","damage_taken":27,"max_hp_gain":0,"max_hp_loss":0,"event_name":"Knowing Skull","floor":47,"potions_obtained":[],"gold_loss":0,"cards_obtained":[]},{"damage_healed":0,"gold_gain":0,"player_choice":"Fight","damage_taken":0,"max_hp_gain":0,"max_hp_loss":0,"event_name":"MindBloom","floor":52,"gold_loss":0},{"damage_healed":0,"gold_gain":0,"player_choice":"Max HP","damage_taken":0,"max_hp_gain":0,"max_hp_loss":4,"event_name":"Winding Halls","floor":54,"gold_loss":0},{"damage_healed":0,"gold_gain":0,"player_choice":"0 cards matched","damage_taken":0,"max_hp_gain":0,"max_hp_loss":0,"event_name":"Match and Keep!","floor":56,"gold_loss":0,"cards_obtained":[]},{"damage_healed":0,"gold_gain":0,"player_choice":"Fight","damage_taken":0,"max_hp_gain":0,"max_hp_loss":0,"event_name":"Mysterious Sphere","floor":69,"gold_loss":0},{"damage_healed":0,"gold_gain":0,"player_choice":"Memory 3","damage_taken":10,"max_hp_gain":0,"max_hp_loss":0,"event_name":"SensoryStone","floor":71,"gold_loss":0},{"damage_healed":0,"gold_gain":0,"player_choice":"Ignored","damage_taken":0,"max_hp_gain":0,"max_hp_loss":0,"event_name":"Tomb of Lord Red Mask","floor":72,"gold_loss":0}],"is_beta":false,"boss_relics":[{"not_picked":["Busted Crown","Snecko Eye"],"picked":"HolyWater"},{"not_picked":["SacredBark","Black Star"],"picked":"Philosopher\u0027s Stone"}],"items_purged_floors":[28,46,61],"is_endless":false,"potions_floor_spawned":[6,10,17,18,22,27,33,38,43,53,57,58,59,66,78],"ascension_level":1}}