{"host":"oq9vgnvl0fi8z8ha","time":1613173404,"event":{"mods":["BaseMod","Block Reminder","Curses Come First","Evolution","Fox Events","Highlight Path","Minty Spire (QoL Compilation)","Relic Stats","Smile Girya","StSLib","The Bug Knight","Treasure Hunter","Unceasing Turn Reminder"],"gold_per_floor":[184,202,214,226,7,7,37,37,37,37,55,72,105,135,135,236,236,254,8,8,19,87,90,90],"floor_reached":23,"language":"ENG","playtime":1898,"items_purged":[],"score":211,"play_id":"0be693cf-a6b2-4faa-af9f-21b3b70daea8","local_time":"20210212164324","is_ascension_mode":true,"campfire_choices":[{"data":"HollowMod:DoubleDash","floor":6,"key":"SMITH"},{"data":"HollowMod:HuntersJournal","floor":8,"key":"SMITH"},{"floor":15,"key":"REST"}],"circlet_count":0,"master_deck":["HollowMod:InfectedAttack","HollowMod:SharpenedNail","HollowMod:NailStrikeStart","HollowMod:NailStrikeStart","HollowMod:QuickDashStart","HollowMod:QuickDashStart+1","HollowMod:QuickDashStart+1","HollowMod:FocusHealStart","HollowMod:PogoStrike","HollowMod:CycloneSlash","HollowMod:MantisMark","HollowMod:CycloneSlash","HollowMod:DoubleDash+1","HollowMod:DungDefenderAura","TH:CopperCoins","HollowMod:HuntersJournal+1","TH:BikiniMail","HollowMod:HornetsHelp","HollowMod:CycloneSlash","HollowMod:Grubsong+1","TH:CopperCoins","HollowMod:InfectedCysts","HollowMod:MonarchWings","TH:DeckOfManyThings","HollowMod:ElderbugsWisdom+1","HollowMod:DashSlash+1","HollowMod:HowlingWraiths","HollowMod:ChannelNail","HollowMod:InfectionAssault+1","Writhe","TH:CopperCoins"],"relics":["HollowMod:VesselMask","EVO:Axolotl","Juzu Bracelet","Medical Kit","HollowMod:LifeEnderRelic","Frozen Egg 2","War Paint","Odd Mushroom","Cursed Key","Bag of Marbles","Mummified Hand"],"acts_visited":["Exordium","TheCity"],"potions_floor_usage":[13,16],"damage_taken":[{"damage":2,"enemies":"Jaw Worm","floor":1,"turns":4},{"damage":0,"enemies":"Cultist","floor":2,"turns":4},{"damage":0,"enemies":"Small Slimes","floor":3,"turns":3},{"damage":0,"enemies":"Exordium Wildlife","floor":4,"turns":2},{"damage":13,"enemies":"3 Sentries","floor":7,"turns":6},{"damage":3,"enemies":"Gremlin Gang","floor":11,"turns":4},{"damage":8,"enemies":"Red Slaver","floor":12,"turns":3},{"damage":14,"enemies":"Gremlin Nob","floor":13,"turns":5},{"damage":5,"enemies":"The Mushroom Lair","floor":14,"turns":3},{"damage":64,"enemies":"The Guardian","floor":16,"turns":14},{"damage":11,"enemies":"3 Byrds","floor":18,"turns":4},{"damage":26,"enemies":"2 Thieves","floor":21,"turns":3},{"damage":51,"enemies":"Book of Stabbing","floor":23,"turns":6}],"seed_played":"5740111651928603997","potions_obtained":[{"floor":1,"key":"Strength Potion"},{"floor":11,"key":"Weak Potion"},{"floor":12,"key":"Strength Potion"}],"is_trial":false,"path_per_floor":["M","M","M","M","$","R","E","R","T","?","M","M","E","?","R","B",null,"M","$","?","M","T","E"],"character_chosen":"THE_BUGKNIGHT","items_purchased":["Medical Kit","HollowMod:DungDefenderAura","Bag of Marbles","HollowMod:HowlingWraiths","HollowMod:ChannelNail"],"campfire_rested":1,"item_purchase_floors":[5,5,19,19,19],"current_hp_per_floor":[75,75,75,75,75,75,68,68,68,68,65,63,49,44,66,14,75,70,70,70,50,50,0,0],"gold":90,"neow_bonus":"RANDOM_COMMON_RELIC","is_daily":false,"chose_seed":false,"campfire_upgraded":2,"win_rate":0.0,"timestamp":1613173404,"path_taken":["M","M","M","M","$","R","E","R","T","?","M","M","E","?","R","BOSS","M","$","?","M","?","E"],"items_purchased_type":["Relic","Card","Relic","Card","Card"],"build_version":"2020-12-22","purchased_purges":0,"victory":false,"max_hp_per_floor":[75,75,75,75,75,75,75,75,75,75,75,75,75,75,75,75,75,75,75,75,75,75,75,75],"relic_stats":{"counters":[13,61],"Mummified Hand":[3],"Juzu Bracelet":1,"War Paint":["HollowMod:QuickDashStart","HollowMod:QuickDashStart"],"Medical Kit":[11],"Cursed Key":1,"obtain_stats":[{"HollowMod:LifeEnderRelic":7,"Mummified Hand":22,"HollowMod:VesselMask":0,"Juzu Bracelet":0,"Bag of Marbles":19,"EVO:Axolotl":0,"Frozen Egg 2":9,"War Paint":13,"Odd Mushroom":14,"Medical Kit":5,"Cursed Key":17},{"HollowMod:LifeEnderRelic":5,"Mummified Hand":12,"HollowMod:VesselMask":0,"Juzu Bracelet":0,"Bag of Marbles":11,"EVO:Axolotl":0,"Frozen Egg 2":5,"War Paint":8,"Odd Mushroom":9,"Medical Kit":4,"Cursed Key":10},{"HollowMod:LifeEnderRelic":19,"Mummified Hand":55,"HollowMod:VesselMask":0,"Juzu Bracelet":0,"Bag of Marbles":52,"EVO:Axolotl":0,"Frozen Egg 2":19,"War Paint":31,"Odd Mushroom":34,"Medical Kit":13,"Cursed Key":48}]},"card_choices":[{"not_picked":["HollowMod:MothsMistake","HollowMod:HeavyBlow"],"picked":"HollowMod:CycloneSlash","floor":1},{"not_picked":["HollowMod:DashSlash","HollowMod:DreamGate"],"picked":"HollowMod:MantisMark","floor":2},{"not_picked":["HollowMod:ShadowDash","HollowMod:DreamGate"],"picked":"HollowMod:CycloneSlash","floor":3},{"not_picked":["HollowMod:Grubsong","HollowMod:VengefulVoid"],"picked":"HollowMod:DoubleDash","floor":4},{"not_picked":["TH:TreasureMap"],"picked":"TH:CopperCoins","floor":7},{"not_picked":["HollowMod:TaintedHusks","HollowMod:VengefulVoid"],"picked":"HollowMod:HuntersJournal","floor":7},{"not_picked":["TH:ElvenBoots"],"picked":"TH:BikiniMail","floor":9},{"not_picked":["HollowMod:CloakDash","HollowMod:LifebloodCocoon"],"picked":"HollowMod:CycloneSlash","floor":11},{"not_picked":["HollowMod:VengefulSpirit","HollowMod:SoulShaman"],"picked":"HollowMod:Grubsong+1","floor":12},{"not_picked":["TH:TreasureMap"],"picked":"TH:CopperCoins","floor":13},{"not_picked":["HollowMod:CornifersMapStart","HollowMod:SharpenedShadows+1"],"picked":"HollowMod:InfectedCysts","floor":13},{"not_picked":["HollowMod:NewLittleFool","HollowMod:SoulSplash"],"picked":"HollowMod:MonarchWings","floor":14},{"not_picked":["TH:EnergyPotion"],"picked":"TH:DeckOfManyThings","floor":16},{"not_picked":["HollowMod:HornetsHelp","HollowMod:AwokenDreamNail"],"picked":"HollowMod:ElderbugsWisdom+1","floor":16},{"not_picked":["HollowMod:NewLittleFool","HollowMod:HuntersJournal"],"picked":"HollowMod:DashSlash+1","floor":18},{"not_picked":["HollowMod:PureNailStrike","HollowMod:FallenFury"],"picked":"HollowMod:InfectionAssault+1","floor":21},{"not_picked":["TH:PixieDust"],"picked":"TH:CopperCoins","floor":22}],"player_experience":164574,"relics_obtained":[{"floor":7,"key":"HollowMod:LifeEnderRelic"},{"floor":9,"key":"Frozen Egg 2"},{"floor":13,"key":"War Paint"},{"floor":14,"key":"Odd Mushroom"},{"floor":22,"key":"Mummified Hand"}],"event_choices":[{"damage_healed":0,"gold_gain":0,"cards_transformed":["HollowMod:QuickDashStart"],"player_choice":"Transformed","damage_taken":0,"max_hp_gain":0,"max_hp_loss":0,"event_name":"Transmorgrifier","floor":10,"gold_loss":0,"cards_obtained":["HollowMod:HornetsHelp"]},{"damage_healed":0,"gold_gain":0,"player_choice":"Fought Mushrooms","damage_taken":0,"max_hp_gain":0,"max_hp_loss":0,"event_name":"Mushrooms","floor":14,"gold_loss":0}],"is_beta":false,"boss_relics":[{"not_picked":["Philosopher\u0027s Stone","Runic Pyramid"],"picked":"Cursed Key"}],"items_purged_floors":[],"is_endless":false,"potions_floor_spawned":[1,11,12],"killed_by":"Book of Stabbing","ascension_level":1}}