{"host":"7qjyzxi5zjrbio0h","time":1613143361,"event":{"mods":["AchievementEnabler","BaseMod","Downfall","Hermit","Minty Spire (QoL Compilation)","StSLib"],"gold_per_floor":[99,117,117,130,147,165,165,165,69,69,89,101,101,86,97,197,197,197,213,213,213,213,240,264,264,264,264],"floor_reached":25,"language":"ENG","playtime":1802,"items_purged":[],"score":236,"play_id":"977d5c7f-9f24-4851-bf51-bb5de9acbf00","local_time":"20210212102241","is_ascension_mode":false,"campfire_choices":[{"data":"hexamod:Sear","floor":1,"key":"SMITH"},{"floor":13,"key":"REST"},{"data":"hexamod:SearingWound","floor":18,"key":"SMITH"}],"circlet_count":0,"master_deck":["hexamod:Strike","hexamod:Strike","hexamod:Strike","hexamod:Strike","hexamod:Defend","hexamod:Defend","hexamod:Defend","hexamod:Defend","hexamod:Sear+1","hexamod:Float","hexamod:GhostShield","hexamod:BurningTouch","hexamod:BurningTouch","hexamod:HeatCrush","hexamod:RainOfEmbers","hexamod:EmpoweredFlame","hexamod:VolcanoVisage","hexamod:SearingWound+1","hexamod:BurningTouch","hexamod:BurningTouch"],"relics":["hexamod:SpiritBrand","Incense Burner","Gremlin Horn","Coffee Dripper","Mercury Hourglass","Pen Nib"],"acts_visited":["Exordium","TheCity"],"potions_floor_usage":[16,25],"damage_taken":[{"damage":1,"enemies":"Jaw Worm","floor":2,"turns":3},{"damage":0,"enemies":"Small Slimes","floor":4,"turns":3},{"damage":0,"enemies":"2 Louse","floor":5,"turns":3},{"damage":19,"enemies":"Large Slime","floor":6,"turns":7},{"damage":0,"enemies":"downfall:FleeingMerchant","floor":9,"turns":4},{"damage":0,"enemies":"Lots of Slimes","floor":11,"turns":4},{"damage":8,"enemies":"Red Slaver","floor":12,"turns":2},{"damage":5,"enemies":"downfall:FleeingMerchant","floor":14,"turns":4},{"damage":11,"enemies":"Exordium Thugs","floor":15,"turns":4},{"damage":22,"enemies":"WA_ARCHETYPE_RETAIN","floor":16,"turns":7},{"damage":17,"enemies":"3 Byrds","floor":19,"turns":4},{"damage":0,"enemies":"Chosen","floor":21,"turns":1},{"damage":22,"enemies":"Book of Stabbing","floor":23,"turns":6},{"damage":41,"enemies":"Slavers","floor":25,"turns":3}],"seed_played":"1012000877454969108","potions_obtained":[{"floor":4,"key":"SkillPotion"},{"floor":5,"key":"CultistPotion"},{"floor":11,"key":"EntropicBrew"},{"floor":23,"key":"Weak Potion"}],"is_trial":false,"path_per_floor":["R","M","?","M","M","M","T","?","$","?","M","M","R","$","M","B",null,"R","M","?","M","?","E","T","E"],"character_chosen":"THE_SPIRIT","items_purchased":["hexamod:RainOfEmbers"],"campfire_rested":1,"item_purchase_floors":[9],"current_hp_per_floor":[77,76,69,69,69,50,50,50,50,50,50,42,65,60,49,27,77,77,60,60,60,60,38,38,0,0,0],"gold":264,"neow_bonus":"TEN_PERCENT_HP_BONUS","is_daily":false,"chose_seed":false,"campfire_upgraded":2,"win_rate":0.0,"timestamp":1613143361,"path_taken":["R","M","?","M","M","M","T","?","?","?","M","M","R","?","M","BOSS","R","M","?","M","?","E","T","E"],"items_purchased_type":["Card"],"build_version":"2020-12-22","purchased_purges":0,"victory":false,"max_hp_per_floor":[77,77,77,77,77,77,77,77,77,77,77,77,77,77,77,77,77,77,77,77,77,77,77,77,77,77,77],"card_choices":[{"not_picked":["hexamod:Hexaguard","hexamod:EtherealExpedition"],"picked":"hexamod:GhostShield","floor":2},{"not_picked":["hexamod:CatchUp","hexamod:SpectralAdrenaline"],"picked":"hexamod:BurningTouch","floor":4},{"not_picked":["hexamod:SecondSeal","hexamod:SwordOfDarkness"],"picked":"hexamod:NightmareStrike","floor":5},{"not_picked":["hexamod:FastForward","hexamod:ExtraCrispy"],"picked":"hexamod:BurningTouch","floor":6},{"not_picked":["hexamod:CatchUp","hexamod:Firestarter"],"picked":"hexamod:HeatCrush","floor":9},{"not_picked":["hexamod:SwordOfDarkness","hexamod:FastForward","hexamod:SpectersWail"],"picked":"SKIP","floor":11},{"not_picked":["hexamod:SpectersWail","hexamod:NecessarySacrifice","hexamod:ChargedBarrage"],"picked":"SKIP","floor":12},{"not_picked":["hexamod:SecondSeal","hexamod:ThirdSeal"],"picked":"hexamod:EmpoweredFlame","floor":14},{"not_picked":["hexamod:ShieldOfDarkness","hexamod:SwordOfDarkness"],"picked":"hexamod:VolcanoVisage","floor":15},{"not_picked":["hexamod:SixthSeal","hexamod:TimeWarp"],"picked":"hexamod:SearingWound","floor":16},{"not_picked":["hexamod:Hexaguard","hexamod:BacktrackSmack","hexamod:ThermalTransfer"],"picked":"SKIP","floor":19},{"not_picked":["hexamod:InspiringFlames","hexamod:ForkedFlame"],"picked":"hexamod:BurningTouch","floor":21},{"not_picked":["hexamod:ShieldOfDarkness","hexamod:NightmareStrike","hexamod:SecondSeal"],"picked":"SKIP","floor":23}],"player_experience":51874,"relics_obtained":[{"floor":7,"key":"Gremlin Horn"},{"floor":23,"key":"Mercury Hourglass"},{"floor":24,"key":"Pen Nib"}],"event_choices":[{"damage_healed":0,"gold_gain":0,"player_choice":"Success","damage_taken":7,"relics_obtained":["Incense Burner"],"max_hp_gain":0,"max_hp_loss":0,"event_name":"Scrap Ooze","floor":3,"gold_loss":0},{"cards_removed":["hexamod:NightmareStrike"],"damage_healed":0,"gold_gain":0,"player_choice":"Card Removal","damage_taken":0,"max_hp_gain":0,"max_hp_loss":0,"event_name":"The Cleric","floor":8,"gold_loss":0},{"damage_healed":0,"gold_gain":0,"player_choice":"Read","damage_taken":0,"max_hp_gain":0,"max_hp_loss":0,"event_name":"The Library","floor":20,"gold_loss":0,"cards_obtained":["hexamod:BurningTouch"]}],"is_beta":false,"boss_relics":[{"not_picked":["hexamod:IceCube","Astrolabe"],"picked":"Coffee Dripper"}],"items_purged_floors":[],"is_endless":false,"potions_floor_spawned":[4,5,11,23],"killed_by":"Slavers","ascension_level":0}}