{"host":"rq7gz685gkaokql0","time":1613099989,"event":{"mods":["BaseMod","Hubris","Infinite Spire","Minty Spire (QoL Compilation)","Replay The Spire","StSLib"],"gold_per_floor":[118,118,138,118,135,162,162,173,252,252,285,300,334,347,347,421,521,532,532,549,197,197,63,63,74,74,74,109,109,109,122,122,122,122],"floor_reached":33,"language":"ENG","playtime":1665,"items_purged":["Regret"],"score":620,"play_id":"0e7e9bc2-4c94-47c6-97ff-e49d1df48233","local_time":"20210211171949","is_ascension_mode":true,"campfire_choices":[{"data":"Thunderclap","floor":7.0,"key":"SMITH"},{"data":"ReplayTheSpireMod:Limb From Limb","floor":10.0,"key":"SMITH"},{"floor":15.0,"key":"REST"},{"floor":29.0,"key":"REST"},{"floor":32.0,"key":"REST"}],"circlet_count":0,"master_deck":["AscendersBane","Strike_R+1","Strike_R","Strike_R","Strike_R","Strike_R","Defend_R+1","Defend_R","Defend_R","Defend_R","Bash","Intimidate","Fiend Fire","Hemokinesis","Thunderclap+1","ReplayTheSpireMod:Limb From Limb+1","Metallicize","Cleave","Sword Boomerang+1","Iron Wave+1","Replay:Many Hands","Uppercut+1","Wild Strike+1","Inflame","Armaments+1","hubris:ReadiedAction","Reckless Charge+1","ReplayTheSpireMod:Strike From Hell+1"],"relics":["Burning Blood","Lizard Tail","hubris:MysteriousPyramids","infinitespire:Joker Card","Molten Egg 2","Replay:Wanted Poster","hubris:Towel","StrikeDummy","Simple Rune","Chameleon Ring","Matryoshka"],"acts_visited":["Exordium","TheCity"],"potions_floor_usage":[33,33],"damage_taken":[{"damage":6.0,"enemies":"Cultist","floor":1.0,"turns":3.0},{"damage":4.0,"enemies":"Jaw Worm","floor":3.0,"turns":5.0},{"damage":1.0,"enemies":"2 Louse","floor":5.0,"turns":3.0},{"damage":30.0,"enemies":"Replay:BlueRogue","floor":6.0,"turns":5.0},{"damage":13.0,"enemies":"Looter","floor":8.0,"turns":2.0},{"damage":15.0,"enemies":"Lagavulin","floor":11.0,"turns":4.0},{"damage":14.0,"enemies":"Blue Slaver","floor":12.0,"turns":4.0},{"damage":2.0,"enemies":"Gremlin Nob","floor":13.0,"turns":2.0},{"damage":10.0,"enemies":"Exordium Wildlife","floor":14.0,"turns":2.0},{"damage":19.0,"enemies":"Hexaghost","floor":16.0,"turns":7.0},{"damage":8.0,"enemies":"Spheric Guardian","floor":18.0,"turns":3.0},{"damage":44.0,"enemies":"2 Thieves","floor":20.0,"turns":4.0},{"damage":15.0,"enemies":"Centurion and Healer","floor":25.0,"turns":4.0},{"damage":59.0,"enemies":"Replay:Snechameleon","floor":28.0,"turns":6.0},{"damage":32.0,"enemies":"Sentry and Sphere","floor":31.0,"turns":5.0},{"damage":50,"enemies":"Pondfish","floor":33,"turns":4}],"seed_played":"-5680054280962831318","potions_obtained":[{"floor":0.0,"key":"LifebloodPotion"},{"floor":0.0,"key":"Weak Potion"},{"floor":4.0,"key":"Fruit Juice"},{"floor":5.0,"key":"EssenceOfSteel"},{"floor":6.0,"key":"HeartOfIron"},{"floor":11.0,"key":"Swift Potion"},{"floor":12.0,"key":"LifebloodPotion"},{"floor":14.0,"key":"Weak Potion"},{"floor":20.0,"key":"Elixir"},{"floor":25.0,"key":"Death Potion"},{"floor":28.0,"key":"PowerPotion"},{"floor":31.0,"key":"LiquidBronze"}],"is_trial":false,"path_per_floor":["M","?","M","?","M","E","R","M","T","R","E","M","E","M","R","B",null,"M","?","M","$","?","$","?","M","T","$","E","R","$","M","R","B"],"character_chosen":"IRONCLAD","items_purchased":["StrikeDummy","Inflame","Armaments"],"campfire_rested":3,"item_purchase_floors":[21,21,23],"current_hp_per_floor":[68,68,70,70,80,56,56,49,49,49,40,32,36,32,56,43,71,69,69,31,31,31,31,31,22,22,22,30,54,54,28,52,2,2],"gold":122,"neow_bonus":"THREE_SMALL_POTIONS","is_daily":false,"chose_seed":false,"campfire_upgraded":2,"win_rate":0.0,"timestamp":1613099989,"path_taken":["M","?","M","?","M","E","R","M","T","R","E","M","E","?","R","BOSS","M","?","M","$","?","$","?","M","T","?","E","R","?","?","R","BOSS"],"items_purchased_type":["Relic","Card","Card"],"build_version":"2020-12-22","purchased_purges":1,"victory":false,"max_hp_per_floor":[75,75,75,75,80,80,80,80,80,80,80,80,80,80,80,80,80,80,80,80,80,80,80,80,80,80,80,80,80,80,80,80,80,80],"card_choices":[{"not_picked":["True Grit","ReplayTheSpireMod:Strike From Hell"],"picked":"Intimidate","floor":1.0},{"not_picked":["Heavy Blade","Headbutt"],"picked":"Fiend Fire","floor":3.0},{"not_picked":["Havoc","Pommel Strike"],"picked":"Hemokinesis","floor":5.0},{"not_picked":["hubris:ReadiedAction","ReplayTheSpireMod:Stacked"],"picked":"Thunderclap","floor":6.0},{"not_picked":["Perfected Strike","Rupture"],"picked":"ReplayTheSpireMod:Limb From Limb","floor":8.0},{"not_picked":["ReplayTheSpireMod:Strike From Hell","ReplayTheSpireMod:Corrosion Curse"],"picked":"Metallicize","floor":11.0},{"not_picked":["Thunderclap","Dark Embrace"],"picked":"Cleave","floor":12.0},{"not_picked":["Anger+1","Reckless Charge+1"],"picked":"Sword Boomerang+1","floor":13.0},{"not_picked":["Battle Trance","ReplayTheSpireMod:Limb From Limb+1"],"picked":"Iron Wave+1","floor":14.0},{"not_picked":["Juggernaut","Corruption"],"picked":"Replay:Many Hands","floor":16.0},{"not_picked":["Life Link","Rupture+1"],"picked":"Uppercut+1","floor":18.0},{"not_picked":["Clothesline+1","hubris:ReadiedAction"],"picked":"Wild Strike+1","floor":20.0},{"not_picked":["Clothesline+1","True Grit"],"picked":"hubris:ReadiedAction","floor":25.0},{"not_picked":["hubris:ReadiedAction","Bloodletting"],"picked":"Reckless Charge+1","floor":28.0},{"not_picked":["Clash+1","Fiend Fire+1"],"picked":"ReplayTheSpireMod:Strike From Hell+1","floor":31.0}],"player_experience":1278345,"relics_obtained":[{"floor":6.0,"key":"Lizard Tail"},{"floor":9.0,"key":"hubris:MysteriousPyramids"},{"floor":11.0,"key":"infinitespire:Joker Card"},{"floor":13.0,"key":"Molten Egg 2"},{"floor":26.0,"key":"Chameleon Ring"},{"floor":28.0,"key":"Matryoshka"}],"event_choices":[{"damage_healed":0.0,"max_hp_gain":0.0,"max_hp_loss":0.0,"gold_gain":0.0,"event_name":"Golden Wing","player_choice":"Ignored","floor":2.0,"gold_loss":0.0,"damage_taken":0.0},{"damage_healed":0.0,"max_hp_gain":0.0,"max_hp_loss":0.0,"gold_gain":0.0,"event_name":"The Woman in Blue","player_choice":"Bought 1 Potion","floor":4.0,"gold_loss":0.0,"damage_taken":0.0}],"is_beta":false,"boss_relics":[{"not_picked":["Runic Pyramid","Electric Blood"],"picked":"Replay:Wanted Poster"}],"items_purged_floors":[23],"is_endless":false,"potions_floor_spawned":[5,6,11,12,14,20,25,28,31],"killed_by":"Pondfish","ascension_level":20}}