{"host":"s24sb66hw4a4sfft","time":1613110833,"event":{"mods":["AchievementEnabler","BaseMod","Colored Map","Colored Powertips","Googly Eyes","Hermit","Hubris","Minty Spire (QoL Compilation)","Quick Restart","Shop Mod","StSLib"],"gold_per_floor":[114,289,52,62,62,96,96,113,113,113,141,160,160,160,172,288,300,326,338,350,362,374,417,429,365,365,427,427,148,163,197,197,377,377,393,403,403,403,403,403,403,403],"floor_reached":41,"language":"ENG","playtime":1666,"items_purged":["hermit:Strike_Hermit"],"score":608,"play_id":"3aa2b423-a420-4da7-bba6-b1a6456e18cd","local_time":"20210212012033","is_ascension_mode":false,"campfire_choices":[{"data":"hermit:Vantage","floor":7.0,"key":"SMITH"},{"floor":13.0,"key":"REST"},{"floor":15.0,"key":"REST"},{"floor":24.0,"key":"RECALL"},{"data":"hermit:CursedWeapon","floor":28,"key":"SMITH"},{"data":"hermit:DeadOrAlive","floor":32,"key":"SMITH"},{"data":"Madness","floor":40,"key":"SMITH"}],"circlet_count":0,"master_deck":["hermit:Strike_Hermit","hermit:Strike_Hermit","hermit:Strike_Hermit","hermit:Defend_Hermit","hermit:Defend_Hermit","hermit:Defend_Hermit+1","hermit:Defend_Hermit+1","hermit:Snapshot+1","hermit:Covet","hermit:Determination+1","Doubt","hermit:Shortfuse","hermit:Vantage+1","hermit:Glare+1","hermit:Shortfuse","hermit:Roughhouse","hermit:DeadOrAlive+1","CurseOfTheBell","hermit:Malice+1","hermit:CursedWeapon+1","hermit:Coalescence+1","hermit:Enervate+1","Madness","Madness+1"],"relics":["hermit:Momento","NeowsBlessing","Strange Spoon","MealTicket","Orichalcum","hubris:SphereOfDissonance","Membership Card","MawBank","Toy Ornithopter","hubris:TenFootPole","Calling Bell","Smiling Mask","hubris:MysteriousPyramids","Dead Branch","hubris:BottledHeart","hubris:Towel","MutagenicStrength","Boot","War Paint","hubris:PeanutButter","Mercury Hourglass","Akabeko","hubris:Reverence","Black Star","hubris:Icosahedron"],"acts_visited":["Exordium","TheCity","TheBeyond"],"potions_floor_usage":[27,30,33,35],"damage_taken":[{"damage":0.0,"enemies":"Small Slimes","floor":1.0,"turns":1.0},{"damage":0.0,"enemies":"Jaw Worm","floor":4.0,"turns":1.0},{"damage":0.0,"enemies":"Gremlin Nob","floor":6.0,"turns":1.0},{"damage":0.0,"enemies":"Cultist","floor":8.0,"turns":3.0},{"damage":13.0,"enemies":"Lagavulin","floor":11.0,"turns":5.0},{"damage":0.0,"enemies":"Looter","floor":12.0,"turns":3.0},{"damage":26.0,"enemies":"Hexaghost","floor":16.0,"turns":7.0},{"damage":15.0,"enemies":"Chosen","floor":18.0,"turns":5.0},{"damage":0.0,"enemies":"Slavers","floor":23.0,"turns":4.0},{"damage":0,"enemies":"Gremlin Leader","floor":27,"turns":6},{"damage":0,"enemies":"Shell Parasite","floor":30,"turns":2},{"damage":0,"enemies":"Snake Plant","floor":31,"turns":2},{"damage":0,"enemies":"Automaton","floor":33,"turns":8},{"damage":0,"enemies":"3 Shapes","floor":35,"turns":3},{"damage":0,"enemies":"3 Darklings","floor":36,"turns":4},{"damage":5,"enemies":"Nemesis","floor":41,"turns":3}],"seed_played":"-8173148764456429451","potions_obtained":[{"floor":4.0,"key":"Energy Potion"},{"floor":8.0,"key":"BlessingOfTheForge"},{"floor":12.0,"key":"SneckoOil"},{"floor":23.0,"key":"AttackPotion"},{"floor":31,"key":"Energy Potion"},{"floor":33,"key":"Explosive Potion"},{"floor":35,"key":"hermit:BlackBile"}],"is_trial":false,"path_per_floor":["M","?","$","M","?","E","R","M","T","T","E","M","R","$","R","B",null,"M","?","?","?","?","E","R","$","T","E","R","$","M","M","R","B",null,"M","M","?","?","?","R","E"],"character_chosen":"HERMIT","items_purchased":["Strange Spoon","hermit:Shortfuse","Membership Card","MawBank","Toy Ornithopter","hubris:TenFootPole","War Paint","Akabeko","hubris:Reverence","Explosive Potion"],"campfire_rested":2,"item_purchase_floors":[3,3,14,14,14,14,25,29,29,29],"current_hp_per_floor":[75,75,75,75,60,60,60,60,60,60,47,47,69,29,51,35,75,60,1,1,1,1,1,1,1,1,1,1,1,1,1,1,1,1,1,1,1,1,1,1,0,0],"gold":403,"neow_bonus":"THREE_ENEMY_KILL","is_daily":false,"chose_seed":false,"campfire_upgraded":4,"win_rate":0.0,"timestamp":1613110833,"path_taken":["M","?","$","M","?","E","R","M","T","?","E","M","R","?","R","BOSS","M","?","?","?","?","E","R","$","T","E","R","$","M","M","R","BOSS","M","M","?","?","?","R","E"],"items_purchased_type":["Relic","Card","Relic","Relic","Relic","Relic","Relic","Relic","Relic","Potion"],"build_version":"2020-12-22","purchased_purges":1,"victory":false,"max_hp_per_floor":[75,75,75,75,75,75,75,75,75,75,75,75,75,75,75,75,75,75,1,1,1,1,1,1,1,1,1,1,1,1,1,1,1,1,1,1,1,1,1,1,1,1],"card_choices":[{"not_picked":["hermit:Manifest","hermit:Misfire"],"picked":"hermit:Determination","floor":1.0},{"not_picked":["hermit:ItchyTrigger","hermit:Headshot"],"picked":"hermit:Vantage","floor":4.0},{"not_picked":["hermit:TakeCover","hermit:Deadeye"],"picked":"hermit:Glare","floor":6.0},{"not_picked":["hermit:Dive","hermit:Headshot"],"picked":"hermit:Shortfuse","floor":8.0},{"not_picked":["hermit:WideOpen","hermit:Roulette"],"picked":"hermit:Roughhouse","floor":11.0},{"not_picked":["hermit:TrackingShot","hermit:Desperado","hermit:ItchyTrigger"],"picked":"SKIP","floor":12.0},{"not_picked":["hermit:HeroicBravado","hermit:Roughhouse"],"picked":"hermit:DeadOrAlive","floor":16.0},{"not_picked":["hermit:Ricochet","hermit:Showdown"],"picked":"hermit:Malice+1","floor":18.0},{"not_picked":["hermit:Misfire","hermit:TrackingShot","hermit:Dive"],"picked":"SKIP","floor":23.0},{"not_picked":["hermit:Feint","hermit:Glare"],"picked":"hermit:CursedWeapon","floor":27},{"not_picked":["hermit:Headshot","hermit:BodyArmor","hermit:Showdown"],"picked":"SKIP","floor":30},{"not_picked":["hermit:CalledShot","hermit:WideOpen"],"picked":"hermit:Coalescence+1","floor":31},{"not_picked":["hermit:HoleUp+1","hermit:Headshot+1","hermit:Dive+1"],"picked":"SKIP","floor":35},{"not_picked":["hermit:NoHoldsBarred","hermit:BodyArmor"],"picked":"hermit:Enervate+1","floor":36}],"player_experience":619355,"relics_obtained":[{"floor":6.0,"key":"MealTicket"},{"floor":9.0,"key":"Orichalcum"},{"floor":11.0,"key":"hubris:SphereOfDissonance"},{"floor":17.0,"key":"Smiling Mask"},{"floor":17.0,"key":"hubris:MysteriousPyramids"},{"floor":17.0,"key":"Dead Branch"},{"floor":23.0,"key":"Boot"},{"floor":26.0,"key":"hubris:PeanutButter"},{"floor":27,"key":"Mercury Hourglass"}],"event_choices":[{"damage_healed":0.0,"max_hp_gain":0.0,"max_hp_loss":0.0,"gold_gain":175.0,"event_name":"Liars Game","player_choice":"AGREE","floor":2.0,"gold_loss":0.0,"damage_taken":0.0,"cards_obtained":["Doubt"]},{"damage_healed":0.0,"max_hp_gain":0.0,"max_hp_loss":0.0,"gold_gain":0.0,"event_name":"Shining Light","player_choice":"Entered Light","floor":5.0,"gold_loss":0.0,"damage_taken":15.0,"cards_upgraded":["hermit:Determination","hermit:Defend_Hermit"]},{"damage_healed":0.0,"max_hp_gain":0.0,"max_hp_loss":0.0,"gold_gain":0.0,"event_name":"Ghosts","player_choice":"Ignored","floor":20.0,"gold_loss":0.0,"damage_taken":0.0},{"damage_healed":0.0,"max_hp_gain":0.0,"max_hp_loss":0.0,"gold_gain":0.0,"event_name":"Drug Dealer","player_choice":"Inject Mutagens","floor":22.0,"gold_loss":0.0,"damage_taken":0.0,"relics_obtained":["MutagenicStrength"]},{"damage_healed":0,"gold_gain":0,"player_choice":"Embrace Madness","damage_taken":0,"max_hp_gain":0,"max_hp_loss":0,"event_name":"Winding Halls","floor":39,"gold_loss":0,"cards_obtained":["Madness","Madness"]}],"is_beta":false,"boss_relics":[{"not_picked":["Astrolabe","hubris:VirtuousBlindfold"],"picked":"Calling Bell"},{"not_picked":["hubris:BlackHole","Runic Dome"],"picked":"Black Star"}],"items_purged_floors":[29],"is_endless":false,"potions_floor_spawned":[4,8,12,23,31,33,35],"killed_by":"Nemesis","ascension_level":0}}