{"host":"3hzk4hwwdropes3d","time":1613111600,"event":{"mods":["BaseMod","Downfall","Hermit","Minty Spire (QoL Compilation)","StSLib"],"gold_per_floor":[99,99,99,399,179,179,179,194,212,312,331,346,246,263,274,274,274,274],"floor_reached":16,"language":"ENG","playtime":669,"items_purged":["downfall:Icky"],"score":106,"play_id":"5d889811-7b76-4040-ac0b-90623d87595d","local_time":"20210211223320","is_ascension_mode":true,"campfire_choices":[{"floor":1,"key":"RECALL"},{"data":"champ:Taunt","floor":13,"key":"SMITH"}],"circlet_count":0,"master_deck":["champ:Strike","champ:Strike","champ:Strike","champ:Strike","champ:Defend","champ:Defend","champ:Defend","champ:Defend","champ:Execute","champ:Taunt+1","champ:RisingSlash","champ:FocusedBerserking","downfall:Icky","champ:PreciseThrust","champ:Taunt","champ:BerserkersShout","champ:FanOfKnives","champ:FaceSlap","champ:PreciseThrust","champ:DeathBlow","champ:AdrenalArmor"],"relics":["champ:ChampionCrown","downfall:HeartsMalice","DollysMirror","bronze:DecasWashers","downfall:HeartBlessingRed"],"acts_visited":["Exordium"],"potions_floor_usage":[15,16,16],"damage_taken":[{"damage":0,"enemies":"Small Slimes","floor":2,"turns":1},{"damage":0,"enemies":"2 Louse","floor":3,"turns":1},{"damage":0,"enemies":"downfall:FleeingMerchant","floor":5,"turns":1},{"damage":10,"enemies":"Cultist","floor":8,"turns":3},{"damage":46,"enemies":"3 Louse","floor":9,"turns":4},{"damage":39,"enemies":"Red Slaver","floor":11,"turns":3},{"damage":26,"enemies":"Exordium Wildlife","floor":12,"turns":3},{"damage":20,"enemies":"3 Louse","floor":14,"turns":1},{"damage":56,"enemies":"Exordium Thugs","floor":15,"turns":3},{"damage":27,"enemies":"SI_SHIV_ARCHETYPE","floor":16,"turns":5}],"seed_played":"-5242406369634028794","potions_obtained":[{"floor":9,"key":"champ:CounterPotion"},{"floor":11,"key":"champ:TechniquePotion"},{"floor":12,"key":"BlessingOfTheForge"},{"floor":15,"key":"bronze:BurnAndBuffPotion"}],"is_trial":false,"path_per_floor":["R","M","M","?","$","?","T","M","M","?","M","M","R","M","M","B"],"character_chosen":"THE_CHAMP","items_purchased":["DollysMirror"],"campfire_rested":0,"item_purchase_floors":[5],"current_hp_per_floor":[90,90,90,90,90,90,90,90,74,74,60,54,54,54,28,1,1,1],"gold":274,"neow_bonus":"THREE_ENEMY_KILL","is_daily":false,"chose_seed":false,"campfire_upgraded":1,"win_rate":0.0,"timestamp":1613111600,"path_taken":["R","M","M","?","$","?","T","?","M","?","M","M","R","M","M","BOSS"],"items_purchased_type":["Relic"],"build_version":"2020-12-22","purchased_purges":1,"victory":false,"max_hp_per_floor":[90,90,90,90,90,90,90,90,90,90,90,90,90,90,90,90,90,90],"card_choices":[{"not_picked":["champ:PreciseThrust","champ:FocusedDefense"],"picked":"champ:RisingSlash","floor":2},{"not_picked":["champ:EndlessRage","champ:PreciseThrust"],"picked":"champ:FocusedBerserking","floor":3},{"not_picked":["champ:SwordSigil","champ:GutPunch"],"picked":"champ:PreciseThrust","floor":5},{"not_picked":["champ:CrownThrow","champ:HoldFirm"],"picked":"champ:BerserkersShout","floor":8},{"not_picked":["champ:ShieldSigil","champ:BerserkersShout"],"picked":"champ:FanOfKnives","floor":9},{"not_picked":["champ:Parry","champ:Backstep"],"picked":"champ:FaceSlap","floor":11},{"not_picked":["champ:UltimateStance","champ:BerserkersShout"],"picked":"champ:PreciseThrust","floor":12},{"not_picked":["champ:Parry","champ:FancyFootwork"],"picked":"champ:DeathBlow","floor":14},{"not_picked":["champ:DeathBlow","champ:FocusedBerserking"],"picked":"champ:AdrenalArmor","floor":15}],"player_experience":385983,"relics_obtained":[{"floor":7,"key":"bronze:DecasWashers"}],"event_choices":[],"is_beta":false,"boss_relics":[],"items_purged_floors":[5],"is_endless":false,"potions_floor_spawned":[9,11,12,15],"killed_by":"SI_SHIV_ARCHETYPE","ascension_level":3}}