{"host":"2n2g1vowfllvjtvi","time":1613131565,"event":{"mods":["AchievementEnabler","BaseMod","Custom Start","GifTheSpireLib","Keyboard Shortcuts","Minty Spire (QoL Compilation)","Permanent Neow","Quick Restart","StSLib","SuperFastMode"],"gold_per_floor":[13,60,60,76,76,105,125,125,125,3,19,19,34,51,51,147,147,161,161,161,178,78,78,110,125,152,152,152,152],"floor_reached":28,"language":"KOR","playtime":575,"items_purged":["Strike_P","Strike_P"],"score":360,"play_id":"d5d2c07d-df83-481b-b595-ff26f7df6474","local_time":"20210212210605","is_ascension_mode":true,"campfire_choices":[{"data":"Eruption","floor":12,"key":"SMITH"},{"data":"Vault","floor":15,"key":"SMITH"},{"data":"ConjureBlade","floor":23,"key":"SMITH"},{"data":"Prostrate","floor":27,"key":"SMITH"}],"circlet_count":0,"master_deck":["AscendersBane","Strike_P","Defend_P","Defend_P","Defend_P","Eruption+1","Vigilance","ConjureBlade+1","TalkToTheHand","Pray","Vault+1","Prostrate+1","DeusExMachina","Prostrate","Writhe"],"relics":["PureWater","Chemical X","Meat on the Bone","Matryoshka","Shuriken","Kunai","Cursed Key","Akabeko","MealTicket","Regal Pillow"],"acts_visited":["Exordium","TheCity"],"potions_floor_usage":[8,16,16,21,24,24],"damage_taken":[{"damage":0.0,"enemies":"Cultist","floor":1.0,"turns":3.0},{"damage":12.0,"enemies":"Small Slimes","floor":4.0,"turns":5.0},{"damage":42,"enemies":"Gremlin Nob","floor":6,"turns":5},{"damage":9,"enemies":"2 Louse","floor":7,"turns":5},{"damage":0,"enemies":"Exordium Thugs","floor":8,"turns":1},{"damage":3,"enemies":"Blue Slaver","floor":11,"turns":6},{"damage":17,"enemies":"2 Fungi Beasts","floor":13,"turns":4},{"damage":1,"enemies":"Exordium Wildlife","floor":14,"turns":4},{"damage":15,"enemies":"The Guardian","floor":16,"turns":8},{"damage":0,"enemies":"Spheric Guardian","floor":18,"turns":4},{"damage":0,"enemies":"3 Byrds","floor":21,"turns":7},{"damage":25,"enemies":"Book of Stabbing","floor":24,"turns":6},{"damage":12,"enemies":"Snake Plant","floor":25,"turns":2},{"damage":55,"enemies":"Masked Bandits","floor":28,"turns":4}],"seed_played":"-3585464380879756282","potions_obtained":[{"floor":6,"key":"BottledMiracle"},{"floor":7,"key":"SmokeBomb"},{"floor":13,"key":"Regen Potion"},{"floor":14,"key":"PowerPotion"},{"floor":16,"key":"Regen Potion"},{"floor":18,"key":"SteroidPotion"},{"floor":21,"key":"EssenceOfSteel"}],"is_trial":false,"path_per_floor":["M","$","?","M","?","E","M","M","T","$","M","R","M","M","R","B",null,"M","?","?","M","$","R","E","M","T","R","?"],"character_chosen":"WATCHER","items_purchased":["Chemical X","Prostrate"],"campfire_rested":0,"item_purchase_floors":[2,10],"current_hp_per_floor":[65,65,47,47,47,17,20,32,32,32,41,41,36,47,47,47,66,66,66,66,66,66,66,56,44,44,44,0,0],"gold":152,"neow_bonus":"TRANSFORM_TWO_CARDS","is_daily":false,"chose_seed":false,"campfire_upgraded":4,"win_rate":0.0,"timestamp":1613131565,"path_taken":["M","?","?","M","?","E","M","M","T","$","M","R","?","M","R","BOSS","M","?","?","M","?","R","E","M","T","R","?"],"items_purchased_type":["Relic","Card"],"build_version":"2020-12-22","purchased_purges":2,"victory":false,"max_hp_per_floor":[72,72,72,72,72,72,72,72,72,72,72,72,72,72,72,72,72,72,72,72,72,72,72,72,72,72,72,72,72],"card_choices":[{"not_picked":["ClearTheMind","Worship"],"picked":"Pray","floor":1.0},{"not_picked":["Halt","PathToVictory","CrushJoints"],"picked":"SKIP","floor":4.0},{"not_picked":["FlurryOfBlows","Tantrum"],"picked":"Vault","floor":6},{"not_picked":["Consecrate","WheelKick","ThirdEye"],"picked":"SKIP","floor":7},{"not_picked":["FlyingSleeves","ClearTheMind","Tantrum"],"picked":"SKIP","floor":11},{"not_picked":["Conclude","Vengeance","Evaluate"],"picked":"SKIP","floor":13},{"not_picked":["InnerPeace","Alpha","Evaluate"],"picked":"SKIP","floor":14},{"not_picked":["ConjureBlade","Alpha"],"picked":"DeusExMachina","floor":16},{"not_picked":["WindmillStrike+1","Vengeance","CrushJoints"],"picked":"SKIP","floor":18},{"not_picked":["BattleHymn","EmptyBody","Prostrate"],"picked":"SKIP","floor":21},{"not_picked":["EmptyFist","Judgement","FollowUp"],"picked":"SKIP","floor":24},{"not_picked":["CutThroughFate","FollowUp","JustLucky"],"picked":"SKIP","floor":25}],"player_experience":230180,"relics_obtained":[{"floor":6,"key":"Matryoshka"},{"floor":9,"key":"Shuriken"},{"floor":9,"key":"Kunai"},{"floor":24,"key":"Akabeko"},{"floor":26,"key":"MealTicket"},{"floor":26,"key":"Regal Pillow"}],"event_choices":[{"damage_healed":0.0,"max_hp_gain":0.0,"max_hp_loss":0.0,"gold_gain":0.0,"event_name":"Scrap Ooze","player_choice":"Success","floor":3.0,"gold_loss":0.0,"damage_taken":18.0,"relics_obtained":["Meat on the Bone"]},{"damage_healed":0.0,"max_hp_gain":0.0,"max_hp_loss":0.0,"gold_gain":0.0,"event_name":"The Woman in Blue","player_choice":"Bought 0 Potions","floor":5.0,"gold_loss":0.0,"damage_taken":0.0},{"damage_healed":0,"gold_gain":0,"player_choice":"Read","damage_taken":0,"max_hp_gain":0,"max_hp_loss":0,"event_name":"The Library","floor":19,"gold_loss":0,"cards_obtained":["Prostrate"]},{"damage_healed":0,"gold_gain":0,"player_choice":"Ignored","damage_taken":0,"max_hp_gain":0,"max_hp_loss":0,"event_name":"Ghosts","floor":20,"gold_loss":0},{"damage_healed":0,"gold_gain":0,"player_choice":"Fought Bandits","damage_taken":0,"max_hp_gain":0,"max_hp_loss":0,"event_name":"Masked Bandits","floor":28,"gold_loss":0}],"is_beta":false,"boss_relics":[{"not_picked":["Coffee Dripper","Velvet Choker"],"picked":"Cursed Key"}],"items_purged_floors":[10,22],"is_endless":false,"potions_floor_spawned":[6,7,13,14,16,18,21],"killed_by":"Masked Bandits","ascension_level":10}}