{"host":"7gd7wzntdunlhduv","time":1613166914,"event":{"mods":["Aspiration","BaseMod","BetterRewards","Colored Powertips","Conspire","DeckTracker","Halation","Hubris","Minty Spire (QoL Compilation)","Quick Restart","StSLib","SuperFastMode","Trackpad"],"gold_per_floor":[110,110,120,137,147,172,185,213,238,253,35,35,35,64,64,159,159,173,173,16,29,29,59,59,78,124,144,159,159,159],"floor_reached":29,"language":"ENG","playtime":7282,"items_purged":["Strike_R"],"score":267,"play_id":"7bba286f-1f75-4dee-90e5-64a2845ab096","local_time":"20210212215514","is_ascension_mode":false,"campfire_choices":[{"floor":13,"key":"REST"},{"floor":15,"key":"REST"},{"floor":24,"key":"REST"}],"circlet_count":0,"master_deck":["Strike_R","Strike_R","Strike_R","Defend_R","Defend_R","Defend_R","Defend_R","Bash","Shrug It Off","Flex","Anger","Ghostly Armor","Flame Barrier","Armaments","Dark Embrace","Seeing Red","Limit Break","Armaments+1","Flex+1","Feel No Pain","Immolate","True Grit","Feel No Pain"],"relics":["Burning Blood","NeowsBlessing","hubris:Towel","Anchor","trackpad:BottledShadow","Oddly Smooth Stone","trackpad:PocketGalaxy","Dream Catcher","hubris:GrandSneckoEye","HandDrill","trackpad:ToughGloves","hubris:BundleOfHerbs","Nunchaku"],"acts_visited":["Exordium","TheCity"],"potions_floor_usage":[8,23],"damage_taken":[{"damage":0,"enemies":"Small Slimes","floor":1,"turns":1},{"damage":0,"enemies":"Jaw Worm","floor":3,"turns":1},{"damage":0,"enemies":"Cultist","floor":4,"turns":1},{"damage":17,"enemies":"conspire:2 RoseBushes","floor":5,"turns":5},{"damage":34,"enemies":"Gremlin Nob","floor":6,"turns":5},{"damage":0,"enemies":"Looter","floor":7,"turns":2},{"damage":18,"enemies":"3 Sentries","floor":8,"turns":7},{"damage":18,"enemies":"Gremlin Gang","floor":10,"turns":7},{"damage":15,"enemies":"Gremlin Nob","floor":14,"turns":5},{"damage":30,"enemies":"Hexaghost","floor":16,"turns":7},{"damage":12,"enemies":"3 Byrds","floor":18,"turns":5},{"damage":14,"enemies":"Shell Parasite","floor":21,"turns":4},{"damage":30,"enemies":"conspire:SneckoGhost","floor":23,"turns":8},{"damage":23,"enemies":"Centurion and Healer","floor":25,"turns":6},{"damage":15,"enemies":"3 Cultists","floor":27,"turns":4},{"damage":29,"enemies":"Snecko","floor":28,"turns":6},{"damage":23,"enemies":"Slavers","floor":29,"turns":2}],"seed_played":"5963383193960185413","potions_obtained":[{"floor":5,"key":"ElixirPotion"},{"floor":6,"key":"AttackPotion"},{"floor":14,"key":"Ancient Potion"},{"floor":21,"key":"Swift Potion"},{"floor":23,"key":"SmokeBomb"}],"is_trial":false,"path_per_floor":["M","?","M","M","M","E","M","E","T","M","$","?","R","E","R","B",null,"M","?","$","M","T","E","R","M","T","M","M","E"],"character_chosen":"IRONCLAD","items_purchased":["trackpad:PocketGalaxy","HandDrill"],"campfire_rested":3,"item_purchase_floors":[11,20],"current_hp_per_floor":[80,80,80,80,69,41,47,35,35,23,23,16,40,31,55,31,80,74,74,74,66,66,42,66,49,49,40,17,0,0],"gold":159,"neow_bonus":"THREE_ENEMY_KILL","is_daily":false,"chose_seed":false,"campfire_upgraded":0,"win_rate":0.0,"timestamp":1613166914,"path_taken":["M","?","M","M","M","E","M","E","T","M","$","?","R","E","R","BOSS","M","?","$","M","?","E","R","M","T","M","M","E"],"items_purchased_type":["Relic","Relic"],"build_version":"2020-12-22","purchased_purges":1,"victory":false,"max_hp_per_floor":[80,80,80,80,80,80,80,80,80,80,80,80,80,80,80,80,80,80,80,80,80,80,80,80,80,80,80,80,80,80],"card_choices":[{"not_picked":["Wild Strike","hubris:ReadiedAction","Clothesline"],"picked":"SKIP","floor":1},{"not_picked":["hubris:ReadiedAction","Brutality"],"picked":"Shrug It Off","floor":3},{"not_picked":["Hemokinesis","Headbutt"],"picked":"Flex","floor":4},{"not_picked":["Thunderclap","Iron Wave","Warcry"],"picked":"SKIP","floor":5},{"not_picked":["Headbutt","Iron Wave"],"picked":"Anger","floor":6},{"not_picked":["True Grit","Sever Soul"],"picked":"Ghostly Armor","floor":7},{"not_picked":["Power Through","Whirlwind"],"picked":"Flame Barrier","floor":8},{"not_picked":["Clothesline","True Grit"],"picked":"Armaments","floor":10},{"not_picked":["Sentinel","Rupture"],"picked":"Dark Embrace","floor":14},{"not_picked":["hubris:ReadiedAction","Perfected Strike"],"picked":"Seeing Red","floor":15},{"not_picked":["Fiend Fire","Offering"],"picked":"Limit Break","floor":16},{"not_picked":["Warcry","Body Slam"],"picked":"Armaments+1","floor":18},{"not_picked":["Body Slam","Blood for Blood"],"picked":"Flex+1","floor":21},{"not_picked":["Cleave","Warcry","Heavy Blade"],"picked":"SKIP","floor":23},{"not_picked":["Berserk","Twin Strike+1"],"picked":"Feel No Pain","floor":24},{"not_picked":["Sword Boomerang","Twin Strike+1"],"picked":"Immolate","floor":25},{"not_picked":["Warcry","Clash"],"picked":"True Grit","floor":27},{"not_picked":["Rampage","Cleave"],"picked":"Feel No Pain","floor":28}],"player_experience":345871,"relics_obtained":[{"floor":6,"key":"Anchor"},{"floor":8,"key":"trackpad:BottledShadow"},{"floor":9,"key":"Oddly Smooth Stone"},{"floor":14,"key":"Dream Catcher"},{"floor":22,"key":"trackpad:ToughGloves"},{"floor":23,"key":"hubris:BundleOfHerbs"},{"floor":26,"key":"Nunchaku"}],"event_choices":[{"cards_removed":["Strike_R"],"damage_healed":0,"gold_gain":0,"player_choice":"Card Removal","damage_taken":7,"max_hp_gain":0,"max_hp_loss":0,"event_name":"Golden Wing","floor":12,"gold_loss":0},{"damage_healed":0,"gold_gain":0,"player_choice":"Ignored","damage_taken":0,"max_hp_gain":0,"max_hp_loss":0,"event_name":"Ghosts","floor":19,"gold_loss":0}],"is_beta":false,"boss_relics":[{"not_picked":["hubris:RunicObelisk","conspire:SlowCooker"],"picked":"hubris:GrandSneckoEye"}],"items_purged_floors":[11],"is_endless":false,"potions_floor_spawned":[5,6,14,21,23],"killed_by":"Slavers","ascension_level":0}}