{"host":"1y3caoxlf2txzqg0","time":1613102582,"event":{"mods":["Alarm Clock","BaseMod","Colored Map","DeckTracker","Downfall","GifTheSpireLib","Minty Spire (QoL Compilation)","Rare Cards Sparkle","Relic Stats","Spire Birthday Party","StSLib"],"gold_per_floor":[99,99,115,415,432,451,451,461,461,361,387,387,400,427,445,548,548,448,448,448,9,9,20,46,65,65,76,86,121,121,121,132,237,237,237,248,73,123,123,141,141,155,166,192,207,224,124,139,149,149,149,149],"floor_reached":50,"language":"DEU","playtime":9204,"items_purged":[],"score":658,"play_id":"1f531e3a-fd41-426f-9c8d-ba42054a119c","local_time":"20210212050302","is_ascension_mode":false,"campfire_choices":[{"floor":1.0,"key":"RECALL"},{"floor":10.0,"key":"REST"},{"floor":12.0,"key":"REST"},{"data":"Guardian:WalkerClaw","floor":18.0,"key":"SMITH"},{"floor":26.0,"key":"REST"},{"data":"Guardian:FloatingOrbs","floor":30.0,"key":"SMITH"},{"data":"expansioncontent:StudyTheSpire","floor":35.0,"key":"SMITH"},{"floor":47,"key":"REST"}],"circlet_count":0,"master_deck":["Guardian:Strike_Guardian+1","Guardian:Strike_Guardian","Guardian:Strike_Guardian+1","Guardian:Defend_Guardian","Guardian:Defend_Guardian","Guardian:Defend_Guardian","Guardian:Defend_Guardian","Guardian:CurlUp","Guardian:TwinSlam","Guardian:VentSteam","downfall:Icky","downfall:Icky","Guardian:ChargeCore","Guardian:Planning","Guardian:BronzeArmor","Guardian:WalkerClaw+1","Guardian:ShieldSpikes","Guardian:RollAttack","Guardian:StasisField","CurseOfTheBell","Guardian:BodySlam","expansioncontent:StudyTheSpire+1","Doubt","Clumsy","Guardian:PrismaticBeam","Guardian:Reroute+1","Guardian:CrystalBeam","Guardian:ConstructionForm","Guardian:FloatingOrbs+1","Guardian:WalkerClaw","Guardian:SphericShield","Guardian:TemporalShield","Guardian:Clone","expansioncontent:AwakenDeath","Guardian:PrimingBeam+1","Guardian:SpikerProtocol","Guardian:WalkerClaw+1","Decay","Injury","Guardian:PrismaticBarrier","Guardian:PrimingBeam","Guardian:GuardianWhirl+1","Guardian:VentSteam+1","Guardian:FloatingOrbs+1","Guardian:TimeBomb","Guardian:PrimingBeam+1","Guardian:Gem_Green"],"relics":["Guardian:ModeShifter","Ornamental Fan","downfall:ExtraCursedKey","downfall:HeartBlessingRed","Whetstone","Bag of Preparation","Calling Bell","Toy Ornithopter","Slimebound:PreparedRelic","Prayer Wheel","downfall:HeartBlessingGreen","Eternal Feather","Boot","Orichalcum","Busted Crown","Calipers","Slimebound:StickyStick","downfall:HeartBlessingBlue"],"acts_visited":["Exordium","TheCity","TheBeyond"],"potions_floor_usage":[45,45,46,50,50,50],"damage_taken":[{"damage":0.0,"enemies":"2 Louse","floor":3.0,"turns":3.0},{"damage":1.0,"enemies":"Jaw Worm","floor":5.0,"turns":4.0},{"damage":2.0,"enemies":"Small Slimes","floor":6.0,"turns":4.0},{"damage":7.0,"enemies":"3 Louse","floor":8.0,"turns":6.0},{"damage":26.0,"enemies":"3 Sentries","floor":11.0,"turns":11.0},{"damage":6.0,"enemies":"Large Slime","floor":13.0,"turns":6.0},{"damage":21.0,"enemies":"Gremlin Nob","floor":14.0,"turns":4.0},{"damage":3.0,"enemies":"Lots of Slimes","floor":15.0,"turns":3.0},{"damage":20.0,"enemies":"DF_ARCHETYPE_STREAMLINE","floor":16.0,"turns":12.0},{"damage":6.0,"enemies":"downfall:FleeingMerchant","floor":21.0,"turns":4.0},{"damage":0.0,"enemies":"Spheric Guardian","floor":23.0,"turns":4.0},{"damage":10.0,"enemies":"Chosen","floor":25.0,"turns":5.0},{"damage":0.0,"enemies":"Sentry and Sphere","floor":27.0,"turns":3.0},{"damage":0.0,"enemies":"Snecko","floor":28.0,"turns":3.0},{"damage":13.0,"enemies":"Slavers","floor":29.0,"turns":7.0},{"damage":0.0,"enemies":"Cultist and Chosen","floor":32.0,"turns":4.0},{"damage":65.0,"enemies":"IC_MUSHROOM_ARCHETYPE","floor":33.0,"turns":12.0},{"damage":28.0,"enemies":"3 Shapes","floor":36.0,"turns":4.0},{"damage":0.0,"enemies":"downfall:FleeingMerchant","floor":37.0,"turns":4.0},{"damage":0.0,"enemies":"downfall:FleeingMerchant","floor":38.0,"turns":7.0},{"damage":0,"enemies":"Orb Walker","floor":40,"turns":3},{"damage":10,"enemies":"Maw","floor":42,"turns":8},{"damage":9,"enemies":"Jaw Worm Horde","floor":43,"turns":4},{"damage":21,"enemies":"Giant Head","floor":44,"turns":9},{"damage":18,"enemies":"3 Darklings","floor":45,"turns":5},{"damage":0,"enemies":"Sphere and 2 Shapes","floor":46,"turns":6},{"damage":0,"enemies":"Spire Growth","floor":48,"turns":4},{"damage":1,"enemies":"3 Darklings","floor":49,"turns":6},{"damage":176,"enemies":"WA_ARCHETYPE_DIVINITY","floor":50,"turns":11}],"seed_played":"7217427959843651868","potions_obtained":[{"floor":3.0,"key":"SmokeBomb"},{"floor":6.0,"key":"BlessingOfTheForge"},{"floor":8.0,"key":"champ:CounterPotion"},{"floor":15.0,"key":"sneckomod:MuddlingPotion"},{"floor":16.0,"key":"EntropicBrew"},{"floor":25.0,"key":"PowerPotion"},{"floor":27.0,"key":"Energy Potion"},{"floor":32.0,"key":"ColorlessPotion"},{"floor":40,"key":"Explosive Potion"},{"floor":45,"key":"ColorlessPotion"},{"floor":46,"key":"Block Potion"},{"floor":48,"key":"Guardian:BlockOnCardUsePotion"},{"floor":49,"key":"SteroidPotion"}],"is_trial":false,"path_per_floor":["R","?","M","?","M","M","T","M","?","R","E","R","M","E","M","B",null,"R","?","?","$","?","M","T","M","R","M","M","E","R","?","M","B",null,"R","M","$","?","?","M","T","M","M","E","M","M","R","M","M","B"],"character_chosen":"GUARDIAN","items_purchased":["Eternal Feather","expansioncontent:StudyTheSpire","Guardian:Gem_White","expansioncontent:AwakenDeath"],"campfire_rested":4,"item_purchase_floors":[21,21,37,37],"current_hp_per_floor":[88,88,88,88,87,85,85,78,78,88,62,88,82,61,58,38,88,88,88,71,65,38,43,43,33,75,75,80,67,85,85,85,38,93,93,65,70,70,70,70,70,60,51,30,22,27,94,94,93,0,0,0],"gold":149,"neow_bonus":"TEN_PERCENT_HP_BONUS","is_daily":false,"chose_seed":false,"campfire_upgraded":3,"win_rate":0.0,"timestamp":1613102582,"path_taken":["R","?","M","?","M","M","T","M","?","R","E","R","M","E","M","BOSS","R","?","?","$","?","M","T","?","R","M","M","E","R","?","M","BOSS","R","M","$","?","?","M","T","M","M","E","M","M","R","M","M","BOSS"],"items_purchased_type":["Relic","Card","Card","Card"],"build_version":"2020-12-22","purchased_purges":0,"victory":false,"max_hp_per_floor":[88,88,88,88,88,88,88,88,88,88,88,88,88,88,88,88,88,88,88,93,93,93,93,93,93,93,93,93,93,93,93,93,93,93,93,93,93,93,93,93,93,93,93,93,93,93,103,103,103,103,103,103],"relic_stats":{"Busted Crown":38,"counters":[29,166],"Ornamental Fan":[172],"Prayer Wheel":13,"Eternal Feather":60,"Bag of Preparation":[44],"Whetstone":["Guardian:Strike_Guardian","Guardian:Strike_Guardian"],"Orichalcum":[66],"Boot":[85],"obtain_stats":[{"Calipers":38,"downfall:HeartBlessingRed":10,"Guardian:ModeShifter":0,"downfall:HeartBlessingGreen":18,"Eternal Feather":21,"Bag of Preparation":14,"Whetstone":11,"Orichalcum":29,"Boot":24,"Calling Bell":17,"Busted Crown":34,"Ornamental Fan":7,"Slimebound:StickyStick":44,"downfall:HeartBlessingBlue":47,"Prayer Wheel":17,"downfall:ExtraCursedKey":9,"Slimebound:PreparedRelic":17,"Toy Ornithopter":17},{"Calipers":20,"downfall:HeartBlessingRed":4,"Guardian:ModeShifter":0,"downfall:HeartBlessingGreen":9,"Eternal Feather":10,"Bag of Preparation":7,"Whetstone":5,"Orichalcum":15,"Boot":11,"Calling Bell":9,"Busted Crown":17,"Ornamental Fan":3,"Slimebound:StickyStick":24,"downfall:HeartBlessingBlue":26,"Prayer Wheel":9,"downfall:ExtraCursedKey":4,"Slimebound:PreparedRelic":9,"Toy Ornithopter":9},{"Calipers":110,"downfall:HeartBlessingRed":17,"Guardian:ModeShifter":0,"downfall:HeartBlessingGreen":53,"Eternal Feather":57,"Bag of Preparation":38,"Whetstone":28,"Orichalcum":79,"Boot":61,"Calling Bell":53,"Busted Crown":95,"Ornamental Fan":11,"Slimebound:StickyStick":134,"downfall:HeartBlessingBlue":145,"Prayer Wheel":53,"downfall:ExtraCursedKey":17,"Slimebound:PreparedRelic":53,"Toy Ornithopter":53}],"Toy Ornithopter":63},"card_choices":[{"not_picked":["Guardian:Gem_Green","Guardian:PolyBeam"],"picked":"Guardian:VentSteam","floor":3.0},{"not_picked":["Guardian:DonusPower","Guardian:VentSteam"],"picked":"Guardian:ChargeCore","floor":5.0},{"not_picked":["Guardian:VentSteam","Guardian:BronzeOrb"],"picked":"Guardian:Gem_Blue","floor":6.0},{"not_picked":["Guardian:ChargeCore","Guardian:Harden"],"picked":"Guardian:Planning","floor":8.0},{"not_picked":["Guardian:FastForward","Guardian:BronzeOrb"],"picked":"Guardian:BronzeArmor","floor":11.0},{"not_picked":["Guardian:TemporalStrike","Guardian:PolyBeam"],"picked":"Guardian:WalkerClaw","floor":13.0},{"not_picked":["Guardian:DonusPower","Guardian:WalkerClaw"],"picked":"Guardian:ShieldSpikes","floor":14.0},{"not_picked":["Guardian:TemporalStrike","Guardian:PrismaticBarrier"],"picked":"Guardian:RollAttack","floor":15.0},{"not_picked":["Guardian:AncientConstruct","Guardian:StasisStrike"],"picked":"Guardian:StasisField","floor":16.0},{"not_picked":["Guardian:Gem_Cyan","Guardian:DonusPower"],"picked":"Guardian:BodySlam","floor":21.0},{"not_picked":["Guardian:Incinerate","Guardian:Reroute"],"picked":"Guardian:Gem_Blue","floor":23.0},{"not_picked":["Guardian:Suspension","Guardian:TemporalStrike"],"picked":"Guardian:Gem_Red","floor":23.0},{"not_picked":["Guardian:Preprogram+1","Guardian:DonusPower"],"picked":"Guardian:PrismaticBeam","floor":25.0},{"not_picked":["Guardian:PrimingBeam","Guardian:Reroute"],"picked":"Guardian:Gem_Crimson","floor":25.0},{"not_picked":["Guardian:BronzeArmor","Guardian:Recover"],"picked":"Guardian:Reroute+1","floor":27.0},{"not_picked":["Guardian:Gem_Green","Guardian:Suspension+1"],"picked":"Guardian:CrystalBeam","floor":27.0},{"not_picked":["Guardian:ShieldCharger","Guardian:WalkerClaw"],"picked":"Guardian:ConstructionForm","floor":28.0},{"not_picked":["Guardian:ShieldCharger","Guardian:Recover"],"picked":"Guardian:FloatingOrbs","floor":28.0},{"not_picked":["Guardian:ChargeCore","Guardian:CrystalBeam"],"picked":"Guardian:Repulse","floor":29.0},{"not_picked":["Guardian:Incinerate","Guardian:Preprogram"],"picked":"Guardian:Gem_Lightblue","floor":32.0},{"not_picked":["Guardian:ChargeCore","Guardian:MultiBeam"],"picked":"Guardian:WalkerClaw","floor":32.0},{"not_picked":["Guardian:StasisField","Guardian:TimeSifter"],"picked":"Guardian:SphericShield","floor":33.0},{"not_picked":[],"picked":"Guardian:TemporalShield","floor":36.0},{"not_picked":["Guardian:Planning"],"picked":"SKIP","floor":36.0},{"not_picked":[],"picked":"Guardian:Clone","floor":37.0},{"not_picked":[],"picked":"Guardian:PrimingBeam+1","floor":38.0},{"not_picked":[],"picked":"Guardian:SpikerProtocol","floor":40},{"not_picked":[],"picked":"Guardian:WalkerClaw+1","floor":40},{"not_picked":[],"picked":"Guardian:PrismaticBarrier","floor":42},{"not_picked":[],"picked":"Guardian:PrimingBeam","floor":42},{"not_picked":[],"picked":"Guardian:Gem_Lightblue","floor":43},{"not_picked":[],"picked":"Guardian:Gem_Red","floor":43},{"not_picked":[],"picked":"Guardian:GuardianWhirl+1","floor":44},{"not_picked":[],"picked":"Guardian:VentSteam+1","floor":45},{"not_picked":["Guardian:RollAttack"],"picked":"SKIP","floor":45},{"not_picked":["Guardian:Reroute"],"picked":"SKIP","floor":46},{"not_picked":["Guardian:VentSteam"],"picked":"SKIP","floor":46},{"not_picked":[],"picked":"Guardian:FloatingOrbs+1","floor":48},{"not_picked":[],"picked":"Guardian:TimeBomb","floor":48},{"not_picked":[],"picked":"Guardian:PrimingBeam+1","floor":49},{"not_picked":[],"picked":"Guardian:Gem_Green","floor":49}],"player_experience":976560,"relics_obtained":[{"floor":7.0,"key":"Ornamental Fan"},{"floor":11.0,"key":"Whetstone"},{"floor":14.0,"key":"Bag of Preparation"},{"floor":17.0,"key":"Toy Ornithopter"},{"floor":17.0,"key":"Slimebound:PreparedRelic"},{"floor":17.0,"key":"Prayer Wheel"},{"floor":24.0,"key":"Boot"},{"floor":29.0,"key":"Orichalcum"},{"floor":38.0,"key":"Calipers"},{"floor":44,"key":"Slimebound:StickyStick"}],"event_choices":[{"cards_removed":["Guardian:Repulse"],"damage_healed":0.0,"max_hp_gain":0.0,"max_hp_loss":0.0,"gold_gain":0.0,"event_name":"Falling","player_choice":"Removed Power","floor":39.0,"gold_loss":0.0,"damage_taken":0.0}],"is_beta":false,"boss_relics":[{"not_picked":["SacredBark","Empty Cage"],"picked":"Calling Bell"},{"not_picked":["Snecko Eye","Velvet Choker"],"picked":"Busted Crown"}],"items_purged_floors":[],"is_endless":false,"potions_floor_spawned":[3,6,8,15,16,25,27,32,40,45,46,48,49],"killed_by":"WA_ARCHETYPE_DIVINITY","ascension_level":0}}