{"host":"6nqy62k7v1jh46lb","time":1613161020,"event":{"mods":["AchievementEnabler","BaseMod","Bestiary","Block Reminder","Colored Powertips","Highlight Path","Minty Spire (QoL Compilation)","Relic Stats"],"gold_per_floor":[111,111,129,147,157,157,157],"floor_reached":6,"language":"ENG","playtime":585,"items_purged":[],"score":40,"play_id":"e7db5fbd-fe2e-4776-95c4-6ede67b44ea9","local_time":"20210212211700","is_ascension_mode":true,"campfire_choices":[],"circlet_count":0,"master_deck":["Strike_B","Strike_B","Strike_B","Strike_B","Defend_B","Defend_B","Defend_B","Defend_B","Zap","Dualcast","Buffer","Stack","Pain","Go for the Eyes","Redo","Coolheaded"],"relics":["Cracked Core","WarpedTongs"],"acts_visited":["Exordium"],"potions_floor_usage":[],"damage_taken":[{"damage":8,"enemies":"2 Louse","floor":1,"turns":3},{"damage":11,"enemies":"Cultist","floor":3,"turns":4},{"damage":4,"enemies":"Small Slimes","floor":4,"turns":4},{"damage":6,"enemies":"Red Slaver","floor":5,"turns":3},{"damage":54,"enemies":"Gremlin Nob","floor":6,"turns":5}],"seed_played":"-5840084121236403249","potions_obtained":[{"floor":3,"key":"DuplicationPotion"}],"is_trial":false,"path_per_floor":["M","?","M","M","M","E"],"character_chosen":"DEFECT","items_purchased":[],"campfire_rested":0,"item_purchase_floors":[],"current_hp_per_floor":[67,67,56,52,46,0,0],"gold":157,"neow_bonus":"ONE_RANDOM_RARE_CARD","is_daily":false,"chose_seed":false,"campfire_upgraded":0,"win_rate":0.0,"timestamp":1613161020,"path_taken":["M","?","M","M","M","E"],"items_purchased_type":[],"build_version":"2020-12-22","purchased_purges":0,"victory":false,"max_hp_per_floor":[75,75,75,75,75,75,75],"relic_stats":{"counters":[5,19],"obtain_stats":[{"Cracked Core":0,"WarpedTongs":2},{"Cracked Core":0,"WarpedTongs":1},{"Cracked Core":0,"WarpedTongs":3}],"WarpedTongs":[16]},"card_choices":[{"not_picked":["Compile Driver","Turbo"],"picked":"Stack","floor":1},{"not_picked":["Leap","Sweeping Beam"],"picked":"Go for the Eyes","floor":3},{"not_picked":["Rebound","Aggregate"],"picked":"Redo","floor":4},{"not_picked":["Rebound","Gash"],"picked":"Coolheaded","floor":5}],"player_experience":198947,"relics_obtained":[],"event_choices":[{"damage_healed":0,"gold_gain":0,"player_choice":"Rummage","damage_taken":0,"relics_obtained":["WarpedTongs"],"max_hp_gain":0,"max_hp_loss":0,"event_name":"Accursed Blacksmith","floor":2,"gold_loss":0,"cards_obtained":["Pain"]}],"is_beta":false,"boss_relics":[],"items_purged_floors":[],"is_endless":false,"potions_floor_spawned":[3],"killed_by":"Gremlin Nob","ascension_level":1}}