{"host":"ziko4uwynam20dv9","time":1613127550,"event":{"mods":["Aspiration","BaseMod","BetterRewards","Downfall","Hubris","Infinite Spire","Minty Spire (QoL Compilation)","Remilia??????","Replay The Spire","Shop Mod","StSLib","The Animator","The Jungle"],"gold_per_floor":[99,110,121,135,154,154,154,182,82,98,98,125,225,238,253,253,253,253],"floor_reached":16,"language":"FRA","playtime":827,"items_purged":[],"score":120,"play_id":"15d72ab2-0fa5-4fbb-a74b-bb464a920418","local_time":"20210212115910","is_ascension_mode":true,"campfire_choices":[{"floor":1,"key":"RECALL"},{"data":"sneckomod:TailWhip","floor":9,"key":"SMITH"},{"data":"sneckomod:SnekBite","floor":11,"key":"SMITH"}],"circlet_count":0,"master_deck":["sneckomod:Strike","sneckomod:Strike","sneckomod:Strike","sneckomod:Defend","sneckomod:Defend","sneckomod:Defend","sneckomod:TailWhip+1","sneckomod:SnekBite+1","sneckomod:Unknown","sneckomod:Unknown","sneckomod:Nope","sneckomod:IronFang","sneckomod:TrashToTreasure","Malaise+1","sneckomod:Unknown0Cost","sneckomod:ImprovisedAttack","sneckomod:Transmogrify","sneckomod:WideSting"],"relics":["aspiration:FutureDiary","hubris:SlimyHat","downfall:HeartBlessingRed","Quantum Egg","Shuriken"],"acts_visited":["Exordium"],"potions_floor_usage":[5,8,10],"damage_taken":[{"damage":0,"enemies":"2 Louse","floor":2,"turns":2},{"damage":8,"enemies":"Small Slimes","floor":3,"turns":6},{"damage":3,"enemies":"Jaw Worm","floor":4,"turns":3},{"damage":2,"enemies":"Large Slime","floor":5,"turns":6},{"damage":4,"enemies":"Replay:BlueRogue","floor":8,"turns":9},{"damage":6,"enemies":"Gremlin Gang","floor":10,"turns":6},{"damage":28,"enemies":"3 Sentries","floor":12,"turns":8},{"damage":6,"enemies":"2 Fungi Beasts","floor":14,"turns":4},{"damage":16,"enemies":"Exordium Thugs","floor":15,"turns":5},{"damage":19,"enemies":"IC_STATUS_ARCHETYPE","floor":16,"turns":2}],"seed_played":"5882119023702030655","potions_obtained":[{"floor":2,"key":"Adrenaline Potion"},{"floor":3,"key":"DistilledChaos"},{"floor":4,"key":"Block Potion"},{"floor":10,"key":"Ancient Potion"}],"is_trial":false,"path_per_floor":["R","M","M","M","M","?","T","E","R","M","R","E","?","M","M","B"],"character_chosen":"THE_SNECKO","items_purchased":[],"campfire_rested":0,"item_purchase_floors":[],"current_hp_per_floor":[90,90,82,79,77,77,77,73,73,67,67,39,39,33,17,0,0,0],"gold":253,"neow_bonus":"BOSS_RELIC","is_daily":false,"chose_seed":false,"campfire_upgraded":2,"win_rate":0.0,"timestamp":1613127550,"path_taken":["R","M","M","M","M","?","T","E","R","M","R","E","?","M","M","BOSS"],"items_purchased_type":[],"build_version":"2020-12-22","purchased_purges":0,"victory":false,"max_hp_per_floor":[90,90,90,90,90,90,90,90,90,90,90,90,90,90,90,90,90,90],"card_choices":[{"not_picked":["sneckomod:UnknownBlock","sneckomod:MasterEye"],"picked":"sneckomod:UnknownStrength","floor":2},{"not_picked":["sneckomod:UnknownClassPURPLE","sneckomod:UnknownClassBLUE"],"picked":"sneckomod:Nope","floor":3},{"not_picked":["sneckomod:UnknownClassGREEN","sneckomod:UnknownClassREMILIA_COLOR"],"picked":"sneckomod:IronFang","floor":4},{"not_picked":["sneckomod:SerpentIdol","sneckomod:DiceBlock"],"picked":"sneckomod:Memorize","floor":5},{"not_picked":["sneckomod:UnknownClassGREEN","sneckomod:Nope"],"picked":"sneckomod:TrashToTreasure","floor":8},{"not_picked":["sneckomod:QuickBite","sneckomod:SoulCleanse"],"picked":"sneckomod:Unknown0Cost","floor":10},{"not_picked":["sneckomod:SoulCleanse","sneckomod:UnknownBlock"],"picked":"sneckomod:ImprovisedAttack","floor":12},{"not_picked":["sneckomod:UnknownClassINFINITE_BLACK","sneckomod:UnknownClassTHE_UNNAMED"],"picked":"sneckomod:Transmogrify","floor":14},{"not_picked":["sneckomod:DiceBlock","sneckomod:IronFang"],"picked":"sneckomod:WideSting","floor":15}],"player_experience":998825,"relics_obtained":[{"floor":7,"key":"Mirror"},{"floor":8,"key":"hubris:SlimyHat"},{"floor":12,"key":"Quantum Egg"},{"floor":15,"key":"Shuriken"}],"event_choices":[],"is_beta":false,"boss_relics":[],"items_purged_floors":[],"is_endless":false,"potions_floor_spawned":[2,3,4,10],"killed_by":"IC_STATUS_ARCHETYPE","ascension_level":1}}