{"host":"bpnwh7vpv9k3tssc","time":1613138112,"event":{"mods":["BaseMod","Colored Map","Colored Powertips","Curses Come First","Highlight Path","Minty Spire (QoL Compilation)","Quick Restart","Random Character Button","Relic Sorter","StSLib"],"gold_per_floor":[117,48,48,64,64,90,90,123,173,138,165,180,213,31,31,136,136,149,149,160,178,0,0,0,0,0,14,14,34,34,34,34,34,34],"floor_reached":33,"language":"ENG","playtime":1070,"items_purged":[],"score":429,"play_id":"abefcd74-5118-4460-b0fa-32d5c13fe037","local_time":"20210212145512","is_ascension_mode":true,"campfire_choices":[{"floor":7,"key":"REST"},{"floor":15,"key":"REST"},{"floor":23,"key":"REST"},{"data":"Rainbow","floor":25,"key":"SMITH"},{"floor":28,"key":"REST"},{"floor":32,"key":"REST"}],"circlet_count":0,"master_deck":["Strike_B","Strike_B","Strike_B","Strike_B","Defend_B","Defend_B","Defend_B","Defend_B","Zap","Dualcast","Coolheaded","Static Discharge","Steam","Stack","Rainbow+1","Go for the Eyes","Ball Lightning","Steam+1","Tempest+1","DevaForm","Dramatic Entrance+1","Footwork","Seeing Red+1","Redo+1","Necronomicurse"],"relics":["Runic Pyramid","Toxic Egg 2","PrismaticShard","Lantern","Orichalcum","Pen Nib","Strawberry","Happy Flower","Sozu","Necronomicon"],"acts_visited":["Exordium","TheCity"],"potions_floor_usage":[11,33],"damage_taken":[{"damage":1,"enemies":"Cultist","floor":1,"turns":3},{"damage":12,"enemies":"Jaw Worm","floor":4,"turns":3},{"damage":36,"enemies":"3 Sentries","floor":6,"turns":8},{"damage":30,"enemies":"Gremlin Nob","floor":8,"turns":5},{"damage":17,"enemies":"3 Sentries","floor":11,"turns":7},{"damage":2,"enemies":"2 Louse","floor":12,"turns":3},{"damage":0,"enemies":"Lagavulin","floor":13,"turns":6},{"damage":26,"enemies":"Hexaghost","floor":16,"turns":11},{"damage":23,"enemies":"2 Thieves","floor":18,"turns":4},{"damage":8,"enemies":"Shell Parasite","floor":20,"turns":3},{"damage":5,"enemies":"Chosen and Byrds","floor":21,"turns":3},{"damage":38,"enemies":"Shelled Parasite and Fungi","floor":27,"turns":5},{"damage":13,"enemies":"Centurion and Healer","floor":29,"turns":6},{"damage":40,"enemies":"Champ","floor":33,"turns":12}],"seed_played":"-2485878916591792846","potions_obtained":[{"floor":4,"key":"LiquidMemories"},{"floor":8,"key":"Strength Potion"},{"floor":16,"key":"Swift Potion"}],"is_trial":false,"path_per_floor":["M","$","?","M","$","E","R","E","T","?","E","M","E","$","R","B",null,"M","?","M","M","?","R","?","R","T","M","R","M","$","?","R","B"],"character_chosen":"DEFECT","items_purchased":["Static Discharge","Tempest+1","PrismaticShard"],"campfire_rested":5,"item_purchase_floors":[2,14,14],"current_hp_per_floor":[67,67,64,52,52,16,38,8,15,35,18,16,16,16,40,14,65,42,34,26,21,21,45,50,50,50,12,36,23,23,7,31,0,0],"gold":34,"neow_bonus":"BOSS_RELIC","is_daily":false,"chose_seed":false,"campfire_upgraded":1,"win_rate":0.0,"timestamp":1613138112,"path_taken":["M","?","?","M","$","E","R","E","T","?","E","M","E","$","R","BOSS","M","?","?","M","?","R","?","R","T","?","R","M","$","?","R","BOSS"],"items_purchased_type":["Card","Card","Relic"],"build_version":"2020-12-22","purchased_purges":0,"victory":false,"max_hp_per_floor":[75,75,75,75,75,75,75,75,82,82,82,82,82,82,82,82,82,82,82,82,82,82,82,82,82,82,82,82,82,82,82,82,82,82],"card_choices":[{"not_picked":["Cold Snap","Redo"],"picked":"Coolheaded","floor":1},{"not_picked":["Fusion","Redo"],"picked":"Steam","floor":4},{"not_picked":["Cold Snap","Hologram"],"picked":"Stack","floor":6},{"not_picked":["Hologram","Chill"],"picked":"Rainbow","floor":8},{"not_picked":["Cold Snap","Rebound"],"picked":"Go for the Eyes","floor":11},{"not_picked":["Go for the Eyes","Reprogram"],"picked":"Ball Lightning","floor":12},{"not_picked":["Gash","Beam Cell"],"picked":"Steam+1","floor":13},{"not_picked":["All For One","Violence+1"],"picked":"DevaForm","floor":16},{"not_picked":["Dodge and Roll+1","Blade Dance+1"],"picked":"Dramatic Entrance+1","floor":18},{"not_picked":["Compile Driver","Leap+1"],"picked":"Heavy Blade","floor":20},{"not_picked":["Twin Strike","Stack+1"],"picked":"Footwork","floor":21},{"not_picked":["EmptyBody+1","SashWhip+1"],"picked":"Seeing Red+1","floor":27},{"not_picked":["PanicButton+1","Collect+1"],"picked":"Redo+1","floor":29}],"player_experience":377936,"relics_obtained":[{"floor":6,"key":"Orichalcum"},{"floor":8,"key":"Pen Nib"},{"floor":9,"key":"Strawberry"},{"floor":11,"key":"Happy Flower"},{"floor":13,"key":"Toxic Egg 2"},{"floor":31,"key":"Necronomicon"}],"event_choices":[{"damage_healed":0,"gold_gain":0,"player_choice":"Success","damage_taken":3,"relics_obtained":["Lantern"],"max_hp_gain":0,"max_hp_loss":0,"event_name":"Scrap Ooze","floor":3,"gold_loss":0},{"damage_healed":20,"gold_gain":0,"player_choice":"Healed","damage_taken":0,"max_hp_gain":0,"max_hp_loss":0,"event_name":"The Cleric","floor":10,"gold_loss":35},{"damage_healed":0,"gold_gain":0,"player_choice":"Damaged","damage_taken":8,"max_hp_gain":0,"max_hp_loss":0,"event_name":"Wheel of Change","floor":19,"gold_loss":0},{"damage_healed":0,"gold_gain":0,"player_choice":"Paid Fearfully","damage_taken":0,"max_hp_gain":0,"max_hp_loss":0,"event_name":"Masked Bandits","floor":22,"gold_loss":178},{"cards_removed":["Heavy Blade"],"damage_healed":5,"gold_gain":0,"player_choice":"Offered Common","damage_taken":0,"max_hp_gain":0,"max_hp_loss":0,"event_name":"Bonfire Elementals","floor":24,"gold_loss":0},{"cards_removed":["Heavy Blade"],"damage_healed":5,"gold_gain":0,"player_choice":"Offered Special","damage_taken":0,"max_hp_gain":0,"max_hp_loss":0,"event_name":"Bonfire Elementals","floor":24,"gold_loss":0},{"damage_healed":0,"gold_gain":0,"player_choice":"Obtained Book","damage_taken":16,"max_hp_gain":0,"max_hp_loss":0,"event_name":"Cursed Tome","floor":31,"gold_loss":0}],"is_beta":false,"boss_relics":[{"not_picked":["SlaversCollar","Black Star"],"picked":"Sozu"}],"items_purged_floors":[],"is_endless":false,"potions_floor_spawned":[4,8,16,21,29],"killed_by":"Champ","ascension_level":9}}