{"host":"5ob2rl967gmq8n3v","time":1613130872,"event":{"mods":["BaseMod","Downfall","Minty Spire (QoL Compilation)","StSLib"],"gold_per_floor":[99,109,49,65,50,87,110,138,138,38,60,244,144,184,204,317,317,217,242,259,284,284,293,293,317,338,338,375,502,538,547,572,677,677,677,697,39,39,59,69,69,69,112,155,305,305,327,367,396,396,396,434,16,16,16,16],"floor_reached":57,"language":"ENG","playtime":3688,"items_purged":["Slimebound:Strike_Slimebound","Slimebound:Tackle","Doubt"],"score":1387,"play_id":"4e0d5bc2-9634-4b89-ac2d-6c7014bdbaab","local_time":"20210212215432","is_ascension_mode":false,"campfire_choices":[{"floor":1,"key":"RECALL"},{"data":"Slimebound:Nibble","floor":10,"key":"SMITH"},{"data":"Slimebound:Nibble","floor":13,"key":"SMITH"},{"data":"Slimebound:GoopSpray","floor":18,"key":"SMITH"},{"floor":27,"key":"REST"},{"data":"Slimebound:MassFeed","floor":35,"key":"SMITH"},{"data":"Slimebound:LeadByExample","floor":46,"key":"SMITH"},{"data":"Slimebound:Prepare","floor":54,"key":"SMITH"}],"circlet_count":0,"master_deck":["Slimebound:Defend_Slimebound","Slimebound:Defend_Slimebound","Slimebound:Defend_Slimebound","Slimebound:Defend_Slimebound","Slimebound:Split+1","Slimebound:CorrosiveSpit","Slimebound:GoopSpray+1","Slimebound:PressTheAttack+1","Slimebound:Schlurp","Slimebound:FlameTackle","Slimebound:TagTeam+1","Slimebound:Nibble+1","Slimebound:Nibble+1","Slimebound:Prepare+1","Slimebound:TongueLash","Slimebound:OozeBath","Slimebound:Gluttony+1","Slimebound:SlimeSpikes+1","Writhe","Slimebound:Prepare+1","Slimebound:RollThrough+1","Slimebound:OneTwoCombo+1","Slimebound:DouseInSlime","Slimebound:GoopSpray","Slimebound:PressTheAttack","Slimebound:PressTheAttack+1","Necronomicurse","Slimebound:LivingWall+1","Slimebound:MassFeed+1","Slimebound:SplitMire","Slimebound:AcidTongue","Slimebound:TagTeam+1","Slimebound:Darklings","Slimebound:LeadByExample+1","Slimebound:DouseInSlime","Slimebound:Prepare","Slimebound:SplitSpecialist+1","Slimebound:GrowthPunch+1","Slimebound:Darklings","Slimebound:TagTeam+1"],"relics":["Slimebound:AbsorbEndCombat","CeramicFish","downfall:HeartBlessingBlue","downfall:HeartBlessingRed","InkBottle","Snecko Eye","downfall:HeartBlessingGreen","Toy Ornithopter","Slimebound:MaxSlimesRelic","Potion Belt","MutagenicStrength","Necronomicon","Slimebound:TarBlob","Du-Vu Doll","Whetstone","Question Card","Guardian:PocketSentry","Bronze Scales","Gremlin Horn","Happy Flower","DollysMirror","Anchor"],"acts_visited":["Exordium","TheCity","TheBeyond","TheEnding"],"potions_floor_usage":[28,56,56,56],"damage_taken":[{"damage":8,"enemies":"2 Louse","floor":2,"turns":4},{"damage":0,"enemies":"downfall:FleeingMerchant","floor":3,"turns":4},{"damage":0,"enemies":"Cultist","floor":4,"turns":3},{"damage":3,"enemies":"downfall:FleeingMerchant","floor":5,"turns":4},{"damage":27,"enemies":"3 Sentries","floor":6,"turns":7},{"damage":15,"enemies":"Small Slimes","floor":8,"turns":3},{"damage":2,"enemies":"2 Fungi Beasts","floor":11,"turns":2},{"damage":11,"enemies":"Gremlin Nob","floor":14,"turns":3},{"damage":15,"enemies":"Blue Slaver","floor":15,"turns":3},{"damage":2,"enemies":"SI_SHIV_ARCHETYPE","floor":16,"turns":5},{"damage":1,"enemies":"Spheric Guardian","floor":19,"turns":4},{"damage":12,"enemies":"Centurion and Healer","floor":20,"turns":5},{"damage":13,"enemies":"Shelled Parasite and Fungi","floor":21,"turns":4},{"damage":38,"enemies":"Cultist and Chosen","floor":25,"turns":8},{"damage":5,"enemies":"Chosen and Byrds","floor":26,"turns":4},{"damage":24,"enemies":"Slavers","floor":28,"turns":5},{"damage":5,"enemies":"downfall:Augmenter","floor":29,"turns":4},{"damage":0,"enemies":"Gremlin Leader","floor":30,"turns":4},{"damage":8,"enemies":"Snake Plant","floor":32,"turns":3},{"damage":0,"enemies":"IC_MUSHROOM_ARCHETYPE","floor":33,"turns":4},{"damage":8,"enemies":"3 Shapes","floor":36,"turns":2},{"damage":0,"enemies":"downfall:FleeingMerchant","floor":37,"turns":4},{"damage":0,"enemies":"3 Darklings","floor":39,"turns":2},{"damage":0,"enemies":"Transient","floor":40,"turns":5},{"damage":0,"enemies":"downfall:FleeingMerchant","floor":43,"turns":3},{"damage":0,"enemies":"Reptomancer","floor":44,"turns":3},{"damage":12,"enemies":"Spire Growth","floor":47,"turns":3},{"damage":10,"enemies":"Giant Head","floor":48,"turns":6},{"damage":14,"enemies":"Sphere and 2 Shapes","floor":49,"turns":5},{"damage":9,"enemies":"WA_ARCHETYPE_DIVINITY","floor":50,"turns":6},{"damage":5,"enemies":"downfall:CharBossMerchant","floor":52,"turns":5},{"damage":6,"enemies":"downfall:NeowBoss","floor":55,"turns":7},{"damage":48,"enemies":"downfall:NeowBossFinal","floor":56,"turns":7}],"seed_played":"3537915763052478519","potions_obtained":[{"floor":2,"key":"Slimebound:SlimedPotion"},{"floor":8,"key":"PowerPotion"},{"floor":11,"key":"Dexterity Potion"},{"floor":19,"key":"Slimebound:SpawnSlimePotion"},{"floor":25,"key":"DuplicationPotion"},{"floor":30,"key":"LiquidBronze"},{"floor":33,"key":"bronze:BurnAndBuffPotion"},{"floor":36,"key":"champ:CounterPotion"},{"floor":39,"key":"DistilledChaos"},{"floor":49,"key":"Guardian:BlockOnCardUsePotion"}],"is_trial":false,"path_per_floor":["R","M","$","M","$","E","T","M","?","R","M","?","R","E","M","B",null,"R","M","M","M","?","?","T","M","M","R","E","?","E","?","M","B",null,"R","M","$","?","M","M","T","?","$","E","?","R","M","E","M","B",null,"E","$","R","B","B",null],"character_chosen":"SLIMEBOUND","items_purchased":["Slimebound:Schlurp","Du-Vu Doll","Slimebound:TagTeam","Whetstone","Slimebound:LeadByExample","Guardian:PocketSentry","DollysMirror","Anchor"],"campfire_rested":1,"item_purchase_floors":[3,37,37,37,43,43,53,53],"current_hp_per_floor":[71,65,71,71,71,52,52,41,41,51,53,53,53,48,33,39,81,81,80,73,68,68,68,68,36,39,63,52,55,63,47,41,49,81,81,91,93,93,97,97,97,97,101,101,101,101,91,93,91,90,109,111,111,111,107,79],"gold":16,"neow_bonus":"TEN_PERCENT_HP_BONUS","is_daily":false,"chose_seed":false,"campfire_upgraded":6,"win_rate":0.0,"timestamp":1613130872,"path_taken":["R","M","$","M","$","E","T","M","?","R","?","?","R","E","M","BOSS","R","M","M","M","?","?","T","?","M","R","E","?","E","?","M","BOSS","R","M","$","?","?","M","T","?","$","E","?","R","?","E","M","BOSS","E","$","R","BOSS","BOSS"],"items_purchased_type":["Card","Relic","Card","Relic","Card","Relic","Relic","Relic"],"build_version":"2020-12-22","purchased_purges":3,"victory":true,"max_hp_per_floor":[71,71,71,71,71,71,71,71,71,81,81,81,81,81,81,81,81,81,81,81,81,81,81,81,81,81,81,81,81,81,81,81,81,81,81,93,93,93,97,97,97,97,101,101,101,101,101,105,109,109,109,113,113,113,113,113],"card_choices":[{"not_picked":["Slimebound:SplitSpecialist","Slimebound:LivingWall"],"picked":"Slimebound:GoopSpray","floor":2},{"not_picked":["Slimebound:SplitSpecialist","Slimebound:ForwardTackle"],"picked":"Slimebound:PressTheAttack","floor":3},{"not_picked":["Slimebound:FinishingTackle","Slimebound:SplitAcid"],"picked":"Slimebound:SlimeSpikes","floor":4},{"not_picked":["Slimebound:FinishingTackle","Slimebound:Grow"],"picked":"Slimebound:FlameTackle","floor":5},{"not_picked":["Slimebound:ViciousTackle","Slimebound:SlimeBarrage"],"picked":"Slimebound:TagTeam","floor":6},{"not_picked":["Slimebound:Schlurp","Slimebound:LivingWall"],"picked":"Slimebound:Nibble","floor":8},{"not_picked":["Slimebound:SplitSpecialist","Slimebound:ComboTackle"],"picked":"Slimebound:Nibble","floor":11},{"not_picked":["Slimebound:HauntingLick","Slimebound:SlimeSpikes"],"picked":"Slimebound:Prepare","floor":14},{"not_picked":["Slimebound:SplitBruiser","Slimebound:GoopTackle"],"picked":"Slimebound:TongueLash","floor":15},{"not_picked":["Slimebound:Overexert","Slimebound:OneTwoCombo"],"picked":"Slimebound:OozeBath","floor":16},{"not_picked":["Slimebound:SplitAcid","Slimebound:LeechEnergy"],"picked":"Slimebound:Gluttony+1","floor":19},{"not_picked":["Slimebound:HauntingLick+1","Slimebound:LeechingTouch","Slimebound:ServeAndProtect"],"picked":"SKIP","floor":20},{"not_picked":["Slimebound:SplitSpecialist","Slimebound:HauntingLick"],"picked":"Slimebound:SlimeSpikes+1","floor":21},{"not_picked":["Slimebound:GoopSpray+1","Slimebound:SplitLeeching"],"picked":"Slimebound:Prepare","floor":25},{"not_picked":["Slimebound:LeechEnergy","Slimebound:Schlurp"],"picked":"Slimebound:RollThrough+1","floor":26},{"not_picked":["Slimebound:DisruptingSlam","Slimebound:LeechingTouch"],"picked":"Slimebound:OneTwoCombo","floor":28},{"not_picked":["Slimebound:FirmFortitude","Slimebound:LeechingTouch"],"picked":"Slimebound:PressTheAttack","floor":29},{"not_picked":["Slimebound:Prepare","Slimebound:LeechEnergy+1"],"picked":"Slimebound:PressTheAttack+1","floor":30},{"not_picked":["Slimebound:SlimeSpikes","Slimebound:Replication"],"picked":"Slimebound:LivingWall+1","floor":32},{"not_picked":["Slimebound:FirmFortitude","Slimebound:Darklings"],"picked":"Slimebound:MassFeed","floor":33},{"not_picked":["Slimebound:PressTheAttack+1","Slimebound:ProtectTheBoss"],"picked":"Slimebound:SplitMire","floor":36},{"not_picked":["Slimebound:DisruptingSlam","Slimebound:FinishingTackle"],"picked":"Slimebound:AcidTongue","floor":37},{"not_picked":["Slimebound:GoopTackle","Slimebound:LivingWall+1","Slimebound:Grow+1"],"picked":"SKIP","floor":39},{"not_picked":["Slimebound:GoopTackle","Slimebound:ForwardTackle+1","Slimebound:DisruptingSlam"],"picked":"SKIP","floor":40},{"not_picked":["Slimebound:DouseInSlime","Slimebound:RollThrough","Slimebound:SplitLeeching+1"],"picked":"Slimebound:Darklings","floor":43},{"not_picked":["Slimebound:ForwardTackle+1","Slimebound:PressTheAttack+1","Slimebound:SamplingLick"],"picked":"Slimebound:DouseInSlime","floor":44},{"not_picked":["Slimebound:SplitBruiser+1","Slimebound:ViciousTackle+1","Slimebound:Grow+1"],"picked":"Slimebound:Prepare","floor":47},{"not_picked":["Slimebound:HauntingLick","Slimebound:Teamwork","Slimebound:TongueLash"],"picked":"Slimebound:SplitSpecialist+1","floor":48},{"not_picked":["Slimebound:SlimeTap+1","Slimebound:ItLooksTasty+1","Slimebound:Dissolve+1"],"picked":"Slimebound:GrowthPunch+1","floor":49},{"not_picked":["Slimebound:ForwardTackle","Slimebound:GoopTackle","Slimebound:LeadByExample"],"picked":"Slimebound:Darklings","floor":52}],"player_experience":1558956,"relics_obtained":[{"floor":6,"key":"CeramicFish"},{"floor":14,"key":"InkBottle"},{"floor":24,"key":"Slimebound:MaxSlimesRelic"},{"floor":28,"key":"Potion Belt"},{"floor":29,"key":"MutagenicStrength"},{"floor":30,"key":"Dream Catcher"},{"floor":31,"key":"Necronomicon"},{"floor":41,"key":"Question Card"},{"floor":44,"key":"Bronze Scales"},{"floor":48,"key":"Gremlin Horn"},{"floor":52,"key":"Happy Flower"}],"event_choices":[{"cards_removed":["Slimebound:SlimeSpikes"],"damage_healed":0,"gold_gain":0,"player_choice":"Removed Skill","damage_taken":0,"max_hp_gain":0,"max_hp_loss":0,"event_name":"Falling","floor":42,"gold_loss":0}],"is_beta":false,"boss_relics":[{"not_picked":["Fusion Hammer","Philosopher\u0027s Stone"],"picked":"Snecko Eye"},{"not_picked":["Black Star","Empty Cage"],"picked":"Slimebound:TarBlob"}],"items_purged_floors":[37,43,53],"is_endless":false,"potions_floor_spawned":[2,8,11,19,25,26,30,33,36,39,40,44,49,52],"ascension_level":0}}