{"host":"5nj7t8259370g0gl","time":1613089097,"event":{"mods":["AchievementEnabler","BaseMod","Bestiary","Bossed Relics","Colored Map","Colored Powertips","Displayed Cursed Tome","Downfall","Minty Spire (QoL Compilation)","Permanent Neow","Relic Sorter","Shop Mod","Spire Arcade","StSLib"],"gold_per_floor":[500000,500016,500034,500051,500201,500235,500288,500388,500405,499554,499579,499592,499618,499618,499637,499736,499736,499536,499552,499564,498902,498902,498902,498902,498902,498935,498947,498947,498947,498811,498831,498845,498943,498943,498943,498959,498204,498217,498217,498236,498236,498253,498269,498282,498282,498333,497300,497311,497322,497322],"floor_reached":51,"language":"ENG","playtime":4290,"items_purged":["hexamod:Sear","hexamod:Defend","downfall:Malfunctioning","downfall:Haunted","hexamod:SwordOfDarkness+1"],"score":875,"play_id":"fb3dedf2-2d8f-4bbd-a115-a307b0de1372","local_time":"20210212111817","is_ascension_mode":true,"campfire_choices":[{"floor":1.0,"key":"RECALL"},{"data":"hexamod:Float","floor":18.0,"key":"SMITH"},{"data":"hexamod:ThermalTransfer","floor":28.0,"key":"SMITH"},{"data":"hexamod:VolcanoVisage","floor":35,"key":"SMITH"},{"data":"hexamod:DynamicBlow","floor":45,"key":"SMITH"}],"circlet_count":0,"master_deck":["hexamod:Float+1","hexamod:FlamesFromBeyond+1","downfall:Icky","hexamod:BurningTouch+1","hexamod:Firestarter+1","hexamod:Incineration+1","hexamod:SixthSeal","hexamod:SuperheatedStrike+1","hexamod:DynamicBlow+1","hexamod:ShieldOfDarkness+1","hexamod:ThermalTransfer+1","hexamod:RainOfEmbers+1","hexamod:Incineration+1","hexamod:VolcanoVisage+1","hexamod:PhantomFireball+1","hexamod:ThermalTransfer","Ghostly+1","Ghostly+1","Ghostly+1","hexamod:PhantomFireball+1","hexamod:ThermalTransfer","hexamod:TimeWarp","hexamod:FastForward+1","hexamod:ThermalTransfer+1"],"relics":["hexamod:SpiritBrand","Du-Vu Doll","Juzu Bracelet","White Beast Statue","Oddly Smooth Stone","HornCleat","Dream Catcher","Happy Flower","Sozu","downfall:HeartBlessingRed","downfall:HeartBlessingBlue","TheAbacus","Art of War","Nloth\u0027s Gift","champ:DeflectingBracers","Centennial Puzzle","Nunchaku","Vajra","Busted Crown","Sling","Ginger","Potion Belt","Gambling Chip","MealTicket","hexamod:Sixitude","HandDrill","War Paint"],"acts_visited":["Exordium","TheCity","TheBeyond"],"potions_floor_usage":[],"damage_taken":[{"damage":1.0,"enemies":"Jaw Worm","floor":2.0,"turns":3.0},{"damage":3.0,"enemies":"2 Louse","floor":3.0,"turns":3.0},{"damage":0.0,"enemies":"Cultist","floor":4.0,"turns":3.0},{"damage":16.0,"enemies":"Lagavulin","floor":6.0,"turns":6.0},{"damage":59.0,"enemies":"downfall:LadyInBlue","floor":8.0,"turns":9.0},{"damage":11.0,"enemies":"Lots of Slimes","floor":9.0,"turns":3.0},{"damage":0.0,"enemies":"downfall:FleeingMerchant","floor":10.0,"turns":4.0},{"damage":19.0,"enemies":"3 Sentries","floor":11.0,"turns":5.0},{"damage":0.0,"enemies":"3 Louse","floor":12.0,"turns":3.0},{"damage":13.0,"enemies":"Lagavulin","floor":13.0,"turns":4.0},{"damage":0.0,"enemies":"Exordium Thugs","floor":15.0,"turns":3.0},{"damage":32.0,"enemies":"DF_ARCHETYPE_STREAMLINE","floor":16.0,"turns":6.0},{"damage":0.0,"enemies":"Chosen","floor":19.0,"turns":3.0},{"damage":5.0,"enemies":"3 Byrds","floor":20.0,"turns":3.0},{"damage":6.0,"enemies":"downfall:FleeingMerchant","floor":21.0,"turns":4.0},{"damage":7.0,"enemies":"Book of Stabbing","floor":26.0,"turns":3.0},{"damage":7.0,"enemies":"Snake Plant","floor":27.0,"turns":3.0},{"damage":0.0,"enemies":"downfall:FleeingMerchant","floor":30.0,"turns":3.0},{"damage":16.0,"enemies":"Gremlin Leader","floor":31.0,"turns":4.0},{"damage":0.0,"enemies":"Shelled Parasite and Fungi","floor":32.0,"turns":3.0},{"damage":20,"enemies":"WA_ARCHETYPE_CALM","floor":33,"turns":6},{"damage":4,"enemies":"3 Darklings","floor":36,"turns":3},{"damage":0,"enemies":"3 Shapes","floor":38,"turns":3},{"damage":0,"enemies":"3 Darklings","floor":40,"turns":3},{"damage":9,"enemies":"4 Shapes","floor":42,"turns":3},{"damage":17,"enemies":"Spire Growth","floor":43,"turns":3},{"damage":0,"enemies":"Maw","floor":44,"turns":4},{"damage":0,"enemies":"3 Darklings","floor":48,"turns":3},{"damage":4,"enemies":"Writhing Mass","floor":49,"turns":3},{"damage":5,"enemies":"IC_BLOCK_ARCHETYPE","floor":50,"turns":6}],"seed_played":"-1071498277598638413","potions_obtained":[{"floor":4.0,"key":"AttackPotion"},{"floor":6.0,"key":"Strength Potion"},{"floor":8.0,"key":"GamblersBrew"},{"floor":8.0,"key":"DuplicationPotion"},{"floor":8.0,"key":"Regen Potion"},{"floor":9.0,"key":"hexamod:InfernoChargePotion"},{"floor":10.0,"key":"FearPotion"},{"floor":11.0,"key":"hexamod:DoubleChargePotion"},{"floor":13.0,"key":"Energy Potion"},{"floor":15.0,"key":"Slimebound:ThreeZeroPotion"},{"floor":16.0,"key":"SkillPotion"}],"is_trial":false,"path_per_floor":["R","M","M","M","?","E","T","?","M","$","E","M","E","?","M","B",null,"R","M","M","$","?","?","T","?","E","M","R","?","$","E","M","B",null,"R","M","$","M","?","M","T","M","M","M","R","T","$","M","M","B",null],"character_chosen":"THE_SPIRIT","items_purchased":["Oddly Smooth Stone","HornCleat","hexamod:SixthSeal","hexamod:SuperheatedStrike","hexamod:DynamicBlow","Guardian:BlockOnCardUsePotion","TheAbacus","Art of War","Eternal Feather","Nunchaku","Vajra","hexamod:PhantomFireball","Sling","Ginger","Potion Belt","hexamod:Sixitude","HandDrill","hexamod:ThermalTransfer","hexamod:TimeWarp","hexamod:FastForward","War Paint"],"campfire_rested":0,"item_purchase_floors":[10,10,10,10,10,10,21,21,21,30,30,30,37,37,37,47,47,47,47,47,47],"current_hp_per_floor":[200,199,196,196,196,180,180,121,122,122,103,103,90,90,90,58,200,210,210,205,199,199,199,199,105,98,91,91,91,91,75,75,55,105,105,101,101,101,101,101,101,92,75,75,75,75,90,90,86,81],"gold":497322,"neow_bonus":"ONE_RARE_RELIC","is_daily":false,"chose_seed":false,"campfire_upgraded":4,"win_rate":0.0,"timestamp":1613089097,"path_taken":["R","M","M","M","?","E","T","?","M","$","E","M","E","?","M","BOSS","R","M","M","$","?","?","T","?","E","M","R","?","$","E","M","BOSS","R","M","$","M","?","M","T","M","M","M","R","?","$","M","M","BOSS"],"items_purchased_type":["Relic","Relic","Card","Card","Card","Potion","Relic","Relic","Relic","Relic","Relic","Card","Relic","Relic","Relic","Relic","Relic","Card","Card","Card","Relic"],"build_version":"2020-12-22","purchased_purges":5,"victory":true,"max_hp_per_floor":[200,200,200,200,200,200,200,200,200,200,200,200,200,200,200,200,200,210,210,210,210,210,210,210,105,105,105,105,105,105,105,105,105,105,105,105,105,105,105,105,105,105,105,105,105,105,105,105,105,105],"card_choices":[{"not_picked":["hexamod:NightmareStrike","hexamod:SecondSeal","hexamod:GhostShield"],"picked":"SKIP","floor":2.0},{"not_picked":["hexamod:RetreatToShadows","hexamod:NightmareStrike"],"picked":"hexamod:SwordOfDarkness","floor":3.0},{"not_picked":["hexamod:InspiringFlames","hexamod:ApocalypseNow"],"picked":"hexamod:FlamesFromBeyond","floor":4.0},{"not_picked":["hexamod:AdvancingGuard","hexamod:HauntingEcho"],"picked":"hexamod:BurningTouch","floor":6.0},{"not_picked":["hexamod:ShieldOfDarkness","hexamod:BurningTouch"],"picked":"hexamod:Firestarter","floor":8.0},{"not_picked":["hexamod:RecurringNightmare","hexamod:Rewind","hexamod:ThirdSeal"],"picked":"SKIP","floor":9.0},{"not_picked":["hexamod:NightmareGuise","hexamod:Rewind"],"picked":"hexamod:Incineration","floor":10.0},{"not_picked":["hexamod:FastForward","hexamod:Hexaguard"],"picked":"hexamod:ShieldOfDarkness","floor":11.0},{"not_picked":["hexamod:SpectersWail","hexamod:UnleashSpirits"],"picked":"hexamod:ThermalTransfer","floor":12.0},{"not_picked":["hexamod:HauntingEcho","hexamod:ForkedFlame"],"picked":"hexamod:RainOfEmbers","floor":13.0},{"not_picked":["hexamod:BurningTouch","hexamod:RetreatToShadows"],"picked":"hexamod:Incineration","floor":15.0},{"not_picked":["hexamod:ApocalypseNow","hexamod:UnlimitedPower"],"picked":"hexamod:VolcanoVisage","floor":16.0},{"not_picked":["hexamod:AdvancingGuard","hexamod:BacktrackSmack"],"picked":"hexamod:PhantomFireball","floor":19.0},{"not_picked":["hexamod:SwordOfDarkness","hexamod:BacktrackSmack","hexamod:FourthSeal"],"picked":"SKIP","floor":20.0},{"not_picked":["hexamod:HeatMetal","hexamod:SuperheatedStrike"],"picked":"hexamod:ThermalTransfer","floor":21.0},{"not_picked":["hexamod:ApocalypticArmor","hexamod:ApocalypseNow","hexamod:EmpoweredFlame+1"],"picked":"SKIP","floor":26.0},{"not_picked":["hexamod:NightmareGuise","hexamod:SecondSeal","hexamod:AdvancingGuard+1"],"picked":"SKIP","floor":27.0},{"not_picked":["hexamod:HauntingEcho","hexamod:Haunt","hexamod:CatchUp+1"],"picked":"SKIP","floor":31.0},{"not_picked":["hexamod:Haunt+1","hexamod:StepThrough","hexamod:SecondSeal"],"picked":"SKIP","floor":32},{"not_picked":["hexamod:EtherealExpedition+1"],"picked":"SKIP","floor":36},{"not_picked":["hexamod:BacktrackSmack"],"picked":"SKIP","floor":38},{"not_picked":["hexamod:SuperheatedStrike"],"picked":"SKIP","floor":40},{"not_picked":["hexamod:BurningTouch+1"],"picked":"SKIP","floor":42},{"not_picked":["hexamod:Haunt+1"],"picked":"SKIP","floor":43},{"not_picked":["hexamod:SwordOfDarkness"],"picked":"SKIP","floor":44},{"not_picked":[],"picked":"hexamod:ThermalTransfer+1","floor":48},{"not_picked":["hexamod:InspiringFlames"],"picked":"SKIP","floor":49}],"player_experience":847276,"relics_obtained":[{"floor":6.0,"key":"Juzu Bracelet"},{"floor":8.0,"key":"White Beast Statue"},{"floor":11.0,"key":"Dream Catcher"},{"floor":13.0,"key":"Happy Flower"},{"floor":24.0,"key":"champ:DeflectingBracers"},{"floor":26.0,"key":"Centennial Puzzle"},{"floor":41,"key":"Gambling Chip"},{"floor":46,"key":"MealTicket"}],"event_choices":[{"damage_healed":0.0,"max_hp_gain":0.0,"max_hp_loss":0.0,"gold_gain":0.0,"event_name":"Lab","player_choice":"Got Potions","floor":23.0,"gold_loss":0.0,"damage_taken":0.0}],"is_beta":false,"boss_relics":[{"not_picked":["Fusion Hammer","Philosopher\u0027s Stone"],"picked":"Sozu"},{"not_picked":["Runic Dome","SacredBark"],"picked":"Busted Crown"}],"items_purged_floors":[10,21,30,37,47],"is_endless":false,"potions_floor_spawned":[4,6,9,10,11,12,13,15,16,19,20,21,26,27,30,32,33,36,38,40,42,43,44,48,49],"ascension_level":1}}