{"host":"2j20xog1nl5ontbj","time":1613130480,"event":{"mods":["BaseMod","Colored Map","Minty Spire (QoL Compilation)","Quick Restart","StSLib"],"gold_per_floor":[116,126,76,90,101,128,128,140,140,158,158,123,123,136,136,233,283,266,276,276,191,209,241,241,254,254,268,268,279,279,279],"floor_reached":30,"language":"ZHS","playtime":1121,"items_purged":[],"score":281,"play_id":"ab90321b-f2a2-475f-a617-5f48f4b3005c","local_time":"20210212194800","is_ascension_mode":false,"campfire_choices":[{"floor":7.0,"key":"RECALL"},{"data":"Immolate","floor":15.0,"key":"SMITH"},{"floor":24.0,"key":"REST"}],"circlet_count":0,"master_deck":["Strike_R","Strike_R","Strike_R","Strike_R","Strike_R","Defend_R","Defend_R","Defend_R+1","Defend_R","Bash","Immolate+1","Fire Breathing","Perfected Strike","Wild Strike","Twin Strike","Fire Breathing","Bludgeon","Feed","Metallicize","Shrug It Off+1","Feel No Pain","RitualDagger","Pommel Strike","Perfected Strike","Ghostly","Ghostly","Ghostly","Ghostly","Ghostly","Impervious"],"relics":["Burning Blood","Pantograph","Matryoshka","White Beast Statue","Tiny House","Toy Ornithopter","Mummified Hand","Akabeko","Red Skull"],"acts_visited":["Exordium","TheCity"],"potions_floor_usage":[29],"damage_taken":[{"damage":1.0,"enemies":"Cultist","floor":1.0,"turns":3.0},{"damage":0.0,"enemies":"Small Slimes","floor":2.0,"turns":3.0},{"damage":6.0,"enemies":"Jaw Worm","floor":4.0,"turns":2.0},{"damage":0.0,"enemies":"Large Slime","floor":5.0,"turns":4.0},{"damage":34.0,"enemies":"Gremlin Nob","floor":6.0,"turns":5.0},{"damage":10.0,"enemies":"Looter","floor":8.0,"turns":3.0},{"damage":0.0,"enemies":"2 Fungi Beasts","floor":10.0,"turns":2.0},{"damage":0.0,"enemies":"Gremlin Gang","floor":14.0,"turns":1.0},{"damage":63.0,"enemies":"Hexaghost","floor":16.0,"turns":8.0},{"damage":21.0,"enemies":"2 Thieves","floor":18.0,"turns":4.0},{"damage":23.0,"enemies":"3 Byrds","floor":19.0,"turns":5.0},{"damage":11.0,"enemies":"Snecko","floor":22.0,"turns":4.0},{"damage":69.0,"enemies":"Slavers","floor":23.0,"turns":5.0},{"damage":25.0,"enemies":"Snake Plant","floor":25.0,"turns":6.0},{"damage":26.0,"enemies":"Centurion and Healer","floor":27.0,"turns":6.0},{"damage":11,"enemies":"Cultist and Chosen","floor":29,"turns":5},{"damage":28,"enemies":"Book of Stabbing","floor":30,"turns":7}],"seed_played":"910174012833542611","potions_obtained":[{"floor":1.0,"key":"Dexterity Potion"},{"floor":5.0,"key":"LiquidBronze"},{"floor":6.0,"key":"Energy Potion"},{"floor":14.0,"key":"BloodPotion"},{"floor":16.0,"key":"LiquidMemories"},{"floor":17.0,"key":"Fruit Juice"},{"floor":18.0,"key":"SteroidPotion"},{"floor":19.0,"key":"Ancient Potion"},{"floor":22.0,"key":"BloodPotion"},{"floor":23.0,"key":"SteroidPotion"},{"floor":25.0,"key":"ColorlessPotion"},{"floor":27.0,"key":"Weak Potion"},{"floor":29,"key":"SpeedPotion"}],"is_trial":false,"path_per_floor":["M","M","$","M","M","E","R","M","T","M","T","?","?","M","R","B",null,"M","M","?","?","M","E","R","M","T","M","?","M","E"],"character_chosen":"IRONCLAD","items_purchased":["BloodPotion"],"campfire_rested":1,"item_purchase_floors":[3],"current_hp_per_floor":[80,80,80,80,80,68,68,64,64,70,70,80,77,80,80,39,90,78,64,58,58,53,27,56,42,42,27,27,27,0,0],"gold":279,"neow_bonus":"ONE_RANDOM_RARE_CARD","is_daily":false,"chose_seed":false,"campfire_upgraded":1,"win_rate":0.0,"timestamp":1613130480,"path_taken":["M","M","$","M","M","E","R","M","T","M","?","?","?","M","R","BOSS","M","M","?","?","M","E","R","M","T","M","?","M","E"],"items_purchased_type":["Potion"],"build_version":"2020-12-22","purchased_purges":0,"victory":false,"max_hp_per_floor":[80,80,80,80,80,80,80,80,80,80,80,80,80,80,80,80,90,93,96,96,96,96,99,99,99,99,99,49,49,49,49],"card_choices":[{"not_picked":["Reckless Charge","Infernal Blade"],"picked":"Fire Breathing","floor":1.0},{"not_picked":["Warcry","Shrug It Off"],"picked":"Perfected Strike","floor":2.0},{"not_picked":["Thunderclap","Rupture"],"picked":"Wild Strike","floor":4.0},{"not_picked":["Wild Strike","Armaments"],"picked":"Twin Strike","floor":5.0},{"not_picked":["Uppercut","Carnage"],"picked":"Fire Breathing","floor":6.0},{"not_picked":["True Grit","Havoc","Clash"],"picked":"SKIP","floor":8.0},{"not_picked":["Armaments","Sword Boomerang","Dropkick"],"picked":"SKIP","floor":10.0},{"not_picked":["Shrug It Off","Anger"],"picked":"Bludgeon","floor":14.0},{"not_picked":["Brutality","Limit Break"],"picked":"Feed","floor":16.0},{"not_picked":["Anger","Clothesline"],"picked":"Metallicize","floor":17.0},{"not_picked":["Pommel Strike","Infernal Blade+1"],"picked":"Shrug It Off+1","floor":18.0},{"not_picked":["Iron Wave+1","Headbutt"],"picked":"Feel No Pain","floor":19.0},{"not_picked":["Clash","Iron Wave","Disarm"],"picked":"SKIP","floor":22.0},{"not_picked":["Entrench","Combust"],"picked":"Pommel Strike","floor":23.0},{"not_picked":["Headbutt","Shockwave","Iron Wave+1"],"picked":"SKIP","floor":25.0},{"not_picked":["Double Tap","Clash+1"],"picked":"Perfected Strike","floor":27.0},{"not_picked":["Body Slam","Pummel"],"picked":"Impervious","floor":29}],"player_experience":164844,"relics_obtained":[{"floor":6.0,"key":"Pantograph"},{"floor":11.0,"key":"Matryoshka"},{"floor":23.0,"key":"Mummified Hand"},{"floor":26.0,"key":"Akabeko"},{"floor":26.0,"key":"Red Skull"}],"event_choices":[{"damage_healed":20.0,"max_hp_gain":0.0,"max_hp_loss":0.0,"gold_gain":0.0,"event_name":"The Cleric","player_choice":"Healed","floor":12.0,"gold_loss":35.0,"damage_taken":0.0},{"damage_healed":0.0,"max_hp_gain":0.0,"max_hp_loss":0.0,"gold_gain":0.0,"event_name":"Scrap Ooze","player_choice":"Success","floor":13.0,"gold_loss":0.0,"damage_taken":3.0,"relics_obtained":["White Beast Statue"]},{"damage_healed":0.0,"max_hp_gain":0.0,"max_hp_loss":0.0,"gold_gain":0.0,"event_name":"Nest","player_choice":"Joined the Cult","floor":20.0,"gold_loss":0.0,"damage_taken":6.0,"cards_obtained":["RitualDagger"]},{"damage_healed":0.0,"max_hp_gain":0.0,"max_hp_loss":0.0,"gold_gain":0.0,"event_name":"Addict","player_choice":"Obtained Relic","floor":21.0,"gold_loss":85.0,"damage_taken":0.0,"relics_obtained":["Toy Ornithopter"]},{"damage_healed":0.0,"max_hp_gain":0.0,"max_hp_loss":50.0,"gold_gain":0.0,"event_name":"Ghosts","player_choice":"Became a Ghost","floor":28.0,"gold_loss":0.0,"damage_taken":0.0,"cards_obtained":["Ghostly","Ghostly","Ghostly","Ghostly","Ghostly"]}],"is_beta":false,"boss_relics":[{"not_picked":["Empty Cage","Astrolabe"],"picked":"Tiny House"}],"items_purged_floors":[],"is_endless":false,"potions_floor_spawned":[1,5,6,8,14,16,18,19,22,23,25,27,29],"killed_by":"Book of Stabbing","ascension_level":0}}