{"host":"cykg0g4pphyxjwkn","time":1613095412,"event":{"mods":["AchievementEnabler","BaseMod","Bestiary","Colored Map","Colored Powertips","Highlight Path","Minty Spire (QoL Compilation)","Relic Stats","SuperFastMode"],"gold_per_floor":[117,129,148,148,148,148,191,191,191,210,231,252,298,321,321,321,321],"floor_reached":16,"language":"ENG","playtime":425,"items_purged":[],"score":104,"play_id":"c4a53f70-feec-413d-a521-cabd05c09c6a","local_time":"20210211210332","is_ascension_mode":false,"campfire_choices":[{"data":"Bash","floor":6,"key":"SMITH"},{"data":"Heavy Blade","floor":8,"key":"SMITH"},{"data":"Armaments","floor":15,"key":"SMITH"}],"circlet_count":0,"master_deck":["Strike_R","Strike_R","Strike_R","Strike_R","Defend_R","Defend_R","Defend_R","Defend_R","Bash+1","Rage","Inflame","Heavy Blade+1","Armaments+1","Pommel Strike","Cleave","Ghostly Armor"],"relics":["Burning Blood","NeowsBlessing","Golden Idol","Sundial","White Beast Statue","Bag of Preparation"],"acts_visited":["Exordium"],"potions_floor_usage":[],"damage_taken":[{"damage":0,"enemies":"2 Louse","floor":1,"turns":1},{"damage":0,"enemies":"Jaw Worm","floor":2,"turns":1},{"damage":0,"enemies":"Cultist","floor":3,"turns":1},{"damage":34,"enemies":"Gremlin Nob","floor":7,"turns":5},{"damage":10,"enemies":"Exordium Thugs","floor":10,"turns":3},{"damage":7,"enemies":"Large Slime","floor":11,"turns":5},{"damage":2,"enemies":"2 Fungi Beasts","floor":12,"turns":3},{"damage":3,"enemies":"Red Slaver","floor":14,"turns":3},{"damage":34,"enemies":"Slime Boss","floor":16,"turns":7}],"seed_played":"-2087497353862011958","potions_obtained":[{"floor":2,"key":"Energy Potion"},{"floor":7,"key":"Ancient Potion"},{"floor":10,"key":"Block Potion"}],"is_trial":false,"path_per_floor":["M","M","M","?","?","R","E","R","T","M","M","M","T","M","R","B"],"character_chosen":"IRONCLAD","items_purchased":[],"campfire_rested":0,"item_purchase_floors":[],"current_hp_per_floor":[80,80,80,60,60,60,32,32,32,28,27,31,31,34,34,0,0],"gold":321,"neow_bonus":"THREE_ENEMY_KILL","is_daily":false,"chose_seed":false,"campfire_upgraded":3,"win_rate":0.0,"timestamp":1613095412,"path_taken":["M","M","M","?","?","R","E","R","T","M","M","?","?","M","R","BOSS"],"items_purchased_type":[],"build_version":"2020-12-22","purchased_purges":0,"victory":false,"max_hp_per_floor":[80,80,80,80,80,80,80,80,80,80,80,80,80,80,80,80,80],"relic_stats":{"counters":[9,29],"Golden Idol":26,"Sundial":[4],"Bag of Preparation":[4],"obtain_stats":[{"NeowsBlessing":0,"Golden Idol":4,"Sundial":7,"Bag of Preparation":13,"Burning Blood":0,"White Beast Statue":9},{"NeowsBlessing":0,"Golden Idol":3,"Sundial":4,"Bag of Preparation":7,"Burning Blood":0,"White Beast Statue":4},{"NeowsBlessing":0,"Golden Idol":3,"Sundial":8,"Bag of Preparation":19,"Burning Blood":0,"White Beast Statue":8}],"Burning Blood":30},"card_choices":[{"not_picked":["Perfected Strike","Sword Boomerang"],"picked":"Rage","floor":1},{"not_picked":["Iron Wave","Anger","Sever Soul"],"picked":"SKIP","floor":2},{"not_picked":["Perfected Strike","Anger"],"picked":"Inflame","floor":3},{"not_picked":["Uppercut","Second Wind"],"picked":"Heavy Blade","floor":7},{"not_picked":["Fiend Fire","Combust"],"picked":"Armaments","floor":10},{"not_picked":["Clash","Dark Embrace"],"picked":"Pommel Strike","floor":11},{"not_picked":["True Grit","Body Slam"],"picked":"Cleave","floor":12},{"not_picked":["Searing Blow","Rage"],"picked":"Ghostly Armor","floor":14}],"player_experience":39969,"relics_obtained":[{"floor":7,"key":"Sundial"},{"floor":9,"key":"White Beast Statue"},{"floor":13,"key":"Bag of Preparation"}],"event_choices":[{"damage_healed":0,"gold_gain":0,"player_choice":"Take Damage","damage_taken":20,"relics_obtained":["Golden Idol"],"max_hp_gain":0,"max_hp_loss":0,"event_name":"Golden Idol","floor":4,"gold_loss":0},{"cards_removed":["Strike_R"],"damage_healed":0,"gold_gain":0,"player_choice":"Purged","damage_taken":0,"max_hp_gain":0,"max_hp_loss":0,"event_name":"Purifier","floor":5,"gold_loss":0}],"is_beta":false,"boss_relics":[],"items_purged_floors":[],"is_endless":false,"potions_floor_spawned":[2,7,10,11,12,14],"killed_by":"Slime Boss","ascension_level":0}}