{"host":"bbmxo8e8cdq8htg1","time":1613116945,"event":{"mods":["AchievementEnabler","BaseMod","Better Match","Better Third Choice","BetterRewards","Colored Powertips","DeckTracker","Dota2Spire","Mimic Mod","Minty Spire (QoL Compilation)","Permanent Neow","Quick Restart","Rare Cards Sparkle","Relic Stats","Replay The Spire","Shop Mod","Spicy Shops","StSLib","SuperFastMode","The Blue Laboratory","The Forsaken","The Jungle"],"gold_per_floor":[212,232,249,68,84,111,111,61,86,136,166,166,166,199,199,294,294,311,66,66,79,93,93,118,118,118,118,38,56,86,104,188,291,291,303,28,95,145,160,195,195,224,224,259,272,272,292,307,307,307],"floor_reached":51,"language":"ENG","playtime":1387,"items_purged":["Pain","Normality","Pride"],"score":1016,"play_id":"7d92742e-bde0-47db-af55-9a8cab1872b8","local_time":"20210212110225","is_ascension_mode":true,"campfire_choices":[{"floor":7,"key":"REST"},{"floor":12,"key":"REST"},{"data":"Carnage","floor":15,"key":"SMITH"},{"data":"Bludgeon","floor":23,"key":"SMITH"},{"data":"Limit Break","floor":25,"key":"SMITH"},{"data":"Cleave","floor":27,"key":"SMITH"},{"floor":46,"key":"REST"},{"data":"Thunderclap","floor":49,"key":"SMITH"}],"circlet_count":0,"master_deck":["Strike_R+1","Strike_R","Strike_R+1","Strike_R","Strike_R","Defend_R+1","Defend_R","Bash","Run Through","Clash","Clash+1","Limit Break+1","Cleave+1","Carnage+1","Bludgeon+1","Clash","Whirlwind+1","Thunderclap+1","Feed","Cleave+1","Whirlwind+1"],"relics":["Burning Blood","Lantern","Gremlin Food","theForsaken:Gavel","ReplayTheSpireMod:CursedCoin","Pen Nib","Dota2Spire:ArmletOfMordiggian","Dota2Spire:Bloodstone","Dota2Spire:AssaultCuirass","Dota2Spire:CrimsonGuard","Dota2Spire:DrumOfEndurance","Champion Belt","Dota2Spire:MagicBottle","Painkiller Herb","Membership Card","Dota2Spire:Desolator","Replay:Baseball","Dota2Spire:HeartOfTarrasque","theForsaken:Lifeblossom","Ornamental Fan","Question Card","Dota2Spire:LotusOrb","ReplayTheSpireMod:Lightbulb"],"acts_visited":["Exordium","TheCity","TheBeyond"],"potions_floor_usage":[16,24,50],"damage_taken":[{"damage":0,"enemies":"Small Slimes","floor":1,"turns":3},{"damage":7,"enemies":"Jaw Worm","floor":2,"turns":3},{"damage":9,"enemies":"2 Louse","floor":3,"turns":2},{"damage":11,"enemies":"Lots of Slimes","floor":5,"turns":4},{"damage":20,"enemies":"3 Sentries","floor":6,"turns":8},{"damage":32,"enemies":"Lagavulin","floor":11,"turns":5},{"damage":15,"enemies":"3 Sentries","floor":14,"turns":4},{"damage":54,"enemies":"Hexaghost","floor":16,"turns":6},{"damage":7,"enemies":"Chosen","floor":18,"turns":3},{"damage":9,"enemies":"Shell Parasite","floor":21,"turns":3},{"damage":4,"enemies":"Snecko","floor":22,"turns":2},{"damage":18,"enemies":"Book of Stabbing","floor":24,"turns":3},{"damage":8,"enemies":"Centurion and Healer","floor":29,"turns":2},{"damage":4,"enemies":"Gremlin Leader","floor":30,"turns":2},{"damage":12,"enemies":"Snake Plant","floor":31,"turns":2},{"damage":13,"enemies":"Collector","floor":33,"turns":4},{"damage":4,"enemies":"3 Shapes","floor":35,"turns":2},{"damage":24,"enemies":"Mind Bloom Boss Battle","floor":38,"turns":4},{"damage":2,"enemies":"3 Darklings","floor":39,"turns":1},{"damage":2,"enemies":"Reptomancer","floor":40,"turns":3},{"damage":42,"enemies":"Nemesis","floor":42,"turns":3},{"damage":28,"enemies":"R_Hoarder","floor":44,"turns":4},{"damage":0,"enemies":"Transient","floor":45,"turns":5},{"damage":17,"enemies":"Sphere and 2 Shapes","floor":47,"turns":2},{"damage":0,"enemies":"3 Darklings","floor":48,"turns":2},{"damage":24,"enemies":"Awakened One","floor":50,"turns":6}],"seed_played":"6583436467964765847","potions_obtained":[{"floor":1,"key":"Flashbang"},{"floor":14,"key":"blueLaboratory:FruitPunch"},{"floor":16,"key":"DuplicationPotion"},{"floor":21,"key":"SkillPotion"},{"floor":24,"key":"blueLaboratory:BottleOfVodka"},{"floor":37,"key":"blueLaboratory:SavagePotion"},{"floor":47,"key":"FairyPotion"}],"is_trial":false,"path_per_floor":["M","M","M","$","M","E","R","?","T","$","E","R","?","E","R","B",null,"M","$","?","M","M","R","E","R","T","R","$","M","E","M","R","B",null,"?","T","?","?","?","E","T","E","T","E","?","T","?","?","T","B",null],"character_chosen":"IRONCLAD","items_purchased":["Lantern","Clash+1","ReplayTheSpireMod:CursedCoin","Dota2Spire:AssaultCuirass","Champion Belt","Membership Card","Dota2Spire:Desolator"],"campfire_rested":3,"item_purchase_floors":[4,4,10,19,28,36,36],"current_hp_per_floor":[80,79,76,76,71,57,80,80,80,80,54,78,78,69,69,23,82,81,81,81,78,80,80,68,68,68,68,68,66,68,62,62,64,82,82,82,62,52,56,60,60,29,29,13,33,60,55,64,64,68],"gold":307,"neow_bonus":"HUNDRED_GOLD","is_daily":false,"chose_seed":false,"campfire_upgraded":5,"win_rate":0.0,"timestamp":1613116945,"path_taken":["M","M","M","$","M","E","R","?","T","$","E","R","?","E","R","BOSS","M","$","?","M","?","R","E","R","T","R","?","M","E","M","R","BOSS","?","T","?","?","?","E","?","E","T","E","?","T","?","?","T","BOSS"],"items_purchased_type":["Relic","Card","Relic","Relic","Relic","Relic","Relic"],"build_version":"2020-12-22","purchased_purges":3,"victory":true,"max_hp_per_floor":[80,80,80,80,80,80,80,80,80,80,80,80,80,80,80,82,82,82,82,82,82,82,82,82,82,82,82,82,82,82,82,82,82,82,82,82,82,90,90,90,90,90,90,90,90,90,90,90,90,90],"relic_stats":{"counters":[26,88],"Ornamental Fan":[64],"Pen Nib":[18],"Champion Belt":[56],"Question Card":4,"obtain_stats":[{"Gremlin Food":6,"Lantern":4,"ReplayTheSpireMod:CursedCoin":10,"Dota2Spire:ArmletOfMordiggian":14,"Dota2Spire:DrumOfEndurance":26,"Painkiller Herb":34,"theForsaken:Lifeblossom":40,"Pen Nib":11,"Dota2Spire:Bloodstone":17,"Dota2Spire:HeartOfTarrasque":38,"theForsaken:Gavel":9,"Question Card":42,"Burning Blood":0,"Dota2Spire:LotusOrb":43,"Dota2Spire:MagicBottle":30,"Replay:Baseball":37,"Dota2Spire:CrimsonGuard":24,"Ornamental Fan":41,"Dota2Spire:AssaultCuirass":19,"Champion Belt":28,"Membership Card":36,"ReplayTheSpireMod:Lightbulb":44,"Dota2Spire:Desolator":36},{"Gremlin Food":5,"Lantern":3,"ReplayTheSpireMod:CursedCoin":5,"Dota2Spire:ArmletOfMordiggian":7,"Dota2Spire:DrumOfEndurance":12,"Painkiller Herb":16,"theForsaken:Lifeblossom":20,"Pen Nib":6,"Dota2Spire:Bloodstone":8,"Dota2Spire:HeartOfTarrasque":18,"theForsaken:Gavel":5,"Question Card":21,"Burning Blood":0,"Dota2Spire:LotusOrb":21,"Dota2Spire:MagicBottle":14,"Replay:Baseball":17,"Dota2Spire:CrimsonGuard":12,"Ornamental Fan":20,"Dota2Spire:AssaultCuirass":9,"Champion Belt":12,"Membership Card":17,"ReplayTheSpireMod:Lightbulb":22,"Dota2Spire:Desolator":17},{"Gremlin Food":20,"Lantern":8,"ReplayTheSpireMod:CursedCoin":20,"Dota2Spire:ArmletOfMordiggian":29,"Dota2Spire:DrumOfEndurance":46,"Painkiller Herb":56,"theForsaken:Lifeblossom":66,"Pen Nib":25,"Dota2Spire:Bloodstone":35,"Dota2Spire:HeartOfTarrasque":62,"theForsaken:Gavel":20,"Question Card":69,"Burning Blood":0,"Dota2Spire:LotusOrb":69,"Dota2Spire:MagicBottle":50,"Replay:Baseball":58,"Dota2Spire:CrimsonGuard":46,"Ornamental Fan":66,"Dota2Spire:AssaultCuirass":38,"Champion Belt":46,"Membership Card":58,"ReplayTheSpireMod:Lightbulb":73,"Dota2Spire:Desolator":58}],"Burning Blood":148},"card_choices":[{"not_picked":["Dark Embrace","True Grit"],"picked":"Run Through","floor":1},{"not_picked":["Anger","ReplayTheSpireMod:Strike From Hell","Wild Strike"],"picked":"SKIP","floor":2},{"not_picked":["Anger","Flex"],"picked":"Clash","floor":3},{"not_picked":["Body Slam","Havoc"],"picked":"Limit Break","floor":5},{"not_picked":["ReplayTheSpireMod:Muscle Training","Wild Strike"],"picked":"Cleave","floor":6},{"not_picked":["ReplayReversal","Abandon"],"picked":"Carnage","floor":11},{"not_picked":["Havoc","Warcry","Headbutt"],"picked":"SKIP","floor":14},{"not_picked":["Brutality","Juggernaut"],"picked":"Bludgeon","floor":16},{"not_picked":["Replay:Undeath\u0027s Touch","Run Through","Havoc"],"picked":"SKIP","floor":18},{"not_picked":["Life Link","Searing Blow","Disarm"],"picked":"SKIP","floor":21},{"not_picked":["Sword Boomerang","Clothesline"],"picked":"Clash","floor":22},{"not_picked":["Armaments+1","Defy Death+1","Burning Pact"],"picked":"SKIP","floor":24},{"not_picked":["Rupture","Battle Trance","Corruption"],"picked":"SKIP","floor":29},{"not_picked":["Reckless Charge+1","Clash"],"picked":"Whirlwind+1","floor":30},{"not_picked":["Battle Trance","Anger"],"picked":"Thunderclap","floor":31},{"not_picked":["Offering","Bludgeon"],"picked":"Feed","floor":33},{"not_picked":["Hemokinesis+1","Armaments","Dual Wield"],"picked":"SKIP","floor":35},{"not_picked":["Run Through+1","Offering"],"picked":"Cleave+1","floor":39},{"not_picked":["Shrug It Off","Anger+1","Rage"],"picked":"SKIP","floor":40},{"not_picked":["Sword Boomerang","True Grit","Replay:Undeath\u0027s Touch+1"],"picked":"SKIP","floor":42},{"not_picked":["ReplayTheSpireMod:Corrosion Curse+1","Feed","Warcry","Sever Soul+1"],"picked":"SKIP","floor":44},{"not_picked":["Run Through","Headbutt+1","Thunderclap","Iron Wave+1"],"picked":"SKIP","floor":45},{"not_picked":["Reckless Charge+1","Body Slam+1","True Grit+1","Second Wind+1"],"picked":"SKIP","floor":47},{"not_picked":["ReplayReversal","Clash+1","Replay:Undeath\u0027s Touch+1"],"picked":"Whirlwind+1","floor":48}],"player_experience":15241,"relics_obtained":[{"floor":6,"key":"Gremlin Food"},{"floor":9,"key":"theForsaken:Gavel"},{"floor":11,"key":"Pen Nib"},{"floor":14,"key":"Dota2Spire:ArmletOfMordiggian"},{"floor":24,"key":"Dota2Spire:CrimsonGuard"},{"floor":26,"key":"Dota2Spire:DrumOfEndurance"},{"floor":30,"key":"Dota2Spire:MagicBottle"},{"floor":37,"key":"Replay:Baseball"},{"floor":38,"key":"Dota2Spire:HeartOfTarrasque"},{"floor":40,"key":"theForsaken:Lifeblossom"},{"floor":41,"key":"Ornamental Fan"},{"floor":42,"key":"Question Card"},{"floor":43,"key":"Dota2Spire:LotusOrb"},{"floor":44,"key":"ReplayTheSpireMod:Lightbulb"}],"event_choices":[{"cards_removed":["Defend_R"],"damage_healed":0,"gold_gain":0,"player_choice":"Card Removal","damage_taken":0,"max_hp_gain":0,"max_hp_loss":0,"event_name":"The Cleric","floor":8,"gold_loss":50},{"damage_healed":0,"gold_gain":0,"player_choice":"Ignored","damage_taken":166,"max_hp_gain":0,"max_hp_loss":0,"event_name":"betterThird:BetterSerpent","floor":13,"gold_loss":0},{"cards_removed":["Defend_R"],"damage_healed":0,"gold_gain":0,"player_choice":"Offered Basic","damage_taken":0,"max_hp_gain":0,"max_hp_loss":0,"event_name":"Bonfire Elementals","floor":20,"gold_loss":0},{"damage_healed":0,"gold_gain":0,"player_choice":"Fight","damage_taken":0,"max_hp_gain":0,"max_hp_loss":0,"event_name":"MindBloom","floor":38,"gold_loss":0}],"is_beta":false,"boss_relics":[{"not_picked":["Runic Pyramid","Empty Cage"],"picked":"Dota2Spire:Bloodstone"},{"not_picked":["Honey Jar","Snecko Eye"],"picked":"Painkiller Herb"}],"items_purged_floors":[4,10,19],"is_endless":false,"potions_floor_spawned":[1,14,16,21,24,33,38,44,47,48],"ascension_level":3}}