{"host":"11728qvdvolffudn","time":1613145174,"event":{"mods":["BaseMod","Block Reminder","Colored Powertips","Curses Come First","Custom Start","Displayed Cursed Tome","Highlight Path","Minty Spire (QoL Compilation)","Permanent Neow","Quick Restart","Rare Cards Sparkle","Relic Stats","StSLib","Weighted Paths"],"gold_per_floor":[118,133,133,133,146,146,146,146,169,169,169,181,191,204,204,204,204],"floor_reached":16,"language":"ENG","playtime":888,"items_purged":[],"score":110,"play_id":"ef36b47f-2383-4fda-bfaa-5dc273cca2fc","local_time":"20210212155254","is_ascension_mode":true,"campfire_choices":[{"data":"Whirlwind","floor":6,"key":"SMITH"},{"data":"Inflame","floor":8,"key":"SMITH"},{"data":"Defend_R","floor":11,"key":"SMITH"},{"data":"Feed","floor":15,"key":"SMITH"}],"circlet_count":0,"master_deck":["Strike_R","Strike_R","Strike_R","Strike_R","Defend_R+1","Defend_R","Defend_R","Defend_R+1","Bash","Inflame+1","Whirlwind+1","Regret","Feed+1"],"relics":["Burning Blood","Mercury Hourglass","Nunchaku"],"acts_visited":["Exordium"],"potions_floor_usage":[16],"damage_taken":[{"damage":6,"enemies":"2 Louse","floor":1,"turns":3},{"damage":7,"enemies":"Jaw Worm","floor":2,"turns":3},{"damage":0,"enemies":"Small Slimes","floor":5,"turns":2},{"damage":1,"enemies":"2 Fungi Beasts","floor":12,"turns":2},{"damage":0,"enemies":"Gremlin Gang","floor":13,"turns":2},{"damage":10,"enemies":"Blue Slaver","floor":14,"turns":3},{"damage":79,"enemies":"Hexaghost","floor":16,"turns":9}],"seed_played":"-7002469722468796539","potions_obtained":[{"floor":2,"key":"Weak Potion"},{"floor":5,"key":"GamblersBrew"},{"floor":12,"key":"SpeedPotion"}],"is_trial":false,"path_per_floor":["M","M","?","?","M","R","?","R","T","?","R","M","M","M","R","B"],"character_chosen":"IRONCLAD","items_purchased":[],"campfire_rested":0,"item_purchase_floors":[],"current_hp_per_floor":[80,79,72,72,78,78,78,78,78,78,78,80,80,79,79,0,0],"gold":204,"neow_bonus":"THREE_CARDS","is_daily":false,"chose_seed":false,"campfire_upgraded":4,"win_rate":0.0,"timestamp":1613145174,"path_taken":["M","M","?","?","M","R","?","R","T","?","R","M","M","M","R","BOSS"],"items_purchased_type":[],"build_version":"2020-12-22","purchased_purges":0,"victory":false,"max_hp_per_floor":[80,80,80,80,80,80,80,80,80,80,80,80,80,83,83,83,83],"relic_stats":{"Nunchaku":[2],"counters":[7,24],"obtain_stats":[{"Nunchaku":9,"Burning Blood":0,"Mercury Hourglass":4},{"Nunchaku":3,"Burning Blood":0,"Mercury Hourglass":2},{"Nunchaku":8,"Burning Blood":0,"Mercury Hourglass":6}],"Burning Blood":27,"Mercury Hourglass":[75]},"card_choices":[{"not_picked":["Heavy Blade","Shockwave"],"picked":"Inflame","floor":0},{"not_picked":["Body Slam","Rupture"],"picked":"Whirlwind","floor":1},{"not_picked":["Shockwave","Anger","Perfected Strike"],"picked":"SKIP","floor":2},{"not_picked":["Headbutt","Anger","Entrench"],"picked":"SKIP","floor":5},{"not_picked":["Power Through","Sword Boomerang","Havoc"],"picked":"SKIP","floor":12},{"not_picked":["Havoc","Clothesline"],"picked":"Feed","floor":13},{"not_picked":["Infernal Blade","Sword Boomerang","Burning Pact"],"picked":"SKIP","floor":14}],"player_experience":202937,"relics_obtained":[{"floor":9,"key":"Nunchaku"}],"event_choices":[{"cards_removed":["Strike_R"],"damage_healed":0,"gold_gain":0,"player_choice":"Card Removal","damage_taken":7,"max_hp_gain":0,"max_hp_loss":0,"event_name":"Golden Wing","floor":3,"gold_loss":0},{"damage_healed":0,"gold_gain":0,"player_choice":"Box","damage_taken":0,"relics_obtained":["Mercury Hourglass"],"max_hp_gain":0,"max_hp_loss":0,"event_name":"Big Fish","floor":4,"gold_loss":0,"cards_obtained":["Regret"]},{"damage_healed":0,"gold_gain":0,"player_choice":"Ignored","damage_taken":0,"max_hp_gain":0,"max_hp_loss":0,"event_name":"Liars Game","floor":7,"gold_loss":0},{"damage_healed":0,"gold_gain":0,"player_choice":"Grow","damage_taken":0,"max_hp_gain":0,"max_hp_loss":0,"event_name":"Living Wall","floor":10,"gold_loss":0,"cards_upgraded":["Defend_R"]}],"is_beta":false,"boss_relics":[],"items_purged_floors":[],"is_endless":false,"potions_floor_spawned":[2,5,12,13],"killed_by":"Hexaghost","ascension_level":4}}