{"host":"iy54rgx5egu9t31x","time":1613128933,"event":{"mods":["2.2 Compatiblity","Act Like it!","Always Whale","BaseMod","Downfall","Gensokyo","Marisa¡]Ãú«B¡@Å]²z¨F¡^","Minty Spire (QoL Compilation)","Quick Restart","StSLib","SuperFastMode"],"gold_per_floor":[99,113,124,137,151,13,13,13,42,42,42,62,62,72,89,89,89],"floor_reached":16,"language":"ZHS","playtime":610,"items_purged":[],"score":104,"play_id":"bd2710a7-d202-40c7-a278-97727b670af2","local_time":"20210212192213","is_ascension_mode":false,"campfire_choices":[{"floor":1.0,"key":"RECALL"},{"data":"bronze:Virus","floor":8.0,"key":"SMITH"},{"data":"bronze:BuggyMess","floor":10,"key":"SMITH"},{"data":"bronze:Turbo","floor":13,"key":"SMITH"}],"circlet_count":0,"master_deck":["bronze:Strike","bronze:Strike","bronze:Strike","bronze:Strike","bronze:Defend","bronze:Defend","bronze:Defend","bronze:Defend","bronze:Replicate","bronze:Goto","Doubt","bronze:Virus+1","bronze:Flail","bronze:CutThrough","bronze:Repulsor","bronze:BuggyMess+1","Gensokyo:RustyChest","Gensokyo:TarnishedGold","bronze:Turbo+1","Injury","bronze:Safeguard","bronze:Shell","bronze:FindAndReplace"],"relics":["bronze:BronzeCore","Mango","Unceasing Top","Pantograph","hexamod:CandleOfCauterizing","Ancient Tea Set"],"acts_visited":["Gensokyo:Gensokyo"],"potions_floor_usage":[9,16,16,16],"damage_taken":[{"damage":6.0,"enemies":"Gensokyo:2_Kodama","floor":2.0,"turns":2.0},{"damage":6.0,"enemies":"Gensokyo:Gryphon","floor":3.0,"turns":3.0},{"damage":0.0,"enemies":"Gensokyo:3_Fairies","floor":4.0,"turns":3.0},{"damage":9.0,"enemies":"Gensokyo:Gryphon_and_Rabbit","floor":5.0,"turns":3.0},{"damage":44,"enemies":"Gensokyo:Aya","floor":9,"turns":8},{"damage":0,"enemies":"Gensokyo:LivingMonolith","floor":12,"turns":3},{"damage":12,"enemies":"Gensokyo:Kitsune","floor":14,"turns":4},{"damage":0,"enemies":"Gensokyo:5_Fairies","floor":15,"turns":2},{"damage":36,"enemies":"WA_ARCHETYPE_RETAIN","floor":16,"turns":6}],"seed_played":"-7797965647964395130","potions_obtained":[{"floor":2.0,"key":"SpeedPotion"},{"floor":12,"key":"Block Potion"},{"floor":14,"key":"Swift Potion"},{"floor":15,"key":"SkillPotion"}],"is_trial":false,"path_per_floor":["R","M","M","M","M","COS","T","R","E","R","?","M","R","M","M","B"],"character_chosen":"THE_AUTOMATON","items_purchased":[],"campfire_rested":0,"item_purchase_floors":[],"current_hp_per_floor":[70,64,58,58,49,49,63,63,19,19,19,19,19,7,7,0,0,0],"gold":89,"neow_bonus":"THREE_RARE_CARDS","is_daily":false,"chose_seed":false,"campfire_upgraded":3,"win_rate":0.0,"timestamp":1613128933,"path_taken":["R","M","?","M","M","COS","T","R","E","R","?","M","R","M","M","BOSS"],"items_purchased_type":[],"build_version":"2020-12-22","purchased_purges":0,"victory":false,"max_hp_per_floor":[70,70,70,70,70,70,84,84,84,84,84,84,84,84,84,84,84,84],"card_choices":[{"not_picked":["bronze:Format","bronze:ShipIt"],"picked":"bronze:Virus","floor":0.0},{"not_picked":["bronze:DarkDash","bronze:DelayedGuard"],"picked":"bronze:Flail","floor":2.0},{"not_picked":["bronze:BugBarrage","bronze:Shield"],"picked":"bronze:CutThrough","floor":3.0},{"not_picked":["bronze:Frontload","bronze:Shield"],"picked":"bronze:Repulsor","floor":4.0},{"not_picked":["bronze:FineTuning","bronze:Overheat"],"picked":"bronze:BuggyMess","floor":5.0},{"not_picked":["bronze:BronzeOrb","bronze:Repulsor"],"picked":"bronze:Turbo","floor":9},{"not_picked":["bronze:Frontload","bronze:BugBarrage"],"picked":"bronze:Safeguard","floor":12},{"not_picked":["bronze:Overload","bronze:CutThrough"],"picked":"bronze:Shell","floor":14},{"not_picked":["bronze:Safeguard","bronze:BugBarrage"],"picked":"bronze:FindAndReplace","floor":15}],"player_experience":1084944,"relics_obtained":[{"floor":7.0,"key":"Mango"},{"floor":9,"key":"Unceasing Top"}],"event_choices":[],"is_beta":false,"boss_relics":[],"items_purged_floors":[],"is_endless":false,"potions_floor_spawned":[2,12,14,15],"killed_by":"WA_ARCHETYPE_RETAIN","ascension_level":0}}