{"host":"fpyz1np99lc1z3pg","time":1613136034,"event":{"mods":["BaseMod","BetterRewards","Defuse TimeMaze Blight","Downfall","Friendly Minions","Hubris","Infinite Spire","Koishi","Minty Spire (QoL Compilation)","READ ME - Guardian Mod","Remilia£®¿Ÿ√◊¿Ú—«£©","Replay The Spire","StSLib","Td1madao Mod","The Bug Knight","The Construct","The Hierophant","The Jungle","The Servant 0.9.4","Youmu£®ªÍ∆«—˝√Œ£©"],"gold_per_floor":[110,110,110,126,140,150,182,32,58,70,101,113,125,151,163,274,286,311,323,349,361,373,399,411,434,472,498,540,552,597,609,621,731,843,869,881,893,905,930,959,971,999,1021,1033,1045,1073,1085,1128,1155,1182,1194,1307,1319,1342,1354,577,577,581,595,599,612,612,659,659,684,684,686,686,758,758,754,753,752,752,752,752,752,780,700,701,701,694,694,516,526,526,526,586,586,584,934,921,921,522,504,504,505,505,505,530,530,539,557,557,662,662,686,716,716,725,739,739,801,807,881,892,940,1009,1042,1030,1030,1103,1103,1103,1103],"floor_reached":124,"language":"ZHS","playtime":27767,"items_purged":["Strike_S","downfall:Bewildered","Pain"],"score":2916,"play_id":"a763d027-658b-4b60-83e3-d161cc83fcfe","local_time":"20210212212034","is_ascension_mode":false,"campfire_choices":[{"floor":10,"key":"REST"},{"data":"BestPractice","floor":15,"key":"SMITH"},{"data":"FloweringNight","floor":24,"key":"SMITH"},{"floor":29,"key":"REST"},{"floor":32,"key":"REST"},{"floor":44,"key":"REST"},{"data":"FlawlessForm","floor":47,"key":"SMITH"},{"floor":51,"key":"REST"},{"data":"TheWorld","floor":64,"key":"SMITH"},{"data":"Sunlight","floor":66,"key":"SMITH"},{"data":"Apotheosis","floor":87,"key":"SMITH"},{"floor":96,"key":"DIG"},{"floor":99,"key":"DIG"},{"floor":101,"key":"DIG"},{"data":"KillingDoll","floor":104,"key":"SMITH"},{"floor":112,"key":"DIG"},{"data":"Pot Of Greed","floor":121,"key":"SMITH"}],"circlet_count":0,"master_deck":["Strike_S","Strike_S","Defend_S+1","Defend_S","Defend_S","Defend_S+1","KidneyShot","Exchange","Snipe","Defy","Potential","FloweringNight+1","SurpressingFire","Reset","BestPractice+1","Luminosity","FlawlessForm+1","Starlight","Spin+1","FastForward","Rearm","SilverBlades","StarChef","SpecialFormula+1","TheWorld+1","Starlight","Rewind","Unruled","DoubleEdge","Gouge+1","FastForward+1","BottledTime","RealityMarble+1","Foresight","MurderousAura","Ricochet","Sunlight+1","KidneyShot","TheWorld","Sabotage","Advance","Misdirection","MurderousAura","Advance","Potential","Solidify","infinitespire:FinalStrike","ForgedInTime","SilverBlades+1","Contraction","Read","Writhe","Initiator","FanOfKnives","Rewind","Advance","Amnesia","Parasite","hubris:Fate","Apotheosis+1","GearUp","Sunlight","CurseOfTheBell","GearUp","Replay:Hysterical Blindness","Doubt","KillingDoll+1","ReplayTheSpireMod:Echoes of Time","hubris:Rewind","ReplayTheSpireMod:Brewmster","Sabotage+1","Deny+1","Rearm+1","Pot Of Greed","Pot Of Greed","Pot Of Greed","Pot Of Greed","Pot Of Greed","Pot Of Greed","Pot Of Greed+1","GearUp","downfall:Bewildered","Collapse+1","Dilation+1","ReplayTheSpireMod:Doomed","Rewind","StarChef","Hightail","Desolation","Injury","Pot Of Greed","Solidify+1","MoonPhase","SoulSculpture+1","downfall:Haunted","Moonlight","SilverBlades","Starlight","Delirium","SpecialFormula","FlawlessForm+1"],"relics":["Uniform","Ring of Searing","ReplayTheSpireMod:Ring of Collecting","ReplayTheSpireMod:TigerMarble","Ring of Panic","MawBank","CultistMask","Replay:Bronze Core","sneckomod:BabySnecko","ReplayTheSpireMod:Ring of Exchange","War Paint","HollowMod:PaleOreRelic","Tiny Chest","Replay:Wanted Poster","WarpedTongs","Ring of Misfortune","infinitespire:EmpoweringShard","Strawberry","Honey Jar","ReplayTheSpireMod:Ring of Addiction","SacredBark","infinitespire:Lychee Nut","White Beast Statue","ClockworkSouvenir","Incense Burner","Blood Vial","Ring of Peace","Replay:WaspNest","Garlic","Ring of Fangs","infinitespire:Beetle Shell","bronze:MakeshiftBattery","BargainBundle","Shovel","hubris:ToyBattleship","hubris:TenFootPole","Ring of Hypnosis","infinitespire:Lucky Rock","Ring of Fury","Replay:Wax Seal","Calling Bell","Smiling Mask","Replay:Bottled Flurry","Counterbalance","Ring of Greed","hubris:Metronome","The Courier","Old Coin","hubris:BottledRain","Golden Egg","Replay:Baseball","Pen Nib","hubris:GlazedTorus","ReplayTheSpireMod:Ring of Sloth","Matryoshka","Replay:Bandana","Grinning Jar","SlaversCollar","Mercury Hourglass","Toy Ornithopter","Anchor","ReplayTheSpireMod:Ring of Challenge","Ancient Tea Set","Eternal Feather","infinitespire:Eraser","Replay:Fungal Core"],"acts_visited":["Exordium","TheCity","TheBeyond","Exordium","Exordium","TheBeyond","Exordium","Exordium"],"potions_floor_usage":[16,16,20,28,28,33,33,43,48,52,52,58,60,61,67,69,69,73,80,80,82,82,85,88,88,90,90,92,95,97,100,102,103,105,105,105,108,111,113,114,116,116,117,118,118,122,122],"damage_taken":[{"damage":0,"enemies":"Jaw Worm","floor":1,"turns":4},{"damage":10,"enemies":"2 Louse","floor":4,"turns":2},{"damage":10,"enemies":"Cultist","floor":5,"turns":3},{"damage":0,"enemies":"3 Louse","floor":6,"turns":5},{"damage":15,"enemies":"3 Sentries","floor":7,"turns":8},{"damage":7,"enemies":"Blue Slaver","floor":11,"turns":6},{"damage":0,"enemies":"Looter","floor":14,"turns":3},{"damage":17,"enemies":"Fading Forest","floor":16,"turns":11},{"damage":20,"enemies":"3 Byrds","floor":18,"turns":5},{"damage":0,"enemies":"Chosen","floor":20,"turns":6},{"damage":1,"enemies":"Shelled Parasite and Fungi","floor":23,"turns":3},{"damage":0,"enemies":"Snecko","floor":25,"turns":4},{"damage":0,"enemies":"Centurion and Healer","floor":27,"turns":7},{"damage":17,"enemies":"Slavers","floor":28,"turns":3},{"damage":18,"enemies":"Nightmare","floor":30,"turns":9},{"damage":8,"enemies":"Champ","floor":33,"turns":8},{"damage":11,"enemies":"Orb Walker","floor":35,"turns":4},{"damage":0,"enemies":"3 Shapes","floor":39,"turns":3},{"damage":14,"enemies":"Transient","floor":40,"turns":5},{"damage":21,"enemies":"3 Darklings","floor":42,"turns":3},{"damage":39,"enemies":"Writhing Mass","floor":43,"turns":6},{"damage":4,"enemies":"4 Shapes","floor":46,"turns":3},{"damage":20,"enemies":"HollowMod:StalkingDevout","floor":48,"turns":6},{"damage":0,"enemies":"Transient","floor":49,"turns":5},{"damage":0,"enemies":"3 Darklings","floor":50,"turns":2},{"damage":82,"enemies":"Awakened One","floor":52,"turns":8},{"damage":0,"enemies":"Cultist","floor":54,"turns":2},{"damage":5,"enemies":"Small Slimes","floor":58,"turns":2},{"damage":18,"enemies":"Replay:BlueRogue","floor":59,"turns":3},{"damage":1,"enemies":"Jaw Worm","floor":60,"turns":2},{"damage":0,"enemies":"Exordium Wildlife","floor":61,"turns":1},{"damage":8,"enemies":"Gremlin Nob","floor":63,"turns":3},{"damage":0,"enemies":"Looter","floor":67,"turns":1},{"damage":29,"enemies":"The Guardian","floor":69,"turns":4},{"damage":0,"enemies":"Shell Parasite","floor":71,"turns":2},{"damage":0,"enemies":"theJungle:GiantWrat","floor":72,"turns":2},{"damage":0,"enemies":"theJungle:Snecko_Cultist_And_Trap","floor":73,"turns":3},{"damage":0,"enemies":"theJungle:Cassacara","floor":78,"turns":1},{"damage":0,"enemies":"theJungle:MamaSnecko","floor":80,"turns":3},{"damage":0,"enemies":"theJungle:SlimyTreeVines","floor":82,"turns":3},{"damage":0,"enemies":"theJungle:Lyon","floor":85,"turns":2},{"damage":0,"enemies":"theJungle:QueenSpyder","floor":88,"turns":4},{"damage":16,"enemies":"3 Shapes","floor":90,"turns":4},{"damage":0,"enemies":"Orb Walker","floor":92,"turns":3},{"damage":0,"enemies":"Nightmare","floor":95,"turns":3},{"damage":0,"enemies":"Giant Head","floor":97,"turns":4},{"damage":0,"enemies":"Jaw Worm Horde","floor":100,"turns":4},{"damage":0,"enemies":"Maw","floor":102,"turns":2},{"damage":6,"enemies":"4 Shapes","floor":103,"turns":3},{"damage":58,"enemies":"infinitespire:MassOfShapes","floor":105,"turns":5},{"damage":0,"enemies":"Small Slimes","floor":107,"turns":2},{"damage":0,"enemies":"Jaw Worm","floor":108,"turns":1},{"damage":0,"enemies":"Cultist","floor":110,"turns":1},{"damage":0,"enemies":"Lots of Slimes","floor":111,"turns":1},{"damage":36,"enemies":"Nightmare","floor":113,"turns":4},{"damage":0,"enemies":"3 Louse","floor":114,"turns":1},{"damage":0,"enemies":"Exordium Wildlife","floor":116,"turns":1},{"damage":0,"enemies":"3 Sentries","floor":117,"turns":2},{"damage":0,"enemies":"2 Fungi Beasts","floor":118,"turns":1},{"damage":0,"enemies":"Blue Slaver","floor":119,"turns":1},{"damage":0,"enemies":"Large Slime","floor":120,"turns":1},{"damage":0,"enemies":"The Guardian","floor":122,"turns":3},{"damage":72,"enemies":"theJungle:MUSHROOMGANG","floor":124,"turns":6}],"seed_played":"607496393670722089","potions_obtained":[{"floor":6,"key":"ColorlessPotion"},{"floor":7,"key":"FearPotion"},{"floor":11,"key":"Ancient Potion"},{"floor":20,"key":"Adrenaline Potion"},{"floor":25,"key":"EssenceOfSteel"},{"floor":31,"key":"Dexterity Potion"},{"floor":31,"key":"FearPotion"},{"floor":40,"key":"FairyPotion"},{"floor":42,"key":"Fire Potion"},{"floor":46,"key":"Explosive Potion"},{"floor":48,"key":"Cursed Concoction"},{"floor":55,"key":"Fire Potion"},{"floor":55,"key":"Toxic Potion"},{"floor":55,"key":"Energy Potion"},{"floor":58,"key":"Energy Potion"},{"floor":59,"key":"Fire Potion"},{"floor":60,"key":"EntropicBrew"},{"floor":61,"key":"Dexterity Potion"},{"floor":63,"key":"Ancient Potion"},{"floor":67,"key":"champ:CounterPotion"},{"floor":69,"key":"Milkshake"},{"floor":71,"key":"Block Potion"},{"floor":72,"key":"Flashbang"},{"floor":73,"key":"ColorlessPotion"},{"floor":78,"key":"PowerPotion"},{"floor":80,"key":"LiquidMemories"},{"floor":82,"key":"SmokeBomb"},{"floor":85,"key":"bronze:BurnAndBuffPotion"},{"floor":88,"key":"Fire Potion"},{"floor":90,"key":"SneckoOil"},{"floor":92,"key":"LifebloodPotion"},{"floor":95,"key":"Strength Potion"},{"floor":97,"key":"Energy Potion"},{"floor":100,"key":"SpeedPotion"},{"floor":102,"key":"Fire Potion"},{"floor":103,"key":"Flashbang"},{"floor":105,"key":"Flashbang"},{"floor":107,"key":"Milkshake"},{"floor":108,"key":"Fire Potion"},{"floor":110,"key":"Ancient Potion"},{"floor":111,"key":"Explosive Potion"},{"floor":113,"key":"Adrenaline Potion"},{"floor":114,"key":"Strength Potion"},{"floor":116,"key":"Fire Potion"},{"floor":117,"key":"Fruit Juice"},{"floor":118,"key":"SkillPotion"},{"floor":119,"key":"PowerPotion"},{"floor":120,"key":"Block Potion"},{"floor":122,"key":"DuplicationPotion"}],"is_trial":false,"path_per_floor":["M","?","?","M","M","M","E","$","T","R","M","?","?","M","R","B",null,"M","?","M","AVR","?","M","R","M","T","M","E","R","NM","?","R","B",null,"M","?","PTL","PTL","M","M","?","M","M","R","T","M","R","E","M","M","R","B",null,"M","T","$","?","M","E","M","M","T","?","R","T","R","M","R","B",null,"M","M","M","AVR","?","PTL","PTL","E","$","E","T","M","?","$","M","T","R","B",null,"M","T","M","AVR","$","NM","R","E","T","R","M","R","M","M","R","B",null,"M","M","AVR","M","M","R","NM","M","T","M","E","M","M","M","R","B",null,"M"],"character_chosen":"THE_SERVANT","items_purchased":["SurpressingFire","ClockworkSouvenir","Incense Burner","Sunlight","Fruit Juice","FanOfKnives","Apotheosis","ReplayTheSpireMod:Brewmster","Golden Egg"],"campfire_rested":5,"item_purchase_floors":[8,56,56,56,56,79,84,94,94],"current_hp_per_floor":[71,71,71,61,51,51,36,36,36,57,50,50,50,50,50,43,71,51,51,51,51,51,50,50,50,50,50,33,54,36,36,57,57,71,60,60,60,60,68,65,65,50,19,40,40,44,44,39,47,55,78,31,78,78,58,58,58,63,55,67,68,68,62,62,62,62,66,66,43,66,66,66,64,64,64,64,62,62,62,60,60,60,60,60,60,60,60,60,60,47,47,60,60,60,60,60,60,60,60,60,60,60,54,54,3,60,60,60,60,60,60,60,25,32,32,44,60,70,70,70,70,68,68,0,0],"gold":1103,"neow_bonus":"TEN_PERCENT_HP_BONUS","is_daily":false,"chose_seed":false,"campfire_upgraded":8,"win_rate":0.0,"timestamp":1613136034,"path_taken":["M","?","?","?","M","M","E","$","T","R","M","?","?","?","R","BOSS","M","?","M","AVR","?","M","R","?","T","M","E","R","NM","?","R","BOSS","M","?","PTL","PTL","M","M","?","M","M","R","T","M","R","E","M","M","R","BOSS","M","?","$","?","?","E","M","M","T","?","R","?","R","M","R","BOSS","M","M","M","AVR","?","PTL","PTL","E","$","E","T","M","?","?","M","?","R","BOSS","M","?","M","AVR","?","NM","R","E","T","R","M","R","M","M","R","BOSS","M","M","AVR","M","M","R","NM","M","T","M","E","M","M","M","R","BOSS","M"],"items_purchased_type":["Card","Relic","Relic","Card","Potion","Card","Card","Card","Relic"],"build_version":"2020-12-22","purchased_purges":3,"victory":false,"max_hp_per_floor":[71,71,71,71,71,71,71,71,71,71,71,71,71,71,71,71,71,71,71,71,71,71,71,71,71,71,71,71,71,71,71,71,71,71,71,71,71,71,71,71,71,71,71,71,71,71,71,78,78,78,78,78,78,78,58,58,58,68,68,68,68,68,68,68,66,66,66,66,66,66,66,66,64,64,64,64,62,62,62,60,60,60,60,60,60,60,60,60,60,60,60,60,60,60,60,60,60,60,60,60,60,60,60,60,60,60,60,60,60,60,60,60,60,60,60,60,60,70,70,70,70,68,68,68,68],"card_choices":[{"not_picked":["Starlight","Defy"],"picked":"Snipe","floor":1},{"not_picked":["TimeWarp","Unruled","WasteNot"],"picked":"SKIP","floor":4},{"not_picked":["Misdirection","ShatteredReality"],"picked":"Defy","floor":5},{"not_picked":["Advance","Unruled"],"picked":"Potential","floor":6},{"not_picked":["Potential","FanOfKnives"],"picked":"FloweringNight","floor":7},{"not_picked":["Spin","Comet"],"picked":"Reset","floor":11},{"not_picked":["Unruled","Defy"],"picked":"Luminosity","floor":14},{"not_picked":["SoulSculpture","Duplication"],"picked":"FlawlessForm","floor":16},{"not_picked":["Hightail","SurpressingFire"],"picked":"Starlight","floor":18},{"not_picked":["Potential","Desolation"],"picked":"Spin+1","floor":20},{"not_picked":["Revamp","Spin"],"picked":"FastForward","floor":23},{"not_picked":["Comet","ShatteredReality+1"],"picked":"Rearm","floor":25},{"not_picked":["Potential","Rewind"],"picked":"SilverBlades","floor":27},{"not_picked":["BestPractice","Hightail"],"picked":"StarChef","floor":28},{"not_picked":["Barrier+1","Collapse+1"],"picked":"SpecialFormula+1","floor":30},{"not_picked":["Solidify","SoulSculpture"],"picked":"TheWorld","floor":33},{"not_picked":["BottledTime","SilverBlades"],"picked":"Starlight","floor":35},{"not_picked":["Replace","BottledTime"],"picked":"Rewind","floor":39},{"not_picked":["Alleviate+1","Hightail"],"picked":"Unruled","floor":40},{"not_picked":["Reset+1","Defy"],"picked":"DoubleEdge","floor":42},{"not_picked":["Starlight+1","Revamp+1"],"picked":"Gouge+1","floor":43},{"not_picked":["Collapse","StarChef+1"],"picked":"FastForward+1","floor":46},{"not_picked":["Alleviate","BestPractice+1"],"picked":"BottledTime","floor":48},{"not_picked":["ReturningBlade","Desolation+1"],"picked":"RealityMarble+1","floor":49},{"not_picked":["ShatteredReality+1","Collapse"],"picked":"Foresight","floor":50},{"not_picked":["Deny","Sunlight"],"picked":"MurderousAura","floor":52},{"not_picked":["Shuttle","Alleviate","Unruled"],"picked":"Ricochet","floor":54},{"not_picked":["Rearm","FastForward","ShatteredReality"],"picked":"Sabotage","floor":58},{"not_picked":["Revamp","Barrier","BottledTime"],"picked":"Advance","floor":59},{"not_picked":["ReturningBlade","Ricochet","TimeWarp"],"picked":"Misdirection","floor":60},{"not_picked":["ShiftingGears","Barrier","RealityMarble"],"picked":"MurderousAura","floor":61},{"not_picked":["Rearm","ShatteredReality","ReturningBlade"],"picked":"Advance","floor":63},{"not_picked":["Rewind","Unruled","ShatteredReality"],"picked":"Potential","floor":67},{"not_picked":["infinitespire:Punishment","infinitespire:Starlight"],"picked":"infinitespire:FinalStrike","floor":69},{"not_picked":["FloweringNight","LightFlow","Initiator"],"picked":"ForgedInTime","floor":69},{"not_picked":["FastForward","Ricochet","Replace"],"picked":"SilverBlades+1","floor":71},{"not_picked":["Defy","Collapse","Rewind"],"picked":"Contraction","floor":72},{"not_picked":["MoonPhase+1","DoubleEdge","Starlight"],"picked":"Read","floor":73},{"not_picked":["Spin","Starlight","Rewind+1"],"picked":"Initiator","floor":78},{"not_picked":["Revamp+1","Ricochet","Alleviate+1"],"picked":"Rewind","floor":80},{"not_picked":["Ricochet","ShatteredReality+1","Replace"],"picked":"Advance","floor":82},{"not_picked":["infinitespire:TheBestDefense","infinitespire:Collect"],"picked":"hubris:Fate","floor":83},{"not_picked":["FastForward","Starlight","Ricochet"],"picked":"GearUp","floor":85},{"not_picked":["Initiator","MurderousAura","FlawlessForm"],"picked":"Sunlight","floor":88},{"not_picked":["Rewind","Defy+1","Ricochet+1"],"picked":"GearUp","floor":90},{"not_picked":["BottledTime+1","FanOfKnives","Ricochet+1"],"picked":"KillingDoll","floor":92},{"not_picked":["Potential+1","WasteNot","Reset"],"picked":"Sabotage+1","floor":95},{"not_picked":["FanOfKnives+1","TimeWarp","FastForward"],"picked":"Deny","floor":97},{"not_picked":["Sabotage","Replace+1","Read"],"picked":"Rearm+1","floor":100},{"not_picked":["Defy+1","DoubleEdge+1","Unruled+1"],"picked":"GearUp","floor":102},{"not_picked":["Potential","Sabotage","TimeWarp+1"],"picked":"Collapse+1","floor":103},{"not_picked":["ForgedInTime","Initiator","MurderousAura"],"picked":"Dilation","floor":105},{"not_picked":["ShatteredReality","Replace","Revamp"],"picked":"Rewind","floor":107},{"not_picked":["Alleviate","FastForward","Potential"],"picked":"StarChef","floor":108},{"not_picked":["Barrier","Unruled","Contraction"],"picked":"Hightail","floor":110},{"not_picked":["Rearm","Rewind","WasteNot"],"picked":"Desolation","floor":111},{"not_picked":["Potential","SurpressingFire","Rearm"],"picked":"Solidify","floor":113},{"not_picked":["Alleviate","Contraction","Potential"],"picked":"MoonPhase","floor":114},{"not_picked":["ShatteredReality","Defy","FanOfKnives"],"picked":"SoulSculpture","floor":116},{"not_picked":["Unruled","Defy","DoubleEdge"],"picked":"Moonlight","floor":117},{"not_picked":["Shuttle","Replace","FastForward"],"picked":"SilverBlades","floor":118},{"not_picked":["ShatteredReality","Ricochet","GearUp"],"picked":"Starlight","floor":119},{"not_picked":["Rearm","FastForward","DualDimension"],"picked":"SpecialFormula","floor":120},{"not_picked":["PendulumOfEternity","Initiator","TheWorld"],"picked":"FlawlessForm","floor":122}],"player_experience":287481,"relics_obtained":[{"floor":2,"key":"Ring of Searing"},{"floor":2,"key":"ReplayTheSpireMod:Ring of Collecting"},{"floor":7,"key":"ReplayTheSpireMod:TigerMarble"},{"floor":9,"key":"Ring of Panic"},{"floor":9,"key":"MawBank"},{"floor":26,"key":"ReplayTheSpireMod:Ring of Exchange"},{"floor":26,"key":"War Paint"},{"floor":28,"key":"HollowMod:PaleOreRelic"},{"floor":30,"key":"Tiny Chest"},{"floor":45,"key":"Ring of Misfortune"},{"floor":45,"key":"infinitespire:EmpoweringShard"},{"floor":48,"key":"Strawberry"},{"floor":55,"key":"ReplayTheSpireMod:Ring of Addiction"},{"floor":55,"key":"SacredBark"},{"floor":55,"key":"infinitespire:Lychee Nut"},{"floor":55,"key":"White Beast Statue"},{"floor":59,"key":"Blood Vial"},{"floor":62,"key":"Ring of Peace"},{"floor":62,"key":"Replay:WaspNest"},{"floor":63,"key":"Garlic"},{"floor":65,"key":"Ring of Fangs"},{"floor":65,"key":"infinitespire:Beetle Shell"},{"floor":78,"key":"hubris:ToyBattleship"},{"floor":80,"key":"hubris:TenFootPole"},{"floor":81,"key":"Ring of Hypnosis"},{"floor":81,"key":"infinitespire:Lucky Rock"},{"floor":86,"key":"Ring of Fury"},{"floor":86,"key":"Replay:Wax Seal"},{"floor":89,"key":"Smiling Mask"},{"floor":89,"key":"Replay:Bottled Flurry"},{"floor":89,"key":"Counterbalance"},{"floor":91,"key":"Ring of Greed"},{"floor":91,"key":"hubris:Metronome"},{"floor":91,"key":"The Courier"},{"floor":91,"key":"Old Coin"},{"floor":95,"key":"Replay:Baseball"},{"floor":96,"key":"Pen Nib"},{"floor":97,"key":"hubris:GlazedTorus"},{"floor":98,"key":"ReplayTheSpireMod:Ring of Sloth"},{"floor":98,"key":"Matryoshka"},{"floor":99,"key":"Replay:Bandana"},{"floor":101,"key":"Grinning Jar"},{"floor":112,"key":"Toy Ornithopter"},{"floor":113,"key":"Anchor"},{"floor":115,"key":"ReplayTheSpireMod:Ring of Challenge"},{"floor":115,"key":"Ancient Tea Set"},{"floor":115,"key":"Eternal Feather"},{"floor":117,"key":"infinitespire:Eraser"}],"event_choices":[{"cards_removed":["Amnesia"],"damage_healed":0,"gold_gain":0,"player_choice":"Removed Curses","damage_taken":0,"max_hp_gain":0,"max_hp_loss":0,"event_name":"Fountain of Cleansing","floor":3,"gold_loss":0},{"damage_healed":0,"gold_gain":0,"player_choice":"Trade","damage_taken":0,"relics_obtained":["CultistMask"],"max_hp_gain":0,"max_hp_loss":0,"event_name":"FaceTrader","floor":13,"gold_loss":0},{"damage_healed":0,"gold_gain":0,"player_choice":"Bought 0 Potions","damage_taken":0,"max_hp_gain":0,"max_hp_loss":0,"event_name":"The Woman in Blue","floor":22,"gold_loss":0},{"damage_healed":0,"gold_gain":0,"player_choice":"Got Potions","damage_taken":0,"max_hp_gain":0,"max_hp_loss":0,"event_name":"Lab","floor":31,"gold_loss":0},{"damage_healed":0,"gold_gain":0,"player_choice":"Ignored","damage_taken":0,"max_hp_gain":0,"max_hp_loss":0,"event_name":"Tomb of Lord Red Mask","floor":36,"gold_loss":0},{"damage_healed":0,"gold_gain":0,"player_choice":"Rummage","damage_taken":0,"relics_obtained":["WarpedTongs"],"max_hp_gain":0,"max_hp_loss":0,"event_name":"Accursed Blacksmith","floor":41,"gold_loss":0,"cards_obtained":["Pain"]},{"damage_healed":0,"gold_gain":0,"player_choice":"2 cards matched","damage_taken":0,"max_hp_gain":0,"max_hp_loss":0,"event_name":"Match and Keep!","floor":57,"gold_loss":0,"cards_obtained":["KidneyShot","TheWorld"]},{"damage_healed":0,"gold_gain":0,"player_choice":"Searched \u00271\u0027 times","damage_taken":0,"max_hp_gain":0,"max_hp_loss":0,"event_name":"Dead Adventurer","floor":63,"gold_loss":0}],"is_beta":false,"boss_relics":[{"not_picked":["hubris:ScarierMask","hubris:Backtick"],"picked":"Replay:Bronze Core"},{"not_picked":["Snecko Eye","Strange Spoon"],"picked":"Replay:Wanted Poster"},{"not_picked":["Cauldron","Chemical X"],"picked":"Honey Jar"},{"not_picked":["Tiny House","SplendidAttire"],"picked":"bronze:MakeshiftBattery"},{"not_picked":["Replay:Grab Bag","Fusion Hammer"],"picked":"Calling Bell"},{"not_picked":["MysterySword","ChewingGum"],"picked":"SlaversCollar"},{"not_picked":["Ring of Chaos","Pandora\u0027s Box"],"picked":"Replay:Fungal Core"}],"items_purged_floors":[8,56,94],"is_endless":true,"potions_floor_spawned":[6,7,11,20,25,27,40,42,46,48,58,59,60,61,63,67,69,71,72,73,78,80,82,85,88,90,92,95,97,100,102,103,105,107,108,110,111,113,114,116,117,118,119,120,122],"killed_by":"theJungle:MUSHROOMGANG","ascension_level":0}}