{"host":"Luke","time":1613148982,"event":{"mods":["BaseMod","Downfall","Hermit","Minty Spire (QoL Compilation)","StSLib"],"gold_per_floor":[99,118,137,137,155,330,330,330,330,230,48,48,61,46,60,164,164,164,184,24,37,312,322,322,350,350,350,15,25,42,42,56,156,156,156,176,195,48,67,117,144,144,175,56,56,56,89,105,121,121,121,121],"floor_reached":50,"language":"ENG","playtime":4785,"items_purged":[],"score":710,"play_id":"04932958-2f75-49da-88d9-9f03802fffa5","local_time":"20210212165622","is_ascension_mode":false,"campfire_choices":[{"data":"bronze:Goto","floor":1,"key":"SMITH"},{"floor":8,"key":"RECALL"},{"data":"bronze:ItsAFeature","floor":10,"key":"SMITH"},{"data":"bronze:Format","floor":18,"key":"SMITH"},{"floor":26,"key":"REST"},{"data":"bronze:Mutator","floor":35,"key":"SMITH"},{"floor":45,"key":"REST"}],"circlet_count":0,"master_deck":["bronze:Defend+1","bronze:Defend+1","bronze:Defend+1","bronze:Defend+1","bronze:Replicate+1","bronze:Goto+1","bronze:WhirlingStrike+1","bronze:ItsAFeature+1","bronze:ChildClass","Doubt","Regret","bronze:FineTuning+1","expansioncontent:QuickStudy+1","Decay","bronze:CloningBeam","bronze:ChildClass","bronze:Deprecate","bronze:Format+1","CurseOfTheBell","bronze:Invalidate","bronze:FollowUp+1","bronze:Format+1","bronze:DelayedSlice","bronze:OilSpill+1","bronze:GetLatest+1","bronze:MaxOutput","Bite","Bite","Bite","Bite","Bite","bronze:RecursiveStrike","bronze:Optimize","bronze:Repair","bronze:Fortify","bronze:Return","bronze:SpaghettiCode","bronze:DelayedSlice","bronze:Mutator+1","bronze:Backtrace","Apotheosis","bronze:BitShift+1","bronze:HyperBeam","Bandage Up","bronze:BugBarrage+1","downfall:Haunted","Writhe","bronze:AlphaBuild","downfall:Haunted","Parasite","bronze:Allocate+1"],"relics":["bronze:BronzeCore","Blue Candle","CaptainsWheel","downfall:HeartBlessingRed","Calling Bell","Omamori","StrikeDummy","Lizard Tail","DollysMirror","The Courier","Dream Catcher","Toy Ornithopter","TungstenRod","Black Star","Calipers","bronze:ProtectiveGoggles","Akabeko","Du-Vu Doll","Darkstone Periapt","Oddly Smooth Stone"],"acts_visited":["Exordium","TheCity","TheBeyond"],"potions_floor_usage":[13,15,20,25,33,33,33,33,33,33,39,39,40,43,47],"damage_taken":[{"damage":0,"enemies":"2 Louse","floor":2,"turns":4},{"damage":1,"enemies":"Cultist","floor":3,"turns":3},{"damage":0,"enemies":"Small Slimes","floor":5,"turns":1},{"damage":2,"enemies":"downfall:FleeingMerchant","floor":11,"turns":4},{"damage":10,"enemies":"3 Louse","floor":13,"turns":3},{"damage":3,"enemies":"downfall:FleeingMerchant","floor":14,"turns":4},{"damage":1,"enemies":"Exordium Wildlife","floor":15,"turns":2},{"damage":43,"enemies":"WA_ARCHETYPE_RETAIN","floor":16,"turns":9},{"damage":1,"enemies":"Shell Parasite","floor":19,"turns":3},{"damage":2,"enemies":"downfall:FleeingMerchant","floor":20,"turns":4},{"damage":14,"enemies":"Snake Plant","floor":21,"turns":4},{"damage":6,"enemies":"Cultist and Chosen","floor":23,"turns":5},{"damage":39,"enemies":"Slavers","floor":25,"turns":5},{"damage":13,"enemies":"downfall:FleeingMerchant","floor":28,"turns":4},{"damage":0,"enemies":"Snecko","floor":29,"turns":2},{"damage":1,"enemies":"downfall:FleeingMerchant","floor":30,"turns":2},{"damage":7,"enemies":"Centurion and Healer","floor":32,"turns":4},{"damage":43,"enemies":"IC_MUSHROOM_ARCHETYPE","floor":33,"turns":7},{"damage":5,"enemies":"3 Shapes","floor":36,"turns":4},{"damage":0,"enemies":"Orb Walker","floor":37,"turns":3},{"damage":35,"enemies":"Transient","floor":39,"turns":5},{"damage":39,"enemies":"2 Orb Walkers","floor":40,"turns":3},{"damage":76,"enemies":"Giant Head","floor":43,"turns":12},{"damage":1,"enemies":"Reptomancer","floor":47,"turns":5},{"damage":31,"enemies":"Writhing Mass","floor":48,"turns":3},{"damage":13,"enemies":"Jaw Worm Horde","floor":49,"turns":2},{"damage":32,"enemies":"DF_ARCHETYPE_ORBS","floor":50,"turns":5}],"seed_played":"-7375851021301428368","potions_obtained":[{"floor":3,"key":"FairyPotion"},{"floor":5,"key":"Energy Potion"},{"floor":13,"key":"GamblersBrew"},{"floor":15,"key":"LiquidBronze"},{"floor":21,"key":"champ:CounterPotion"},{"floor":29,"key":"SpeedPotion"},{"floor":32,"key":"hexamod:SoulburnPotion"},{"floor":36,"key":"EntropicBrew"},{"floor":40,"key":"SkillPotion"},{"floor":43,"key":"bronze:FreeFunctionsPotion"},{"floor":49,"key":"LiquidBronze"}],"is_trial":false,"path_per_floor":["R","M","M","?","M","?","T","R","?","R","$","?","M","$","M","B",null,"R","M","$","M","?","M","T","E","R","?","$","M","$","?","M","B",null,"R","M","M","$","M","?","T","?","E","$","R","?","E","M","M","B"],"character_chosen":"THE_AUTOMATON","items_purchased":["expansioncontent:QuickStudy","DollysMirror","Toy Ornithopter","bronze:Optimize","EntropicBrew","bronze:Repair","TungstenRod","bronze:SpaghettiCode","Apotheosis","Bandage Up","sneckomod:MuddlingPotion"],"campfire_rested":2,"item_purchase_floors":[11,20,28,28,28,28,30,30,38,44,44],"current_hp_per_floor":[77,77,76,76,76,76,76,76,76,76,74,74,64,61,60,17,77,77,76,74,60,60,54,54,15,38,38,31,33,32,32,29,12,53,53,53,53,53,20,21,21,46,23,23,36,41,51,28,21,0,0,0],"gold":121,"neow_bonus":"TEN_PERCENT_HP_BONUS","is_daily":false,"chose_seed":false,"campfire_upgraded":4,"win_rate":0.0,"timestamp":1613148982,"path_taken":["R","M","M","?","?","?","T","R","?","R","?","?","M","$","M","BOSS","R","M","?","M","?","?","T","E","R","?","$","M","$","?","M","BOSS","R","M","M","$","M","?","T","?","E","$","R","?","E","M","M","BOSS"],"items_purchased_type":["Card","Relic","Relic","Card","Potion","Card","Relic","Card","Card","Card","Potion"],"build_version":"2020-12-18","purchased_purges":0,"victory":false,"max_hp_per_floor":[77,77,77,77,77,77,77,77,77,77,77,77,77,77,77,77,77,77,77,77,77,77,77,77,77,77,53,53,53,53,53,53,53,53,53,53,53,53,53,53,53,46,46,46,46,51,51,57,57,57,57,57],"card_choices":[{"not_picked":["bronze:DelayedSlice","bronze:Deprecate"],"picked":"bronze:WhirlingStrike","floor":2},{"not_picked":["bronze:DelayedSlice","bronze:Iterate"],"picked":"bronze:ItsAFeature","floor":3},{"not_picked":["bronze:MaxOutput","bronze:Shield"],"picked":"bronze:ChildClass","floor":5},{"not_picked":["bronze:BuggyMess","bronze:Frontload"],"picked":"bronze:FineTuning","floor":11},{"not_picked":["bronze:Shell","bronze:CutThrough"],"picked":"bronze:CloningBeam","floor":13},{"not_picked":["bronze:WhirlingStrike","bronze:Branch"],"picked":"bronze:ChildClass","floor":14},{"not_picked":["bronze:Turbo","bronze:WhirlingStrike"],"picked":"bronze:Deprecate","floor":15},{"not_picked":["bronze:RecursiveStrike","bronze:Mutator"],"picked":"bronze:Format","floor":16},{"not_picked":["bronze:Overheat","bronze:Shield+1"],"picked":"bronze:Invalidate","floor":19},{"not_picked":["bronze:BugBarrage+1","bronze:Philosophize+1"],"picked":"bronze:FollowUp+1","floor":20},{"not_picked":["bronze:CutThrough","bronze:SpaghettiCode"],"picked":"bronze:DelayedSlice","floor":21},{"not_picked":["bronze:DelayedSlice","bronze:Safeguard+1"],"picked":"bronze:OilSpill+1","floor":23},{"not_picked":["bronze:BronzeArmor","bronze:ItsAFeature"],"picked":"bronze:GetLatest+1","floor":25},{"not_picked":["bronze:ChosenStrike","bronze:BitShift"],"picked":"bronze:MaxOutput","floor":26},{"not_picked":["bronze:ItsAFeature","bronze:FindAndReplace"],"picked":"bronze:RecursiveStrike","floor":28},{"not_picked":["bronze:DelayedGuard","bronze:NullPointer"],"picked":"bronze:Fortify","floor":29},{"not_picked":["bronze:BugBarrage","bronze:FineTuning+1"],"picked":"bronze:Return","floor":30},{"not_picked":["bronze:Iterate","bronze:WildBeam"],"picked":"bronze:DelayedSlice","floor":32},{"not_picked":["bronze:ShipIt","bronze:CleanCode"],"picked":"bronze:Mutator","floor":33},{"not_picked":["bronze:DigitalCarnage","bronze:CutThrough"],"picked":"bronze:Backtrace","floor":36},{"not_picked":["bronze:CloningBeam+1","bronze:Fortify","bronze:WildBeam"],"picked":"SKIP","floor":37},{"not_picked":["bronze:WildBeam","bronze:Frontload","bronze:ChildClass+1"],"picked":"SKIP","floor":39},{"not_picked":["bronze:Fortify+1","bronze:WhirlingStrike+1"],"picked":"bronze:BitShift+1","floor":40},{"not_picked":["bronze:Turbo+1","bronze:ChosenStrike+1"],"picked":"bronze:HyperBeam","floor":43},{"not_picked":["bronze:Safeguard","bronze:ClassDefault"],"picked":"bronze:BugBarrage+1","floor":45},{"not_picked":["bronze:FollowUp+1","bronze:ChildClass","bronze:Fortify+1"],"picked":"SKIP","floor":47},{"not_picked":["bronze:DarkDash","bronze:DelayedSlice+1"],"picked":"bronze:Allocate+1","floor":48},{"not_picked":["bronze:Allocate+1","bronze:FineTuning","bronze:GetLatest"],"picked":"SKIP","floor":49}],"player_experience":724836,"relics_obtained":[{"floor":7,"key":"Blue Candle"},{"floor":17,"key":"Omamori"},{"floor":17,"key":"StrikeDummy"},{"floor":17,"key":"Lizard Tail"},{"floor":24,"key":"The Courier"},{"floor":25,"key":"Dream Catcher"},{"floor":40,"key":"Calipers"},{"floor":43,"key":"bronze:ProtectiveGoggles"},{"floor":43,"key":"Akabeko"},{"floor":47,"key":"Darkstone Periapt"},{"floor":47,"key":"Oddly Smooth Stone"}],"event_choices":[{"damage_healed":0,"gold_gain":0,"player_choice":"Box","damage_taken":0,"relics_obtained":["CaptainsWheel"],"max_hp_gain":0,"max_hp_loss":0,"event_name":"Big Fish","floor":9,"gold_loss":0,"cards_obtained":["Regret"]},{"damage_healed":0,"gold_gain":0,"player_choice":"Became a vampire","damage_taken":0,"max_hp_gain":0,"max_hp_loss":24,"event_name":"Vampires","floor":27,"gold_loss":0,"cards_obtained":["Bite","Bite","Bite","Bite","Bite"]},{"damage_healed":0,"gold_gain":0,"player_choice":"Fight","damage_taken":0,"max_hp_gain":0,"max_hp_loss":0,"event_name":"Mysterious Sphere","floor":40,"gold_loss":0}],"is_beta":true,"boss_relics":[{"not_picked":["Coffee Dripper","SacredBark"],"picked":"Calling Bell"},{"not_picked":["SlaversCollar","Sozu"],"picked":"Black Star"}],"items_purged_floors":[],"is_endless":false,"potions_floor_spawned":[3,5,13,15,21,29,32,36,40,43,49],"killed_by":"DF_ARCHETYPE_ORBS","ascension_level":0}}