{"host":"nsc6ozq3atyrdr3m","time":1613154657,"event":{"mods":["BaseMod","Colored Map","Minty Spire (QoL Compilation)"],"gold_per_floor":[359,369,107,126,141,141,58,86,86,115,132,132,151,163,163,241,241,256,275,275,28,0,0,30,30,57,57,80,80,100,114,114,193,193,209,234,253,84,84,84,84],"floor_reached":40,"language":"FRA","playtime":845,"items_purged":["Writhe"],"score":882,"play_id":"ab3bdb87-029a-491f-a4e6-18789fb5d3ba","local_time":"20210212193057","is_ascension_mode":true,"campfire_choices":[{"data":"Trip","floor":6,"key":"SMITH"},{"data":"Limit Break","floor":12,"key":"SMITH"},{"floor":15,"key":"REST"},{"floor":23,"key":"REST"},{"data":"Sword Boomerang","floor":25,"key":"SMITH"},{"data":"Heavy Blade","floor":27,"key":"SMITH"},{"data":"Flex","floor":32,"key":"SMITH"}],"circlet_count":0,"master_deck":["AscendersBane","Strike_R","Strike_R","Strike_R","Strike_R","Strike_R","Defend_R","Defend_R","Defend_R","Defend_R","Bash","Heavy Blade","Flex+1","Spot Weakness","Inflame","Trip+1","Heavy Blade+1","Twin Strike","Limit Break+1","Flame Barrier","Sword Boomerang+1","Exhume","Flame Barrier","Shrug It Off+1","Whirlwind+1","CurseOfTheBell"],"relics":["Burning Blood","Eternal Feather","Paper Frog","Tiny Chest","Velvet Choker","Ornamental Fan","Anchor","Art of War","Bag of Marbles","Red Skull","Calling Bell","Boot","Gremlin Horn","TungstenRod","StoneCalendar","Lantern"],"acts_visited":["Exordium","TheCity","TheBeyond"],"potions_floor_usage":[8,14,18,19,24,33,40],"damage_taken":[{"damage":12,"enemies":"Cultist","floor":1,"turns":4},{"damage":7,"enemies":"Small Slimes","floor":2,"turns":3},{"damage":7,"enemies":"Jaw Worm","floor":4,"turns":2},{"damage":14,"enemies":"3 Louse","floor":5,"turns":4},{"damage":14,"enemies":"Gremlin Nob","floor":8,"turns":3},{"damage":20,"enemies":"Lagavulin","floor":10,"turns":5},{"damage":15,"enemies":"Exordium Wildlife","floor":11,"turns":4},{"damage":13,"enemies":"Blue Slaver","floor":13,"turns":3},{"damage":20,"enemies":"Lots of Slimes","floor":14,"turns":4},{"damage":33,"enemies":"Hexaghost","floor":16,"turns":7},{"damage":33,"enemies":"3 Byrds","floor":18,"turns":5},{"damage":0,"enemies":"Chosen","floor":19,"turns":3},{"damage":23,"enemies":"Gremlin Leader","floor":24,"turns":5},{"damage":18,"enemies":"Shelled Parasite and Fungi","floor":30,"turns":3},{"damage":10,"enemies":"Snake Plant","floor":31,"turns":4},{"damage":31,"enemies":"Collector","floor":33,"turns":6},{"damage":0,"enemies":"Orb Walker","floor":35,"turns":2},{"damage":30,"enemies":"Mind Bloom Boss Battle","floor":36,"turns":5},{"damage":0,"enemies":"3 Darklings","floor":37,"turns":1},{"damage":65,"enemies":"Nemesis","floor":40,"turns":4}],"seed_played":"5608452251586219772","potions_obtained":[{"floor":5,"key":"Swift Potion"},{"floor":11,"key":"SkillPotion"},{"floor":16,"key":"LiquidBronze"},{"floor":18,"key":"Energy Potion"},{"floor":19,"key":"DuplicationPotion"},{"floor":31,"key":"DuplicationPotion"},{"floor":33,"key":"ElixirPotion"},{"floor":37,"key":"Fire Potion"}],"is_trial":false,"path_per_floor":["M","M","$","M","M","R","$","E","T","E","M","R","M","M","R","B",null,"M","M","?","$","?","R","E","R","T","R","T","?","M","M","R","B",null,"M","?","M","$","?","E"],"character_chosen":"IRONCLAD","items_purchased":["Spot Weakness","Inflame","Trip","Heavy Blade","Fire Potion","Anchor","Lantern"],"campfire_rested":2,"item_purchase_floors":[3,3,3,7,7,21,38],"current_hp_per_floor":[62,61,61,60,52,52,52,44,44,30,21,33,26,12,44,17,55,28,34,34,34,34,66,49,61,61,68,68,68,56,52,67,42,62,68,44,50,50,50,0,0],"gold":84,"neow_bonus":"TWO_FIFTY_GOLD","is_daily":false,"chose_seed":false,"campfire_upgraded":5,"win_rate":0.0,"timestamp":1613154657,"path_taken":["M","M","$","M","M","R","$","E","T","E","M","R","?","M","R","BOSS","M","M","?","$","?","R","E","R","T","R","?","?","M","M","R","BOSS","M","?","M","$","?","E"],"items_purchased_type":["Card","Card","Card","Card","Potion","Relic","Relic"],"build_version":"2020-12-22","purchased_purges":1,"victory":false,"max_hp_per_floor":[68,68,68,68,68,68,68,68,68,68,68,68,68,68,68,68,68,68,68,68,68,68,68,68,68,68,68,68,68,68,68,68,68,68,68,68,68,68,65,65,65],"card_choices":[{"not_picked":["Uppercut","Pommel Strike"],"picked":"Heavy Blade","floor":1},{"not_picked":["Clash","Twin Strike"],"picked":"Flex","floor":2},{"not_picked":["Body Slam","Anger","True Grit"],"picked":"SKIP","floor":4},{"not_picked":["Feel No Pain","Entrench","Shrug It Off"],"picked":"SKIP","floor":5},{"not_picked":["Clothesline","Dropkick"],"picked":"Twin Strike","floor":8},{"not_picked":["Brutality","Clash"],"picked":"Limit Break","floor":10},{"not_picked":["Perfected Strike","Armaments"],"picked":"Flame Barrier","floor":11},{"not_picked":["Fire Breathing","Iron Wave"],"picked":"Sword Boomerang","floor":13},{"not_picked":["Bloodletting","Perfected Strike","Blood for Blood"],"picked":"SKIP","floor":14},{"not_picked":["Barricade","Brutality"],"picked":"Exhume","floor":16},{"not_picked":["Body Slam","Hemokinesis"],"picked":"Flame Barrier","floor":18},{"not_picked":["Evolve","True Grit"],"picked":"Shrug It Off+1","floor":19},{"not_picked":["Wild Strike","Dropkick","Rage"],"picked":"SKIP","floor":24},{"not_picked":["Warcry","Shrug It Off","Dual Wield"],"picked":"SKIP","floor":30},{"not_picked":["Cleave","Twin Strike"],"picked":"Whirlwind+1","floor":31},{"not_picked":["Power Through+1","Cleave+1","Intimidate"],"picked":"SKIP","floor":35},{"not_picked":["Twin Strike","True Grit","Searing Blow"],"picked":"SKIP","floor":37}],"player_experience":398841,"relics_obtained":[{"floor":8,"key":"Eternal Feather"},{"floor":9,"key":"Paper Frog"},{"floor":10,"key":"Tiny Chest"},{"floor":24,"key":"Art of War"},{"floor":26,"key":"Bag of Marbles"},{"floor":28,"key":"Red Skull"},{"floor":34,"key":"Boot"},{"floor":34,"key":"Gremlin Horn"},{"floor":34,"key":"TungstenRod"},{"floor":36,"key":"StoneCalendar"}],"event_choices":[{"damage_healed":0,"gold_gain":0,"player_choice":"Opened","damage_taken":0,"relics_obtained":["Ornamental Fan"],"max_hp_gain":0,"max_hp_loss":0,"event_name":"The Mausoleum","floor":20,"gold_loss":0,"cards_obtained":["Writhe"]},{"damage_healed":0,"gold_gain":0,"player_choice":"Paid Fearfully","damage_taken":0,"max_hp_gain":0,"max_hp_loss":0,"event_name":"Masked Bandits","floor":22,"gold_loss":28},{"damage_healed":0,"gold_gain":0,"player_choice":"Ignored","damage_taken":0,"max_hp_gain":0,"max_hp_loss":0,"event_name":"Vampires","floor":29,"gold_loss":0},{"damage_healed":0,"gold_gain":0,"player_choice":"Fight","damage_taken":0,"max_hp_gain":0,"max_hp_loss":0,"event_name":"MindBloom","floor":36,"gold_loss":0},{"damage_healed":0,"gold_gain":0,"player_choice":"Max HP","damage_taken":0,"max_hp_gain":0,"max_hp_loss":3,"event_name":"Winding Halls","floor":39,"gold_loss":0}],"is_beta":false,"boss_relics":[{"not_picked":["SacredBark","Fusion Hammer"],"picked":"Velvet Choker"},{"not_picked":["Black Star","Runic Pyramid"],"picked":"Calling Bell"}],"items_purged_floors":[21],"is_endless":false,"potions_floor_spawned":[5,11,16,18,19,31,33,35,37],"killed_by":"Nemesis","ascension_level":20}}