{"host":"lnfs5t5iydkm2lft","time":1613108196,"event":{"mods":["AchievementEnabler","BaseMod","Better Third Choice","BetterRewards","Colored Powertips","Downfall","Hermit","Hubris","Infinite Spire","Marisa????????","Minty Spire (QoL Compilation)","Quick Restart","Replay The Spire","StSLib","The Runesmith","The Senshi","everything is the same but u backflip on backflip","slay the spire mod where everything is the same but ironclad has a cowboy hat"],"gold_per_floor":[117,117,117,82,96,96,124,124,124,124,124,154,154,232,232,330,330,346,346,346,346,346,346,346,346,371,390,390,408,408,421,421,518,518,531,581,591,591,72,72,472,472,521,521,521,521,531,557,570,598,598,598],"floor_reached":53,"language":"ENG","playtime":2788,"items_purged":[],"score":1178,"play_id":"ba3475f5-9cdf-461a-b7fa-3ec3223bea73","local_time":"20210211233636","is_ascension_mode":true,"campfire_choices":[{"floor":6.0,"key":"REST"},{"floor":8.0,"key":"REST"},{"data":"infinitespire:FinalStrike","floor":10.0,"key":"SMITH"},{"data":"Replay:Sssssssssshield","floor":13.0,"key":"SMITH"},{"data":"Well Laid Plans","floor":15.0,"key":"SMITH"},{"floor":23.0,"key":"REST"},{"floor":25.0,"key":"REST"},{"data":"ReplayTheSpireMod:Chaos Vortex","floor":30.0,"key":"SMITH"},{"data":"infinitespire:Fortify","floor":32.0,"key":"SMITH"},{"data":"Footwork","floor":40.0,"key":"SMITH"},{"floor":42,"key":"REST"},{"data":"infinitespire:SevenWalls","floor":46,"key":"SMITH"}],"circlet_count":1,"master_deck":["Strike_G","Strike_G","Strike_G","Strike_G","Defend_G","Defend_G","Defend_G","Defend_G","Defend_G","Neutralize","Replay:Sssssssssshield+1","Well Laid Plans+1","infinitespire:FinalStrike+1","m_Survivalism","Escape Plan","Glass Knife","Dash","ReplayTheSpireMod:Chaos Vortex+1","infinitespire:Fortify+1","Dagger Spray","PiercingWail","hubris:NaturalOne","Replay:Poison Smokescreen+1","Corpse Explosion","Distraction+1","Footwork+1","infinitespire:Fortify+1","infinitespire:SevenWalls+1","Footwork","ReplayTheSpireMod:Tripwire+1","Parasite","Footwork+1"],"relics":["Ring of the Snake","hubris:OldNail","ClockworkSouvenir","ReplayTheSpireMod:Lightbulb","infinitespire:FocusingShard","Meat on the Bone","Philosopher\u0027s Stone","hubris:Towel","hubris:TenFootPole","hubris:Icosahedron","Replay:Blank Codex","Boot","Strawberry","Ring of Chaos","infinitespire:BottledMercury","DollysMirror","Circlet","Old Coin","Bag of Marbles","Replay:Baseball","hubris:SphereOfDissonance"],"acts_visited":["Exordium","TheCity","TheBeyond"],"potions_floor_usage":[50,50,52,52],"damage_taken":[{"damage":0.0,"enemies":"Jaw Worm","floor":1.0,"turns":5.0},{"damage":0.0,"enemies":"Small Slimes","floor":5.0,"turns":2.0},{"damage":16.0,"enemies":"Gremlin Nob","floor":7.0,"turns":3.0},{"damage":14.0,"enemies":"Lagavulin","floor":12.0,"turns":5.0},{"damage":31.0,"enemies":"Fading Forest","floor":16.0,"turns":11.0},{"damage":29.0,"enemies":"3 Byrds","floor":18.0,"turns":6.0},{"damage":0.0,"enemies":"Shell Parasite","floor":27.0,"turns":3.0},{"damage":12.0,"enemies":"Shelled Parasite and Fungi","floor":29.0,"turns":5.0},{"damage":0.0,"enemies":"Cultist and Chosen","floor":31.0,"turns":4.0},{"damage":35.0,"enemies":"Collector","floor":33.0,"turns":14.0},{"damage":16.0,"enemies":"Orb Walker","floor":35.0,"turns":4.0},{"damage":0.0,"enemies":"Mind Bloom Boss Battle","floor":36.0,"turns":6.0},{"damage":18.0,"enemies":"3 Darklings","floor":37.0,"turns":6.0},{"damage":35.0,"enemies":"infinitespire:Three Voidlings","floor":41.0,"turns":4.0},{"damage":0.0,"enemies":"Nightmare_Alpha","floor":41.0,"turns":10.0},{"damage":0,"enemies":"Spire Growth","floor":47,"turns":5},{"damage":0,"enemies":"Nemesis","floor":48,"turns":7},{"damage":12,"enemies":"Writhing Mass","floor":49,"turns":8},{"damage":0,"enemies":"Giant Head","floor":50,"turns":10},{"damage":21,"enemies":"Donu and Deca","floor":52,"turns":12}],"seed_played":"3215806402022256088","potions_obtained":[{"floor":16.0,"key":"sneckomod:MuddlingPotion"},{"floor":18.0,"key":"Dexterity Potion"},{"floor":31.0,"key":"Energy Potion"},{"floor":33.0,"key":"Weak Potion"},{"floor":36.0,"key":"Flashbang"},{"floor":37.0,"key":"Death Potion"},{"floor":47,"key":"SkillPotion"},{"floor":48,"key":"Swift Potion"},{"floor":51,"key":"Slimebound:ThreeZeroPotion"},{"floor":51,"key":"LifebloodPotion"}],"is_trial":false,"path_per_floor":["M","?","?","?","M","R","E","R","T","R","?","E","R","?","R","B",null,"M","?","AVR","?","?","R","?","R","T","M","?","M","R","M","R","B",null,"M","?","M","?","$","R","?","R","T","PTL","PTL","R","M","E","M","E","R","B",null],"character_chosen":"THE_SILENT","items_purchased":["hubris:OldNail","Replay:Sssssssssshield","ClockworkSouvenir","AttackPotion","infinitespire:BottledMercury","Footwork","DollysMirror","ColorlessPotion"],"campfire_rested":5,"item_purchase_floors":[0,0,0,0,39,39,39,39],"current_hp_per_floor":[56,56,38,38,38,59,43,64,64,64,64,50,50,50,50,39,70,41,41,41,41,34,55,55,70,77,77,77,65,65,65,65,42,77,61,61,43,43,43,43,45,68,68,68,68,68,68,68,56,66,66,45],"gold":598,"neow_bonus":"","is_daily":false,"chose_seed":false,"campfire_upgraded":7,"win_rate":0.0,"timestamp":1613108196,"path_taken":["M","?","?","?","M","R","E","R","T","R","?","E","R","?","R","BOSS","M","?","AVR","?","?","R","?","R","T","M","?","M","R","M","R","BOSS","M","?","M","?","$","R","?","R","T","PTL","PTL","R","M","E","M","E","R","BOSS"],"items_purchased_type":["Relic","Card","Relic","Potion","Relic","Card","Relic","Potion"],"build_version":"2020-12-22","purchased_purges":0,"victory":true,"max_hp_per_floor":[70,70,70,70,70,70,70,70,70,70,70,70,70,70,70,70,70,70,70,70,70,70,70,70,70,77,77,77,77,77,77,77,77,77,77,77,77,77,77,77,77,77,77,77,77,77,77,77,77,77,77,77],"card_choices":[{"not_picked":["hubris:SlightOfHand","Expertise","Bane"],"picked":"SKIP","floor":1.0},{"not_picked":["infinitespire:DeathsTouch","infinitespire:Starlight"],"picked":"infinitespire:FinalStrike","floor":3.0},{"not_picked":["ReplayTheSpireMod:Shiv Toss","Caltrops","Predator"],"picked":"SKIP","floor":5.0},{"not_picked":["Sneak Up","Poisoned Stab","ReplayTheSpireMod:Shiv Toss"],"picked":"SKIP","floor":7.0},{"not_picked":["ReplayTheSpireMod:Scrap Shanks","hubris:SlightOfHand"],"picked":"Escape Plan","floor":12.0},{"not_picked":["Atom Bomb","Bullet Time"],"picked":"Glass Knife","floor":16.0},{"not_picked":["Blade Dance","hubris:SlightOfHand"],"picked":"Dash","floor":18.0},{"not_picked":["Dagger Throw","ReplayTheSpireMod:Shiv Toss+1"],"picked":"Dagger Spray","floor":27.0},{"not_picked":["Outmaneuver","Deadly Poison"],"picked":"PiercingWail","floor":29.0},{"not_picked":["Tools of the Trade","Deadly Poison"],"picked":"Replay:Poison Smokescreen+1","floor":31.0},{"not_picked":["Doppelganger","Wraith Form v2"],"picked":"Corpse Explosion","floor":33.0},{"not_picked":["Cloak And Dagger+1","Acrobatics+1","PiercingWail"],"picked":"SKIP","floor":35.0},{"not_picked":["Cloak And Dagger+1","Catalyst"],"picked":"Deadly Poison+1","floor":36.0},{"not_picked":["Dagger Throw+1","Choke+1"],"picked":"Distraction+1","floor":37.0},{"not_picked":["ReplayTheSpireMod:Chaos Vortex","infinitespire:TheBestDefense"],"picked":"infinitespire:SevenWalls","floor":41},{"not_picked":["Slice+1","Deflect"],"picked":"Footwork","floor":41},{"not_picked":["Cloak And Dagger","Hidden Blade"],"picked":"ReplayTheSpireMod:Tripwire+1","floor":47},{"not_picked":["Bullet Time","Corpse Explosion","Quick Slash"],"picked":"SKIP","floor":48},{"not_picked":["Acrobatics+1","hubris:SlightOfHand+1"],"picked":"Footwork+1","floor":49},{"not_picked":["Predator","Dagger Throw+1","Bane+1"],"picked":"SKIP","floor":50}],"player_experience":349916,"relics_obtained":[{"floor":7.0,"key":"ReplayTheSpireMod:Lightbulb"},{"floor":9.0,"key":"infinitespire:FocusingShard"},{"floor":12.0,"key":"Meat on the Bone"},{"floor":22.0,"key":"Replay:Blank Codex"},{"floor":26.0,"key":"Strawberry"},{"floor":36.0,"key":"Dead Branch"},{"floor":41,"key":"Old Coin"},{"floor":43,"key":"Bag of Marbles"},{"floor":48,"key":"Replay:Baseball"},{"floor":50,"key":"hubris:SphereOfDissonance"}],"event_choices":[{"damage_healed":0.0,"max_hp_gain":0.0,"max_hp_loss":0.0,"gold_gain":0.0,"event_name":"betterThird:BetterGoop","player_choice":"Left","floor":4.0,"gold_loss":35.0,"damage_taken":0.0},{"damage_healed":0.0,"max_hp_gain":0.0,"max_hp_loss":0.0,"gold_gain":78.0,"event_name":"Golden Wing","player_choice":"Gained Gold","floor":14.0,"gold_loss":0.0,"damage_taken":0.0},{"damage_healed":0.0,"max_hp_gain":0.0,"max_hp_loss":0.0,"gold_gain":0.0,"event_name":"Cursed Tome","player_choice":"Obtained Book","floor":22.0,"gold_loss":0.0,"damage_taken":16.0},{"damage_healed":0.0,"max_hp_gain":0.0,"max_hp_loss":0.0,"gold_gain":0.0,"event_name":"Ghosts","player_choice":"Ignored","floor":28.0,"gold_loss":0.0,"damage_taken":0.0},{"damage_healed":0.0,"max_hp_gain":0.0,"max_hp_loss":0.0,"gold_gain":0.0,"event_name":"MindBloom","player_choice":"Fight","floor":36.0,"gold_loss":0.0,"damage_taken":0.0},{"cards_removed":["Deadly Poison"],"damage_healed":0.0,"max_hp_gain":0.0,"max_hp_loss":0.0,"gold_gain":0.0,"event_name":"Falling","player_choice":"Removed Skill","floor":38.0,"gold_loss":0.0,"damage_taken":0.0},{"cards_removed":["Strike_G"],"damage_healed":0,"gold_gain":0,"player_choice":"Removed Attack","damage_taken":0,"max_hp_gain":0,"max_hp_loss":0,"event_name":"Falling","floor":41,"gold_loss":0}],"is_beta":false,"boss_relics":[{"not_picked":["Busted Crown","Velvet Choker"],"picked":"Philosopher\u0027s Stone"},{"not_picked":["Runic Pyramid","Pandora\u0027s Box"],"picked":"Ring of Chaos"}],"items_purged_floors":[],"is_endless":false,"potions_floor_spawned":[16,18,31,33,36,37,47,48],"ascension_level":4}}