{"host":"dnvpprmy3abbf89m","time":1613163758,"event":{"mods":["BaseMod","Colored Map","Minty Spire (QoL Compilation)","StSLib"],"gold_per_floor":[115,131,61,76,76,76,76,76,76,1,13,13,31,43,43,144,144,160,160,175,185,3,3,3,3,3,23,76,86,86,96,96,199,249,259,259,259,134,150,150,165,165,188,200,252,272,295,295,295],"floor_reached":48,"language":"ENG","playtime":2769,"items_purged":["Regret","Strike_R","Strike_R"],"score":676,"play_id":"90300147-984d-4c08-91df-9153827dcaaf","local_time":"20210212220238","is_ascension_mode":true,"campfire_choices":[{"data":"Rampage","floor":6.0,"key":"SMITH"},{"data":"Headbutt","floor":8.0,"key":"SMITH"},{"data":"Pommel Strike","floor":12.0,"key":"SMITH"},{"data":"Limit Break","floor":15.0,"key":"SMITH"},{"floor":23.0,"key":"REST"},{"data":"Inflame","floor":25.0,"key":"SMITH"},{"data":"Metallicize","floor":30.0,"key":"SMITH"},{"floor":32.0,"key":"REST"},{"data":"Demon Form","floor":40.0,"key":"SMITH"},{"data":"Heavy Blade","floor":42.0,"key":"SMITH"}],"circlet_count":0,"master_deck":["Strike_R+1","Strike_R+1","Strike_R","Defend_R","Defend_R","Defend_R","Defend_R","Bash","Limit Break+1","Headbutt+1","Rampage+1","Pommel Strike+1","Inflame+1","Shrug It Off","Feed","Heavy Blade+1","Rage","Dark Shackles+1","Metallicize+1","Demon Form+1","Warcry+1","Disarm"],"relics":["Burning Blood","Gremlin Horn","Lizard Tail","Velvet Choker","Happy Flower","Sundial","Blood Vial","Tiny House","Pen Nib","Pocketwatch","Red Skull"],"acts_visited":["Exordium","TheCity","TheBeyond"],"potions_floor_usage":[48],"damage_taken":[{"damage":6.0,"enemies":"Cultist","floor":1.0,"turns":4.0},{"damage":0.0,"enemies":"Small Slimes","floor":2.0,"turns":3.0},{"damage":2.0,"enemies":"Jaw Worm","floor":4.0,"turns":4.0},{"damage":0.0,"enemies":"Gremlin Gang","floor":11.0,"turns":4.0},{"damage":10.0,"enemies":"2 Fungi Beasts","floor":13.0,"turns":3.0},{"damage":7.0,"enemies":"Exordium Thugs","floor":14.0,"turns":3.0},{"damage":55.0,"enemies":"Hexaghost","floor":16.0,"turns":6.0},{"damage":25.0,"enemies":"Shell Parasite","floor":18.0,"turns":5.0},{"damage":20.0,"enemies":"Chosen","floor":20.0,"turns":5.0},{"damage":30.0,"enemies":"Snecko","floor":21.0,"turns":4.0},{"damage":6.0,"enemies":"Chosen and Byrds","floor":27.0,"turns":5.0},{"damage":14.0,"enemies":"Snake Plant","floor":29.0,"turns":4.0},{"damage":6.0,"enemies":"Snecko","floor":31.0,"turns":5.0},{"damage":78.0,"enemies":"Collector","floor":33.0,"turns":9.0},{"damage":4.0,"enemies":"Orb Walker","floor":35.0,"turns":3.0},{"damage":7.0,"enemies":"3 Darklings","floor":39.0,"turns":5.0},{"damage":29.0,"enemies":"4 Shapes","floor":41.0,"turns":9.0},{"damage":11.0,"enemies":"Maw","floor":44.0,"turns":7.0},{"damage":47.0,"enemies":"2 Orb Walkers","floor":45.0,"turns":5.0},{"damage":21.0,"enemies":"Sphere and 2 Shapes","floor":46.0,"turns":5.0},{"damage":21,"enemies":"Spire Growth","floor":48,"turns":3}],"seed_played":"2769228724292763945","potions_obtained":[{"floor":2.0,"key":"PowerPotion"},{"floor":11.0,"key":"Swift Potion"},{"floor":16.0,"key":"AttackPotion"},{"floor":20.0,"key":"EssenceOfSteel"},{"floor":27.0,"key":"LiquidBronze"},{"floor":33.0,"key":"Energy Potion"},{"floor":34.0,"key":"Dexterity Potion"},{"floor":35.0,"key":"Strength Potion"},{"floor":41.0,"key":"Dexterity Potion"},{"floor":46.0,"key":"GamblersBrew"}],"is_trial":false,"path_per_floor":["M","M","$","M","?","R","?","R","T","$","M","R","M","M","R","B",null,"M","?","M","M","$","R","$","R","T","M","T","M","R","M","R","B",null,"M","?","?","$","M","R","M","R","T","M","?","M","T","M"],"character_chosen":"IRONCLAD","items_purchased":["Rampage","Dark Shackles"],"campfire_rested":2,"item_purchase_floors":[3,22],"current_hp_per_floor":[72,78,78,80,80,80,64,64,64,64,70,70,66,65,65,16,64,45,45,31,10,10,34,34,34,34,34,34,28,28,30,54,34,76,80,80,80,80,81,81,63,63,63,63,27,17,17,0,0],"gold":295,"neow_bonus":"ONE_RANDOM_RARE_CARD","is_daily":false,"chose_seed":false,"campfire_upgraded":8,"win_rate":0.0,"timestamp":1613163758,"path_taken":["M","?","$","M","?","R","?","R","T","?","?","R","M","M","R","BOSS","M","?","M","M","$","R","?","R","T","?","?","M","R","M","R","BOSS","M","?","?","$","M","R","M","R","T","?","?","M","?","M"],"items_purchased_type":["Card","Card"],"build_version":"2020-12-22","purchased_purges":3,"victory":false,"max_hp_per_floor":[80,80,80,80,80,80,80,80,80,80,80,80,80,80,80,80,80,80,80,80,83,83,83,83,83,83,83,83,83,83,83,83,83,88,88,88,88,88,88,88,91,91,91,94,97,100,100,100,100],"card_choices":[{"not_picked":["Havoc","Armaments"],"picked":"Headbutt","floor":1.0},{"not_picked":["Cleave","Reckless Charge","Heavy Blade"],"picked":"SKIP","floor":2.0},{"not_picked":["Perfected Strike","Bloodletting","Anger"],"picked":"SKIP","floor":4.0},{"not_picked":["Heavy Blade","Sentinel"],"picked":"Pommel Strike","floor":11.0},{"not_picked":["Iron Wave","Flex"],"picked":"Inflame","floor":13.0},{"not_picked":["Warcry","Searing Blow"],"picked":"Shrug It Off","floor":14.0},{"not_picked":["Impervious","Fiend Fire"],"picked":"Feed","floor":16.0},{"not_picked":["Pommel Strike","Armaments","Wild Strike+1"],"picked":"SKIP","floor":18.0},{"not_picked":["Pommel Strike","Reckless Charge"],"picked":"Heavy Blade","floor":20.0},{"not_picked":["Flex","Sword Boomerang+1"],"picked":"Rage","floor":21.0},{"not_picked":["Dark Embrace+1","True Grit","Feel No Pain"],"picked":"SKIP","floor":27.0},{"not_picked":["True Grit+1","Body Slam"],"picked":"Metallicize","floor":29.0},{"not_picked":["Iron Wave","Rampage","Wild Strike"],"picked":"SKIP","floor":31.0},{"not_picked":["Juggernaut","Brutality"],"picked":"Demon Form","floor":33.0},{"not_picked":["Pommel Strike+1","Seeing Red"],"picked":"Warcry+1","floor":34.0},{"not_picked":["Flex","Iron Wave+1","Armaments+1"],"picked":"SKIP","floor":35.0},{"not_picked":["Wild Strike+1","Headbutt","Pommel Strike"],"picked":"SKIP","floor":39.0},{"not_picked":["Clash","Perfected Strike+1","Combust"],"picked":"SKIP","floor":41.0},{"not_picked":["Power Through+1","Twin Strike+1"],"picked":"Disarm","floor":44.0},{"not_picked":["Pommel Strike","Anger+1","Blood for Blood+1"],"picked":"SKIP","floor":46.0}],"player_experience":844802,"relics_obtained":[{"floor":9.0,"key":"Lizard Tail"},{"floor":26.0,"key":"Sundial"},{"floor":28.0,"key":"Blood Vial"},{"floor":43.0,"key":"Pen Nib"},{"floor":45.0,"key":"Pocketwatch"},{"floor":47.0,"key":"Red Skull"}],"event_choices":[{"damage_healed":0.0,"max_hp_gain":0.0,"max_hp_loss":0.0,"gold_gain":0.0,"event_name":"Big Fish","player_choice":"Box","floor":5.0,"gold_loss":0.0,"damage_taken":0.0,"relics_obtained":["Gremlin Horn"],"cards_obtained":["Regret"]},{"damage_healed":0.0,"max_hp_gain":0.0,"max_hp_loss":0.0,"gold_gain":0.0,"event_name":"Shining Light","player_choice":"Entered Light","floor":7.0,"gold_loss":0.0,"damage_taken":16.0,"cards_upgraded":["Strike_R","Strike_R"]},{"damage_healed":0.0,"max_hp_gain":0.0,"max_hp_loss":0.0,"gold_gain":0.0,"event_name":"WeMeetAgain","player_choice":"Gave Potion","floor":19.0,"gold_loss":0.0,"damage_taken":0.0,"relics_obtained":["Happy Flower"]},{"damage_healed":0.0,"max_hp_gain":0.0,"max_hp_loss":0.0,"gold_gain":0.0,"event_name":"Tomb of Lord Red Mask","player_choice":"Ignored","floor":36.0,"gold_loss":0.0,"damage_taken":0.0},{"damage_healed":0.0,"max_hp_gain":0.0,"max_hp_loss":0.0,"gold_gain":0.0,"event_name":"The Woman in Blue","player_choice":"Bought 0 Potions","floor":37.0,"gold_loss":0.0,"damage_taken":0.0},{"damage_healed":0.0,"max_hp_gain":0.0,"max_hp_loss":0.0,"gold_gain":0.0,"event_name":"Mysterious Sphere","player_choice":"Fight","floor":45.0,"gold_loss":0.0,"damage_taken":0.0}],"is_beta":false,"boss_relics":[{"not_picked":["Empty Cage","Astrolabe"],"picked":"Velvet Choker"},{"not_picked":["SacredBark","Runic Dome"],"picked":"Tiny House"}],"items_purged_floors":[10,22,38],"is_endless":false,"potions_floor_spawned":[2,11,16,20,27,33,35,41,46],"killed_by":"Spire Growth","ascension_level":9}}