{"host":"zwezhz46a5cjkxff","time":1613109657,"event":{"mods":["AchievementEnabler","BaseMod","Colored Map","Colored Powertips","DeckTracker","Minty Spire (QoL Compilation)","Permanent Neow","Quick Restart","Rare Cards Sparkle","Relic Stats","StSLib","SuperFastMode"],"gold_per_floor":[116,116,0,13,23,23,58,58,58,58,58,74,99,99,99,99,99],"floor_reached":16,"language":"ENG","playtime":314,"items_purged":[],"score":119,"play_id":"09890e4c-0628-430c-8b57-1c2df24a70db","local_time":"20210212000057","is_ascension_mode":true,"campfire_choices":[{"data":"Envenom","floor":6,"key":"SMITH"},{"floor":10,"key":"RECALL"},{"data":"Storm of Steel","floor":15,"key":"SMITH"}],"circlet_count":0,"master_deck":["Strike_G","Strike_G","Strike_G","Strike_G","Strike_G","Defend_G","Defend_G","Defend_G","Defend_G","Defend_G","Survivor","Neutralize","Terror","Envenom+1","Accuracy","Blade Dance","Adrenaline","PiercingWail","Storm of Steel+1"],"relics":["Sozu","Mercury Hourglass","Omamori","Lantern","Matryoshka"],"acts_visited":["Exordium"],"potions_floor_usage":[],"damage_taken":[{"damage":1,"enemies":"Cultist","floor":1,"turns":4},{"damage":4,"enemies":"Jaw Worm","floor":4,"turns":4},{"damage":2,"enemies":"2 Louse","floor":5,"turns":4},{"damage":4,"enemies":"Gremlin Nob","floor":7,"turns":3},{"damage":0,"enemies":"Looter","floor":12,"turns":1},{"damage":15,"enemies":"3 Sentries","floor":13,"turns":5},{"damage":45,"enemies":"The Guardian","floor":16,"turns":9}],"seed_played":"-2520459959398250351","potions_obtained":[],"is_trial":false,"path_per_floor":["M","?","$","M","M","R","E","$","T","R","T","M","E","?","R","B"],"character_chosen":"THE_SILENT","items_purchased":["Accuracy","Blade Dance"],"campfire_rested":0,"item_purchase_floors":[3,3],"current_hp_per_floor":[69,69,69,65,63,63,59,59,59,59,59,59,44,44,44,0,0],"gold":99,"neow_bonus":"BOSS_RELIC","is_daily":false,"chose_seed":false,"campfire_upgraded":2,"win_rate":0.0,"timestamp":1613109657,"path_taken":["M","?","?","M","M","R","E","?","T","R","?","?","E","?","R","BOSS"],"items_purchased_type":["Card","Card"],"build_version":"2020-12-22","purchased_purges":0,"victory":false,"max_hp_per_floor":[70,70,70,70,70,70,70,70,70,70,70,70,70,70,70,70,70],"relic_stats":{"Sozu":4,"counters":[7,30],"obtain_stats":[{"Sozu":0,"Lantern":13,"Matryoshka":14,"Omamori":11,"Ring of the Snake":0,"Mercury Hourglass":7},{"Sozu":0,"Lantern":6,"Matryoshka":6,"Omamori":4,"Ring of the Snake":0,"Mercury Hourglass":4},{"Sozu":0,"Lantern":21,"Matryoshka":21,"Omamori":15,"Ring of the Snake":0,"Mercury Hourglass":15}],"Mercury Hourglass":[57]},"card_choices":[{"not_picked":["Slice","Predator"],"picked":"Terror","floor":1},{"not_picked":["Outmaneuver","Finisher","Flechettes"],"picked":"SKIP","floor":4},{"not_picked":["Poisoned Stab","Reflex","Leg Sweep"],"picked":"SKIP","floor":5},{"not_picked":["Backstab","Underhanded Strike"],"picked":"Adrenaline","floor":7},{"not_picked":["Flying Knee","Flechettes"],"picked":"PiercingWail","floor":12},{"not_picked":["Outmaneuver","Flying Knee"],"picked":"Storm of Steel","floor":13}],"player_experience":100402,"relics_obtained":[{"floor":7,"key":"Mercury Hourglass"},{"floor":11,"key":"Omamori"},{"floor":13,"key":"Lantern"}],"event_choices":[{"damage_healed":0,"gold_gain":0,"player_choice":"1 cards matched","damage_taken":0,"max_hp_gain":0,"max_hp_loss":0,"event_name":"Match and Keep!","floor":2,"gold_loss":0,"cards_obtained":["Envenom"]},{"damage_healed":0,"gold_gain":0,"player_choice":"Box","damage_taken":0,"relics_obtained":["Matryoshka"],"max_hp_gain":0,"max_hp_loss":0,"event_name":"Big Fish","floor":14,"gold_loss":0,"cards_obtained":["Regret"]}],"is_beta":false,"boss_relics":[],"items_purged_floors":[],"is_endless":false,"potions_floor_spawned":[4,7,12,13],"killed_by":"The Guardian","ascension_level":2}}