{"host":"iml8x8es9od4zowg","time":1613113321,"event":{"mods":["2.2 Compatiblity","BaseMod","Marisa£¨Ùöéë¡¡Øª×âÞÞ£©","Minty Spire (QoL Compilation)","StSLib","Td1madao Mod","The Jungle","¡¼?Úª?ø«¡½REMEMod"],"gold_per_floor":[119,119,119,28,43,69,69,104,104,104,104,162,162,193,193,290,290,300,300,353,105,142,168,194,194,219,251,251,279,304,58,58,160,160,178,226,226,251,251,281,308,391,414,444,104,137,203,222,222,222,222,222,51,100,100],"floor_reached":56,"language":"KOR","playtime":3731,"items_purged":["Acrobatics","Dagger Spray","HandOfGreed+1"],"score":2230,"play_id":"3e56e5f6-4d83-45a6-8f4a-bfd46f48b794","local_time":"20210212160201","daily_mods":["Draft","Allstar","Colorless Cards","Heirloom","Flight","DeadlyEvents","Elite Swarm"],"is_ascension_mode":true,"campfire_choices":[{"data":"Regret","floor":7,"key":"PURGE"},{"floor":10,"key":"REST"},{"data":"HandOfGreed","floor":11,"key":"SMITH"},{"floor":13,"key":"REST"},{"data":"Apotheosis","floor":15,"key":"SMITH"},{"data":"Envenom","floor":28,"key":"SMITH"},{"floor":32,"key":"RECALL"},{"data":"Apotheosis","floor":49,"key":"SMITH"},{"data":"REME_Flogging","floor":52,"key":"SMITH"}],"circlet_count":0,"master_deck":["Alpha+1","Acrobatics","Masterful Stab","Backstab","Flying Knee","Finesse","Deadly Poison+1","Noxious Fumes","Backflip+1","Deadly Poison","Backstab","Backflip","Catalyst+1","Backflip","PiercingWail","Panacea","Backstab","Secret Technique+1","Secret Technique","Apotheosis+1","REME_Flogging+1","Escape Plan","Burst","Sadistic Nature","Dark Shackles","Burst","Envenom+1","REME_ProfessionalPlagiarism","After Image+1","REME_FirmDetermination+1","Master of Strategy","REME_PuzzleBox","REME_PuzzleBox","Apotheosis+1","Footwork","Panache","Panache","REME_PuzzleBox","A Thousand Cuts"],"relics":["Ring of the Snake","REME_ComplimentaryCards","Peace Pipe","Paper Crane","Pear","Letter Opener","Mummified Hand","Snake Skull","Thread and Needle","WristBlade","Sundial","Turnip","Regal Pillow","Molten Egg 2","War Paint","Pocketwatch","Medical Kit","Sozu","Girya","Akabeko","REME_HourglassOfDeath","Shuriken","MealTicket","Omamori","Anchor","Bottled Tornado","Membership Card","Bag of Preparation","Tough Bandages","Gambling Chip","Bronze Scales","Bird Faced Urn"],"acts_visited":["Exordium","Exordium","TheBeyond","TheEnding"],"potions_floor_usage":[8,12,18,23,55],"damage_taken":[{"damage":0,"enemies":"Jaw Worm","floor":1,"turns":2},{"damage":0,"enemies":"Small Slimes","floor":5,"turns":1},{"damage":20,"enemies":"Gremlin Nob","floor":6,"turns":3},{"damage":18,"enemies":"Lagavulin","floor":8,"turns":5},{"damage":16,"enemies":"3 Sentries","floor":12,"turns":6},{"damage":24,"enemies":"Gremlin Nob","floor":14,"turns":4},{"damage":22,"enemies":"Hexaghost","floor":16,"turns":4},{"damage":2,"enemies":"theJungle:Flameango_and_Byrd","floor":18,"turns":4},{"damage":0,"enemies":"theJungle:2_Phrogs","floor":20,"turns":4},{"damage":3,"enemies":"Shell Parasite","floor":22,"turns":2},{"damage":0,"enemies":"theJungle:Cassacara","floor":23,"turns":3},{"damage":0,"enemies":"theJungle:MamaSnecko","floor":24,"turns":3},{"damage":0,"enemies":"theJungle:2_Phrogs","floor":27,"turns":4},{"damage":0,"enemies":"theJungle:MamaSnecko","floor":29,"turns":3},{"damage":0,"enemies":"theJungle:Cassacara","floor":30,"turns":3},{"damage":0,"enemies":"theJungle:QueenSpyder","floor":33,"turns":6},{"damage":0,"enemies":"Orb Walker","floor":35,"turns":2},{"damage":12,"enemies":"2 Orb Walkers","floor":36,"turns":4},{"damage":0,"enemies":"Nemesis","floor":38,"turns":3},{"damage":0,"enemies":"Reptomancer","floor":40,"turns":4},{"damage":2,"enemies":"Giant Head","floor":41,"turns":5},{"damage":0,"enemies":"Reptomancer","floor":42,"turns":3},{"damage":0,"enemies":"Giant Head","floor":44,"turns":5},{"damage":0,"enemies":"Reptomancer","floor":46,"turns":2},{"damage":0,"enemies":"Nemesis","floor":47,"turns":3},{"damage":0,"enemies":"Reptomancer","floor":48,"turns":2},{"damage":0,"enemies":"Donu and Deca","floor":50,"turns":3},{"damage":0,"enemies":"Shield and Spear","floor":54,"turns":3},{"damage":0,"enemies":"The Heart","floor":55,"turns":4}],"seed_played":"1416656471774034112","potions_obtained":[{"floor":1,"key":"SkillPotion"},{"floor":6,"key":"Fire Potion"},{"floor":12,"key":"CultistPotion"},{"floor":14,"key":"SneckoOil"},{"floor":22,"key":"Poison Potion"},{"floor":23,"key":"SpeedPotion"},{"floor":24,"key":"Weak Potion"}],"is_trial":true,"path_per_floor":["M","?","?","$","M","E","R","E","T","R","R","E","R","E","R","B",null,"M","?","E","$","M","E","E","?","T","E","R","E","E","$","R","B",null,"M","?","?","E","T","E","E","E","T","E","$","E","E","E","R","B",null,"R","$","E","B",null],"character_chosen":"THE_SILENT","items_purchased":["Panacea","Sadistic Nature","Medical Kit","Membership Card","Apotheosis","Footwork","Bronze Scales","REME_PuzzleBox"],"campfire_rested":2,"item_purchase_floors":[4,21,31,45,45,45,53,53],"current_hp_per_floor":[70,70,56,56,56,46,46,28,28,52,52,36,60,36,36,14,80,78,78,78,78,75,75,75,75,75,75,75,75,75,75,75,75,80,80,68,68,68,68,68,66,73,73,73,80,80,80,80,80,80,80,80,80,80,80],"gold":100,"neow_bonus":"","is_daily":false,"chose_seed":false,"campfire_upgraded":5,"win_rate":0.0,"timestamp":1613113321,"path_taken":["M","?","?","?","M","E","R","E","T","R","R","E","R","E","R","BOSS","M","?","?","?","?","E","E","?","T","E","R","E","E","$","R","BOSS","M","?","?","?","?","E","E","E","T","E","$","E","E","E","R","BOSS","R","$","E","BOSS"],"items_purchased_type":["Card","Card","Relic","Relic","Card","Card","Relic","Card"],"build_version":"2020-12-22","purchased_purges":3,"victory":true,"max_hp_per_floor":[70,70,70,70,70,80,80,80,80,80,80,80,80,80,80,80,80,80,80,80,80,80,80,80,80,80,80,80,80,80,80,80,80,80,80,80,80,80,80,80,80,80,80,80,80,80,80,80,80,80,80,80,80,80,80],"card_choices":[{"not_picked":["Bandage Up","Cloak And Dagger"],"picked":"Acrobatics","floor":0},{"not_picked":["Sucker Punch","Blade Dance"],"picked":"Acrobatics","floor":0},{"not_picked":["Bane","Finisher"],"picked":"Masterful Stab","floor":0},{"not_picked":["Prepared","Finisher"],"picked":"Backstab","floor":0},{"not_picked":["Cloak And Dagger","Terror"],"picked":"Flying Knee","floor":0},{"not_picked":["Finisher","Underhanded Strike"],"picked":"Finesse","floor":0},{"not_picked":["Footwork","Quick Slash"],"picked":"Deadly Poison","floor":0},{"not_picked":["Poisoned Stab","Blade Dance"],"picked":"Noxious Fumes","floor":0},{"not_picked":["Poisoned Stab","PiercingWail"],"picked":"Backflip","floor":0},{"not_picked":["Forethought","Dagger Spray"],"picked":"Deadly Poison","floor":0},{"not_picked":["Heel Hook","Blade Dance"],"picked":"Backstab","floor":0},{"not_picked":["Cloak And Dagger","Dagger Throw"],"picked":"Backflip","floor":0},{"not_picked":["Skewer","PiercingWail"],"picked":"Catalyst","floor":0},{"not_picked":["Underhanded Strike","Dagger Throw"],"picked":"Backflip","floor":0},{"not_picked":["Sucker Punch","Prepared"],"picked":"Dagger Spray","floor":0},{"not_picked":["Predator","Trip"],"picked":"PiercingWail","floor":1},{"not_picked":["Acrobatics","Backflip"],"picked":"Backstab","floor":5},{"not_picked":["REME_LeechingPoison","A Thousand Cuts"],"picked":"HandOfGreed","floor":6},{"not_picked":["Thinking Ahead","Wraith Form v2"],"picked":"Secret Technique","floor":8},{"not_picked":["REME_AllRoundStrike","Mayhem"],"picked":"Secret Technique","floor":12},{"not_picked":["Secret Technique","Grand Finale"],"picked":"Apotheosis","floor":14},{"not_picked":["REME_HeartOfCthun","Chrysalis"],"picked":"REME_Flogging","floor":16},{"not_picked":["Acrobatics","Masterful Stab"],"picked":"Escape Plan","floor":18},{"not_picked":["The Bomb","Storm of Steel"],"picked":"Burst","floor":20},{"not_picked":["Jack Of All Trades","Cloak And Dagger"],"picked":"Dark Shackles","floor":22},{"not_picked":["Violence","REME_BodyOfCthun"],"picked":"Burst","floor":23},{"not_picked":["A Thousand Cuts","REME_SpectralBlade","Doppelganger"],"picked":"SKIP","floor":24},{"not_picked":["Secret Technique","The Bomb"],"picked":"Envenom","floor":27},{"not_picked":["REME_EyeOfCthun+1","Night Terror"],"picked":"REME_ProfessionalPlagiarism","floor":29},{"not_picked":["Apotheosis","REME_AllRoundStrike+1"],"picked":"After Image","floor":30},{"not_picked":["Quick Slash+1","Trip","PiercingWail+1"],"picked":"SKIP","floor":35},{"not_picked":["Deadly Poison","Dodge and Roll"],"picked":"REME_FirmDetermination+1","floor":36},{"not_picked":["REME_ShadowForm","HandOfGreed+1"],"picked":"Master of Strategy","floor":38},{"not_picked":["REME_AllRoundStrike+1","REME_LeechingPoison","Night Terror"],"picked":"SKIP","floor":40},{"not_picked":["Malaise","REME_ShadowForm"],"picked":"REME_PuzzleBox","floor":41},{"not_picked":["Metamorphosis","Secret Technique"],"picked":"REME_PuzzleBox","floor":42},{"not_picked":["REME_BattleFury","Envenom","REME_SpectralBlade+1"],"picked":"SKIP","floor":44},{"not_picked":["HandOfGreed+1","Bullet Time"],"picked":"Panache","floor":46},{"not_picked":["Doppelganger","Mayhem"],"picked":"Panache","floor":47},{"not_picked":["The Bomb","Envenom","Violence"],"picked":"SKIP","floor":48},{"not_picked":["Secret Technique","Malaise"],"picked":"A Thousand Cuts","floor":54}],"player_experience":576604,"relics_obtained":[{"floor":6,"key":"Pear"},{"floor":8,"key":"Letter Opener"},{"floor":9,"key":"Mummified Hand"},{"floor":12,"key":"Snake Skull"},{"floor":14,"key":"Thread and Needle"},{"floor":20,"key":"Sundial"},{"floor":23,"key":"Turnip"},{"floor":24,"key":"Regal Pillow"},{"floor":27,"key":"Molten Egg 2"},{"floor":29,"key":"War Paint"},{"floor":30,"key":"Pocketwatch"},{"floor":36,"key":"Girya"},{"floor":38,"key":"Akabeko"},{"floor":39,"key":"REME_HourglassOfDeath"},{"floor":40,"key":"Shuriken"},{"floor":41,"key":"MealTicket"},{"floor":42,"key":"Omamori"},{"floor":43,"key":"Anchor"},{"floor":44,"key":"Bottled Tornado"},{"floor":46,"key":"Bag of Preparation"},{"floor":47,"key":"Tough Bandages"},{"floor":48,"key":"Gambling Chip"},{"floor":54,"key":"Bird Faced Urn"}],"event_choices":[{"damage_healed":0,"gold_gain":0,"player_choice":"Box","damage_taken":0,"relics_obtained":["Paper Crane"],"max_hp_gain":0,"max_hp_loss":0,"event_name":"Big Fish","floor":2,"gold_loss":0,"cards_obtained":["Regret"]},{"damage_healed":0,"gold_gain":0,"player_choice":"Entered Light","damage_taken":14,"max_hp_gain":0,"max_hp_loss":0,"event_name":"Shining Light","floor":3,"gold_loss":0,"cards_upgraded":["Backflip","Alpha"]},{"damage_healed":0,"gold_gain":0,"player_choice":"Upgraded","damage_taken":0,"max_hp_gain":0,"max_hp_loss":0,"event_name":"Upgrade Shrine","floor":19,"gold_loss":0,"cards_upgraded":["Catalyst"]},{"damage_healed":0,"gold_gain":0,"player_choice":"Fight","damage_taken":0,"max_hp_gain":0,"max_hp_loss":0,"event_name":"Mysterious Sphere","floor":36,"gold_loss":0},{"damage_healed":0,"gold_gain":0,"player_choice":"Upgraded","damage_taken":0,"max_hp_gain":0,"max_hp_loss":0,"event_name":"Upgrade Shrine","floor":37,"gold_loss":0,"cards_upgraded":["After Image"]}],"is_beta":false,"boss_relics":[{"not_picked":["Cursed Key","Calling Bell"],"picked":"WristBlade"},{"not_picked":["SacredBark","Tiny House"],"picked":"Sozu"}],"items_purged_floors":[21,31,45],"is_endless":false,"potions_floor_spawned":[1,6,12,14,22,23,24,27,30,36,38,42,46],"ascension_level":1}}