{"host":"ou23awlgcm0pi7o1","time":1613166604,"event":{"mods":["BaseMod","Colored Map","Minty Spire (QoL Compilation)","StSLib","The Animator","Unceasing Turn Reminder"],"gold_per_floor":[121,121,121,131,155,155,197,197,245,259,259,278,228,257,257,364,364,374,374,374,389,225,225,235,235,235],"floor_reached":25,"language":"ENG","playtime":2465,"items_purged":["animator:Strike_MadokaMagica"],"score":222,"play_id":"89bda206-efa9-4878-bfc5-cf0c12add40b","local_time":"20210212215004","is_ascension_mode":true,"campfire_choices":[{"data":"animator:Hibiki","floor":6,"key":"SMITH"},{"data":"animator:Millim","floor":8,"key":"SMITH"},{"floor":11,"key":"REST"},{"data":"animator:Evileye","floor":15,"key":"SMITH"},{"data":"animator:Zero","floor":23,"key":"SMITH"}],"circlet_count":0,"master_deck":["animator:Defend_MadokaMagica","animator:Defend+1","animator:Defend","animator:Defend","animator:IrohaTamaki","animator:YuiTsuruno","animator:Hibiki+1","animator:OrikoMikuni","animator:KyokoSakura","animator:Millim+1","animator:YachiyoNanami","animator:ChaikaTrabant","animator:Evileye+1","animator:Kaijin","animator:Hans","animator:SuzuneAmano","animator:Togame","animator:Zero+1","animator:Gillette"],"relics":["animator:LivingPicture","animator:TheMissingPiece","Ornamental Fan","Bag of Preparation","animator:WornHelmet","Sozu"],"acts_visited":["Exordium","TheCity"],"potions_floor_usage":[14,14],"damage_taken":[{"damage":5,"enemies":"Small Slimes","floor":1,"turns":3},{"damage":2,"enemies":"2 Louse","floor":4,"turns":2},{"damage":1,"enemies":"Cultist","floor":5,"turns":4},{"damage":30,"enemies":"Lagavulin","floor":7,"turns":6},{"damage":18,"enemies":"Large Slime","floor":10,"turns":5},{"damage":0,"enemies":"2 Fungi Beasts","floor":12,"turns":2},{"damage":25,"enemies":"3 Sentries","floor":14,"turns":8},{"damage":7,"enemies":"The Guardian","floor":16,"turns":9},{"damage":3,"enemies":"3 Byrds","floor":18,"turns":4},{"damage":8,"enemies":"2 Thieves","floor":21,"turns":3},{"damage":13,"enemies":"Snake Plant","floor":24,"turns":4},{"damage":13,"enemies":"Sentry and Sphere","floor":25,"turns":5}],"seed_played":"4840292882869350450","potions_obtained":[{"floor":1,"key":"Regen Potion"},{"floor":5,"key":"Swift Potion"},{"floor":14,"key":"FearPotion"}],"is_trial":false,"path_per_floor":["M","?","?","M","M","R","E","R","T","M","R","M","?","E","R","B",null,"M","?","?","M","$","R","M","M"],"character_chosen":"THE_ANIMATOR","items_purchased":["animator:Zero"],"campfire_rested":1,"item_purchase_floors":[22],"current_hp_per_floor":[55,60,60,59,58,58,28,28,28,10,29,29,29,20,20,13,67,65,65,65,57,57,57,44,31,31],"gold":235,"neow_bonus":"RANDOM_COLORLESS_2","is_daily":false,"chose_seed":false,"campfire_upgraded":4,"win_rate":0.0,"timestamp":1613166604,"path_taken":["M","?","?","M","?","R","E","R","T","M","R","M","?","E","R","BOSS","M","?","?","M","$","R","M","M"],"items_purchased_type":["Card"],"build_version":"2020-12-22","purchased_purges":1,"victory":false,"max_hp_per_floor":[60,65,65,66,66,66,66,66,66,66,66,66,66,67,67,67,67,68,68,68,68,68,68,68,68,68],"card_choices":[{"not_picked":["animator:HououinKyouma","animator:Emilia"],"picked":"animator:Hibiki","floor":0},{"not_picked":["animator:Layla","animator:Guy"],"picked":"animator:OrikoMikuni","floor":1},{"not_picked":["animator:Shion","animator:Fredrika"],"picked":"animator:KyokoSakura","floor":4},{"not_picked":["animator:Rider","animator:ZankiKiguchi"],"picked":"animator:Millim","floor":5},{"not_picked":["animator:MamiTomoe","animator:OrikoMikuni"],"picked":"animator:YachiyoNanami","floor":7},{"not_picked":["animator:ChaikaBohdan","animator:Hakurou"],"picked":"animator:ChaikaTrabant","floor":10},{"not_picked":["animator:Berserker","animator:PandorasActor"],"picked":"animator:Evileye","floor":12},{"not_picked":["animator:MamiTomoe","animator:RinTohsaka"],"picked":"animator:Kaijin","floor":14},{"not_picked":["animator:Albedo","animator:Wiz"],"picked":"animator:Hans","floor":16},{"not_picked":["animator:YuiTsuruno","animator:NagisaMomoe"],"picked":"animator:SuzuneAmano","floor":18},{"not_picked":["animator:MamiTomoe","animator:SakuraMatou"],"picked":"animator:Togame","floor":21},{"not_picked":["animator:Lancer","animator:ChaikaBohdan+1"],"picked":"animator:Gillette","floor":24}],"player_experience":136364,"relics_obtained":[{"floor":7,"key":"Ornamental Fan"},{"floor":9,"key":"Bag of Preparation"},{"floor":14,"key":"animator:WornHelmet"}],"event_choices":[{"damage_healed":0,"gold_gain":0,"player_choice":"Donut","damage_taken":0,"max_hp_gain":5,"max_hp_loss":0,"event_name":"Big Fish","floor":2,"gold_loss":0},{"cards_removed":["animator:Strike"],"damage_healed":0,"gold_gain":0,"player_choice":"Offered Basic","damage_taken":0,"max_hp_gain":0,"max_hp_loss":0,"event_name":"Bonfire Elementals","floor":3,"gold_loss":0},{"cards_removed":["animator:Strike"],"damage_healed":0,"gold_gain":0,"player_choice":"Card Removal","damage_taken":0,"max_hp_gain":0,"max_hp_loss":0,"event_name":"The Cleric","floor":13,"gold_loss":50},{"damage_healed":0,"gold_gain":0,"player_choice":"Ignored","damage_taken":0,"max_hp_gain":0,"max_hp_loss":0,"event_name":"The Mausoleum","floor":19,"gold_loss":0},{"cards_removed":["animator:Strike"],"damage_healed":0,"gold_gain":0,"player_choice":"Elegance","damage_taken":0,"max_hp_gain":0,"max_hp_loss":0,"event_name":"Back to Basics","floor":20,"gold_loss":0}],"is_beta":false,"boss_relics":[{"not_picked":["Busted Crown","Astrolabe"],"picked":"Sozu"}],"items_purged_floors":[22],"is_endless":false,"potions_floor_spawned":[1,5,14],"killed_by":"Sentry and Sphere","ascension_level":1}}