{"host":"sc0o2qwpf9j16a4i","time":1613135373,"event":{"mods":["AchievementEnabler","BaseMod","BetterRewards","Block Reminder","Colored Map","Colored Powertips","Custom Start","Highlight Path","Minty Spire (QoL Compilation)","Relic Stats"],"gold_per_floor":[111,111,138,15,27,60,60,88,139,139,87,87,145,156,156,254,254,269,269,269,35,35,35,65,76,76,76,105,23,54,69,69,172,172,192,203,203,215,175,201,201,201,224,255,40,40,52,66,66,66],"floor_reached":51,"language":"ENG","playtime":1369,"items_purged":[],"score":867,"play_id":"0b9d50f9-e514-4d4f-a3ab-de65d1cafe14","local_time":"20210212150933","daily_mods":["SealedDeck","Blue Cards","Lethality"],"is_ascension_mode":false,"campfire_choices":[{"data":"Whirlwind","floor":7,"key":"SMITH"},{"data":"Beam Cell","floor":12,"key":"SMITH"},{"data":"Armaments","floor":15,"key":"SMITH"},{"data":"Feed","floor":23,"key":"SMITH"},{"data":"Discovery","floor":32,"key":"SMITH"},{"data":"Coolheaded","floor":41,"key":"SMITH"},{"data":"Turbo","floor":46,"key":"SMITH"},{"data":"Dark Embrace","floor":49,"key":"SMITH"}],"circlet_count":0,"master_deck":["Anger","Iron Wave","Cleave","Pommel Strike","Headbutt","Disarm","Beam Cell+1","Leap","Whirlwind+1","Genetic Algorithm","Flex","Shockwave+1","Clothesline","Armaments+1","Feed+1","Infernal Blade+1","Spot Weakness+1","Coolheaded+1","Discovery+1","Turbo+1","Corruption+1","Static Discharge+1","Infernal Blade+1","Dark Embrace+1","Go for the Eyes+1"],"relics":["Burning Blood","Juzu Bracelet","Eternal Feather","Bird Faced Urn","Regal Pillow","Blue Candle","Toy Ornithopter","Busted Crown","Akabeko","Oddly Smooth Stone","Molten Egg 2","Enchiridion","Pen Nib","Ice Cream","SacredBark","Dream Catcher","War Paint","Mercury Hourglass","PreservedInsect"],"acts_visited":["Exordium","TheCity","TheBeyond"],"potions_floor_usage":[6,13,16,16,28,28,28,30,33,44,47,50,50],"damage_taken":[{"damage":0,"enemies":"Jaw Worm","floor":1,"turns":1},{"damage":0,"enemies":"Small Slimes","floor":5,"turns":1},{"damage":0,"enemies":"Gremlin Nob","floor":6,"turns":2},{"damage":0,"enemies":"Lagavulin","floor":8,"turns":4},{"damage":4,"enemies":"Gremlin Nob","floor":13,"turns":3},{"damage":16,"enemies":"2 Louse","floor":14,"turns":2},{"damage":21,"enemies":"Slime Boss","floor":16,"turns":7},{"damage":15,"enemies":"3 Byrds","floor":18,"turns":3},{"damage":0,"enemies":"Slavers","floor":24,"turns":1},{"damage":0,"enemies":"Spheric Guardian","floor":25,"turns":2},{"damage":4,"enemies":"Gremlin Leader","floor":28,"turns":3},{"damage":6,"enemies":"Slavers","floor":30,"turns":3},{"damage":3,"enemies":"Centurion and Healer","floor":31,"turns":3},{"damage":20,"enemies":"Champ","floor":33,"turns":5},{"damage":24,"enemies":"3 Shapes","floor":35,"turns":2},{"damage":2,"enemies":"3 Darklings","floor":36,"turns":3},{"damage":15,"enemies":"Sphere and 2 Shapes","floor":38,"turns":4},{"damage":29,"enemies":"Nemesis","floor":40,"turns":5},{"damage":19,"enemies":"Reptomancer","floor":44,"turns":4},{"damage":0,"enemies":"Spire Growth","floor":47,"turns":2},{"damage":0,"enemies":"Transient","floor":48,"turns":5},{"damage":39,"enemies":"Awakened One","floor":50,"turns":6}],"seed_played":"-5526730675380348078","potions_obtained":[{"floor":5,"key":"LiquidMemories"},{"floor":13,"key":"ElixirPotion"},{"floor":16,"key":"Swift Potion"},{"floor":18,"key":"EntropicBrew"},{"floor":24,"key":"Ancient Potion"},{"floor":25,"key":"LiquidMemories"},{"floor":31,"key":"ColorlessPotion"},{"floor":36,"key":"BlessingOfTheForge"},{"floor":38,"key":"Weak Potion"},{"floor":42,"key":"DuplicationPotion"},{"floor":42,"key":"GamblersBrew"},{"floor":44,"key":"DistilledChaos"}],"is_trial":true,"path_per_floor":["M","?","T","$","M","E","R","E","T","?","$","R","?","M","R","B",null,"M","?","?","$","?","R","E","M","T","?","E","$","E","M","R","B",null,"M","M","?","M","?","E","R","?","T","E","$","R","M","M","R","B",null],"character_chosen":"IRONCLAD","items_purchased":["SteroidPotion","LiquidMemories","Explosive Potion","Akabeko","Spot Weakness","Discovery","PreservedInsect","Dark Embrace"],"campfire_rested":0,"item_purchase_floors":[4,4,11,21,21,29,45,45],"current_hp_per_floor":[80,80,80,80,80,80,80,80,80,62,62,68,70,60,69,64,80,71,71,71,71,71,80,80,80,80,64,84,84,88,92,92,78,92,78,84,84,83,83,68,80,80,80,78,78,90,103,103,103,73],"gold":66,"neow_bonus":"","is_daily":false,"chose_seed":false,"campfire_upgraded":8,"win_rate":0.0,"timestamp":1613135373,"path_taken":["M","?","?","?","M","E","R","E","T","?","$","R","?","M","R","BOSS","M","?","?","$","?","R","E","M","T","?","E","$","E","M","R","BOSS","M","M","?","M","?","E","R","?","T","E","$","R","M","M","R","BOSS"],"items_purchased_type":["Potion","Potion","Potion","Relic","Card","Card","Relic","Card"],"build_version":"2020-12-22","purchased_purges":0,"victory":true,"max_hp_per_floor":[80,80,80,80,80,80,80,80,80,80,80,80,80,80,80,80,80,80,80,80,80,80,80,80,80,80,80,84,84,88,92,92,92,92,96,96,91,95,95,95,95,95,95,99,99,99,103,103,103,103],"relic_stats":{"Regal Pillow":0,"counters":[22,71],"Blue Candle":[0],"Eternal Feather":48,"Pen Nib":[9],"PreservedInsect":0,"Juzu Bracelet":2,"War Paint":["Shockwave","Spot Weakness"],"Burning Blood":81,"Mercury Hourglass":[45],"Dream Catcher":0,"Busted Crown":28,"Bird Faced Urn":[23],"obtain_stats":[{"Ice Cream":30,"Regal Pillow":9,"Blue Candle":10,"SacredBark":34,"Oddly Smooth Stone":24,"Enchiridion":27,"Eternal Feather":6,"Pen Nib":28,"PreservedInsect":45,"Juzu Bracelet":3,"War Paint":43,"Burning Blood":0,"Akabeko":21,"Mercury Hourglass":44,"Dream Catcher":40,"Busted Crown":17,"Bird Faced Urn":8,"Molten Egg 2":26,"Toy Ornithopter":13},{"Ice Cream":12,"Regal Pillow":4,"Blue Candle":4,"SacredBark":14,"Oddly Smooth Stone":9,"Enchiridion":10,"Eternal Feather":3,"Pen Nib":11,"PreservedInsect":19,"Juzu Bracelet":1,"War Paint":18,"Burning Blood":0,"Akabeko":8,"Mercury Hourglass":19,"Dream Catcher":18,"Busted Crown":7,"Bird Faced Urn":4,"Molten Egg 2":10,"Toy Ornithopter":5},{"Ice Cream":32,"Regal Pillow":8,"Blue Candle":8,"SacredBark":40,"Oddly Smooth Stone":24,"Enchiridion":26,"Eternal Feather":4,"Pen Nib":29,"PreservedInsect":58,"Juzu Bracelet":1,"War Paint":54,"Burning Blood":0,"Akabeko":23,"Mercury Hourglass":58,"Dream Catcher":54,"Busted Crown":20,"Bird Faced Urn":8,"Molten Egg 2":26,"Toy Ornithopter":11}],"Toy Ornithopter":34},"card_choices":[{"not_picked":["True Grit","Undo"],"picked":"Flex","floor":1},{"not_picked":["Body Slam","Aggregate"],"picked":"Shockwave","floor":5},{"not_picked":["True Grit","Double Energy","Gash"],"picked":"SKIP","floor":6},{"not_picked":["Burning Pact","Sever Soul"],"picked":"Infernal Blade","floor":8},{"not_picked":["Feel No Pain","Consume"],"picked":"Clothesline","floor":13},{"not_picked":["Blizzard","Coolheaded"],"picked":"Armaments","floor":14},{"not_picked":["All For One","Core Surge"],"picked":"Feed","floor":16},{"not_picked":[],"picked":"Infernal Blade+1","floor":18},{"not_picked":["Thunder Strike"],"picked":"SKIP","floor":24},{"not_picked":["Twin Strike"],"picked":"SKIP","floor":25},{"not_picked":["Rebound+1"],"picked":"SKIP","floor":28},{"not_picked":["Capacitor"],"picked":"SKIP","floor":30},{"not_picked":[],"picked":"Turbo","floor":31},{"not_picked":[],"picked":"Corruption","floor":33},{"not_picked":[],"picked":"Static Discharge+1","floor":35},{"not_picked":[],"picked":"Infernal Blade+1","floor":36},{"not_picked":["Loop"],"picked":"SKIP","floor":38},{"not_picked":["Capacitor"],"picked":"SKIP","floor":40},{"not_picked":["Anger+1"],"picked":"SKIP","floor":44},{"not_picked":["Chaos"],"picked":"SKIP","floor":47},{"not_picked":[],"picked":"Go for the Eyes+1","floor":48}],"player_experience":1360932,"relics_obtained":[{"floor":3,"key":"Juzu Bracelet"},{"floor":6,"key":"Eternal Feather"},{"floor":8,"key":"Bird Faced Urn"},{"floor":9,"key":"Regal Pillow"},{"floor":13,"key":"Toy Ornithopter"},{"floor":24,"key":"Oddly Smooth Stone"},{"floor":26,"key":"Molten Egg 2"},{"floor":27,"key":"Enchiridion"},{"floor":28,"key":"Pen Nib"},{"floor":30,"key":"Ice Cream"},{"floor":40,"key":"Dream Catcher"},{"floor":43,"key":"War Paint"},{"floor":44,"key":"Mercury Hourglass"}],"event_choices":[{"damage_healed":0,"gold_gain":0,"player_choice":"Ignored","damage_taken":0,"max_hp_gain":0,"max_hp_loss":0,"event_name":"Golden Wing","floor":2,"gold_loss":0},{"damage_healed":0,"gold_gain":0,"player_choice":"Success","damage_taken":18,"relics_obtained":["Blue Candle"],"max_hp_gain":0,"max_hp_loss":0,"event_name":"Scrap Ooze","floor":10,"gold_loss":0},{"damage_healed":0,"gold_gain":0,"player_choice":"Searched \u00271\u0027 times","damage_taken":0,"max_hp_gain":0,"max_hp_loss":0,"event_name":"Dead Adventurer","floor":13,"gold_loss":0},{"damage_healed":0,"gold_gain":0,"player_choice":"Ignored","damage_taken":0,"max_hp_gain":0,"max_hp_loss":0,"event_name":"Ghosts","floor":19,"gold_loss":0},{"damage_healed":0,"gold_gain":0,"player_choice":"Ignored","damage_taken":0,"max_hp_gain":0,"max_hp_loss":0,"event_name":"Vampires","floor":20,"gold_loss":0},{"damage_healed":0,"gold_gain":0,"cards_transformed":["Infernal Blade"],"player_choice":"Transformed","damage_taken":0,"max_hp_gain":0,"max_hp_loss":0,"event_name":"Transmorgrifier","floor":22,"gold_loss":0,"cards_obtained":["Coolheaded"]},{"damage_healed":0,"gold_gain":0,"player_choice":"Obtained Book","damage_taken":16,"max_hp_gain":0,"max_hp_loss":0,"event_name":"Cursed Tome","floor":27,"gold_loss":0},{"damage_healed":0,"gold_gain":0,"player_choice":"Max HP","damage_taken":0,"max_hp_gain":0,"max_hp_loss":5,"event_name":"Winding Halls","floor":37,"gold_loss":0},{"damage_healed":0,"gold_gain":0,"player_choice":"Upgrade","damage_taken":0,"max_hp_gain":0,"max_hp_loss":0,"event_name":"Designer","floor":39,"gold_loss":40,"cards_upgraded":["Corruption"]},{"damage_healed":0,"gold_gain":0,"player_choice":"Got Potions","damage_taken":0,"max_hp_gain":0,"max_hp_loss":0,"event_name":"Lab","floor":42,"gold_loss":0}],"is_beta":false,"boss_relics":[{"not_picked":["Coffee Dripper","Black Blood"],"picked":"Busted Crown"},{"not_picked":["Philosopher\u0027s Stone","Runic Dome"],"picked":"SacredBark"}],"items_purged_floors":[],"is_endless":false,"potions_floor_spawned":[5,13,16,18,24,25,31,36,38,44],"ascension_level":0}}