{"host":"lx933ja015x1ub68","time":1613119173,"event":{"mods":["AchievementEnabler","BaseMod","Better Match","Better Third Choice","BetterRewards","Colored Map","Exacting","FTL Soundtrack","Minty Spire (QoL Compilation)","Shop Mod","StSLib"],"gold_per_floor":[119,119,135,147,147,147,173,183,210,210,229,239,414,6,6,111,111,126,136,136,5,21,21,21,50,50,50,3,21,21,34,34,34,34],"floor_reached":33,"language":"ENG","playtime":3441,"items_purged":[],"score":410,"play_id":"e7600549-7d68-4922-9585-995f1f05c58b","local_time":"20210212193933","is_ascension_mode":true,"campfire_choices":[{"data":"Entrench","floor":6.0,"key":"SMITH"},{"data":"Magnetism","floor":15.0,"key":"SMITH"},{"floor":23.0,"key":"REST"},{"floor":27.0,"key":"REST"},{"floor":32.0,"key":"REST"}],"circlet_count":0,"master_deck":["Strike_R","Strike_R","Strike_R","Strike_R","Strike_R","Defend_R","Defend_R","Defend_R","Defend_R","Rage","Thunderclap","Anger","Entrench+1","Anger","Enlightenment","Seeing Red","Heavy Blade","Feel No Pain","Rage","Sever Soul","Headbutt","Pain","Headbutt","Doubt","Magnetism+1","Barricade","Warcry","Anger","Shame","Armaments","Fire Breathing","Armaments","Flex+1","Shrug It Off","Shrug It Off+1","Body Slam","Body Slam"],"relics":["Burning Blood","MerchantsRug","Du-Vu Doll","Lantern","Potion Belt","Pen Nib","WarpedTongs","Bottled Tornado","Ancient Tea Set","Torii","Toolbox","Unceasing Top","Magic Flower","Self Forming Clay"],"acts_visited":["Exordium","TheCity"],"potions_floor_usage":[33,33],"damage_taken":[{"damage":3.0,"enemies":"Jaw Worm","floor":1.0,"turns":3.0},{"damage":1.0,"enemies":"Cultist","floor":3.0,"turns":3.0},{"damage":5.0,"enemies":"Small Slimes","floor":4.0,"turns":3.0},{"damage":9.0,"enemies":"3 Sentries","floor":7.0,"turns":5.0},{"damage":0.0,"enemies":"Looter","floor":8.0,"turns":2.0},{"damage":3.0,"enemies":"Red Slaver","floor":11.0,"turns":2.0},{"damage":0.0,"enemies":"2 Fungi Beasts","floor":12.0,"turns":2.0},{"damage":47.0,"enemies":"Hexaghost","floor":16.0,"turns":8.0},{"damage":13.0,"enemies":"Spheric Guardian","floor":18.0,"turns":4.0},{"damage":23.0,"enemies":"3 Byrds","floor":19.0,"turns":4.0},{"damage":26.0,"enemies":"Sentry and Sphere","floor":22.0,"turns":4.0},{"damage":63.0,"enemies":"Slavers","floor":25.0,"turns":4.0},{"damage":17.0,"enemies":"Snecko","floor":29.0,"turns":4.0},{"damage":21.0,"enemies":"Snake Plant","floor":31.0,"turns":4.0},{"damage":58,"enemies":"Automaton","floor":33,"turns":7}],"seed_played":"8759832830437546547","potions_obtained":[{"floor":3.0,"key":"Explosive Potion"},{"floor":4.0,"key":"FairyPotion"},{"floor":4.0,"key":"SpeedPotion"},{"floor":8.0,"key":"Swift Potion"},{"floor":16.0,"key":"FearPotion"},{"floor":18.0,"key":"Explosive Potion"},{"floor":31.0,"key":"SteroidPotion"}],"is_trial":false,"path_per_floor":["M","?","M","M","?","R","E","M","T","?","M","M","?","$","R","B",null,"M","M","?","$","M","R","?","E","T","R","$","M","?","M","R","B"],"character_chosen":"IRONCLAD","items_purchased":["MerchantsRug","Du-Vu Doll","Lantern","Orrery","Enlightenment","Explosive Potion","BloodPotion","Swift Potion","Magnetism","Bottled Tornado","Toolbox","Armaments","Fire Breathing","Shrug It Off"],"campfire_rested":3,"item_purchase_floors":[0,0,0,0,0,0,0,0,14,14,21,21,21,28],"current_hp_per_floor":[63,63,68,69,62,62,59,65,65,65,68,74,74,74,74,33,80,73,56,56,56,36,60,60,30,30,54,54,46,46,34,58,0,0],"gold":34,"neow_bonus":"","is_daily":false,"chose_seed":false,"campfire_upgraded":2,"win_rate":0.0,"timestamp":1613119173,"path_taken":["M","?","?","M","?","R","E","M","T","?","?","M","?","$","R","BOSS","M","M","?","$","M","R","?","E","T","R","?","M","?","M","R","BOSS"],"items_purchased_type":["Relic","Relic","Relic","Relic","Card","Potion","Potion","Potion","Card","Relic","Relic","Card","Card","Card"],"build_version":"2020-12-22","purchased_purges":0,"victory":false,"max_hp_per_floor":[80,80,80,80,80,80,80,80,80,80,80,80,80,80,80,80,80,80,80,80,80,80,80,80,80,80,80,80,80,80,80,80,80,80],"card_choices":[{"not_picked":["Searing Blow","Shrug It Off"],"picked":"Rage","floor":0.0},{"not_picked":["Pummel","Warcry"],"picked":"Thunderclap","floor":0.0},{"not_picked":["Pommel Strike","Brutality"],"picked":"Anger","floor":0.0},{"not_picked":["Sword Boomerang","Combust"],"picked":"Entrench","floor":0.0},{"not_picked":["Pummel","Whirlwind"],"picked":"Anger","floor":0.0},{"not_picked":["Pommel Strike","Iron Wave"],"picked":"Seeing Red","floor":1.0},{"not_picked":["Power Through","Burning Pact"],"picked":"Heavy Blade","floor":3.0},{"not_picked":["Heavy Blade","Clothesline"],"picked":"Feel No Pain","floor":3.0},{"not_picked":["Sever Soul","Sword Boomerang"],"picked":"Rage","floor":4.0},{"not_picked":["Dark Embrace","Pommel Strike"],"picked":"Sever Soul","floor":7.0},{"not_picked":["Spot Weakness","Reckless Charge"],"picked":"Headbutt","floor":8.0},{"not_picked":["Dropkick","Sword Boomerang"],"picked":"Headbutt","floor":11.0},{"not_picked":["Shockwave","Second Wind","True Grit"],"picked":"SKIP","floor":12.0},{"not_picked":["Corruption","Offering"],"picked":"Barricade","floor":16.0},{"not_picked":["Sword Boomerang","Flame Barrier"],"picked":"Warcry","floor":18.0},{"not_picked":["Iron Wave","Dropkick"],"picked":"Anger","floor":19.0},{"not_picked":["Battle Trance+1","Warcry"],"picked":"Armaments","floor":22.0},{"not_picked":["Disarm","Berserk"],"picked":"Flex+1","floor":25.0},{"not_picked":["Armaments","Rupture+1"],"picked":"Shrug It Off+1","floor":29.0},{"not_picked":["Pommel Strike","Fire Breathing"],"picked":"Body Slam","floor":31.0}],"player_experience":62799,"relics_obtained":[{"floor":7.0,"key":"Pen Nib"},{"floor":19.0,"key":"Ancient Tea Set"},{"floor":25.0,"key":"Magic Flower"},{"floor":26.0,"key":"Self Forming Clay"}],"event_choices":[{"damage_healed":0.0,"max_hp_gain":0.0,"max_hp_loss":0.0,"gold_gain":0.0,"event_name":"WeMeetAgain","player_choice":"Gave Potion","floor":2.0,"gold_loss":0.0,"damage_taken":0.0,"relics_obtained":["Potion Belt"]},{"cards_removed":["Bash"],"damage_healed":0.0,"max_hp_gain":0.0,"max_hp_loss":0.0,"gold_gain":0.0,"event_name":"Golden Wing","player_choice":"Card Removal","floor":5.0,"gold_loss":0.0,"damage_taken":7.0},{"damage_healed":0.0,"max_hp_gain":0.0,"max_hp_loss":0.0,"gold_gain":0.0,"event_name":"Accursed Blacksmith","player_choice":"Rummage","floor":10.0,"gold_loss":0.0,"damage_taken":0.0,"relics_obtained":["WarpedTongs"],"cards_obtained":["Pain"]},{"damage_healed":0.0,"max_hp_gain":0.0,"max_hp_loss":0.0,"gold_gain":175.0,"event_name":"betterThird:BetterSerpent","player_choice":"AGREE","floor":13.0,"gold_loss":0.0,"damage_taken":239.0},{"damage_healed":0.0,"max_hp_gain":0.0,"max_hp_loss":0.0,"gold_gain":0.0,"event_name":"Addict","player_choice":"Stole Relic","floor":20.0,"gold_loss":0.0,"damage_taken":0.0,"relics_obtained":["Torii"],"cards_obtained":["Shame"]},{"damage_healed":0.0,"max_hp_gain":0.0,"max_hp_loss":0.0,"gold_gain":0.0,"event_name":"The Mausoleum","player_choice":"Opened","floor":24.0,"gold_loss":0.0,"damage_taken":0.0,"relics_obtained":["Unceasing Top"]},{"damage_healed":0.0,"max_hp_gain":0.0,"max_hp_loss":0.0,"gold_gain":0.0,"event_name":"The Library","player_choice":"Read","floor":30.0,"gold_loss":0.0,"damage_taken":0.0,"cards_obtained":["Body Slam"]}],"is_beta":false,"boss_relics":[{"not_picked":["Sozu","Ectoplasm"],"picked":"Philosopher\u0027s Stone"}],"items_purged_floors":[],"is_endless":false,"potions_floor_spawned":[3,4,8,16,18,31],"killed_by":"Automaton","ascension_level":1}}