{"host":"b6hf8n3pu8vqv2wi","time":1613143190,"event":{"mods":["BaseMod","Minty Spire (QoL Compilation)","StSLib","The Servant 0.9.4"],"gold_per_floor":[109,59,74,74,85,111,111,140,190,190,205,205,223,249,249,349,349,361,361,49,49,49,74,90,90,136,146,174,194,220,266,266,365,365,380,427,427,443,294,327,345,385,385,385,385,385,419,441,441,441,441,441,145,188,188],"floor_reached":56,"language":"ZHS","playtime":20949,"items_purged":[],"score":1545,"play_id":"f4eab117-b7ff-4c78-a9fd-78d000117e3f","local_time":"20210212231950","is_ascension_mode":true,"campfire_choices":[{"floor":7.0,"key":"RECALL"},{"data":"LightFlow","floor":15.0,"key":"SMITH"},{"data":"Discovery","floor":25.0,"key":"SMITH"},{"data":"BestPractice","floor":32.0,"key":"SMITH"},{"data":"Defy","floor":44.0,"key":"SMITH"},{"data":"MoonPhase","floor":49,"key":"SMITH"},{"data":"FlawlessForm","floor":52,"key":"SMITH"}],"circlet_count":0,"master_deck":["Strike_S+1","Strike_S+1","Strike_S+1","Defend_S+1","Defend_S+1","Defend_S+1","KidneyShot+1","Exchange","Discovery+1","Contraction","BottledTime","Spin+1","Defy+1","Embodiment","BestPractice+1","LightFlow+1","SilverMatrix","Ricochet+1","Deadline+1","Embodiment","Luminosity+1","Misdirection+1","SoulSculpture","FlawlessForm+1","MoonPhase+1","DoubleEdge"],"relics":["Uniform","Pear","Strawberry","Incense Burner","StoneMask","RomanBracelet","Singing Bowl","Peace Pipe","Whetstone","Orichalcum","Art of War","Toy Ornithopter","Sozu","PocketWatch","Boot","Ancient Tea Set","CeramicFish","Bottled Tornado","Mango","Mercury Hourglass","Bag of Preparation","Bag of Marbles","Akabeko"],"acts_visited":["Exordium","TheCity","TheBeyond","TheEnding"],"potions_floor_usage":[55,55,55],"damage_taken":[{"damage":0.0,"enemies":"2 Louse","floor":1.0,"turns":4.0},{"damage":0.0,"enemies":"Jaw Worm","floor":3.0,"turns":6.0},{"damage":0.0,"enemies":"Cultist","floor":5.0,"turns":4.0},{"damage":14.0,"enemies":"3 Sentries","floor":6.0,"turns":4.0},{"damage":0.0,"enemies":"Lagavulin","floor":8.0,"turns":8.0},{"damage":0.0,"enemies":"Large Slime","floor":11.0,"turns":8.0},{"damage":0.0,"enemies":"3 Louse","floor":13.0,"turns":4.0},{"damage":0.0,"enemies":"Gremlin Nob","floor":14.0,"turns":6.0},{"damage":0.0,"enemies":"Slime Boss","floor":16.0,"turns":7.0},{"damage":1.0,"enemies":"Chosen","floor":18.0,"turns":5.0},{"damage":15.0,"enemies":"Slavers","floor":23.0,"turns":5.0},{"damage":1.0,"enemies":"Shell Parasite","floor":24.0,"turns":2.0},{"damage":0.0,"enemies":"Snake Plant","floor":27.0,"turns":3.0},{"damage":10.0,"enemies":"Gremlin Leader","floor":28.0,"turns":6.0},{"damage":7.0,"enemies":"Shelled Parasite and Fungi","floor":29.0,"turns":4.0},{"damage":28.0,"enemies":"Slavers","floor":30.0,"turns":3.0},{"damage":5.0,"enemies":"Champ","floor":33.0,"turns":12.0},{"damage":0.0,"enemies":"3 Darklings","floor":35.0,"turns":4.0},{"damage":20.0,"enemies":"2 Orb Walkers","floor":36.0,"turns":4.0},{"damage":5.0,"enemies":"3 Shapes","floor":38.0,"turns":3.0},{"damage":0.0,"enemies":"Nemesis","floor":40.0,"turns":3.0},{"damage":20.0,"enemies":"Jaw Worm Horde","floor":41.0,"turns":3.0},{"damage":0.0,"enemies":"Reptomancer","floor":42.0,"turns":7.0},{"damage":1,"enemies":"Giant Head","floor":47,"turns":7},{"damage":0,"enemies":"4 Shapes","floor":48,"turns":4},{"damage":0,"enemies":"Time Eater","floor":50,"turns":13},{"damage":10,"enemies":"Shield and Spear","floor":54,"turns":5},{"damage":4,"enemies":"The Heart","floor":55,"turns":8}],"seed_played":"-4834082768719249897","potions_obtained":[{"floor":1.0,"key":"Explosive Potion"},{"floor":4.0,"key":"EntropicBrew"},{"floor":4.0,"key":"Dexterity Potion"},{"floor":11.0,"key":"CultistPotion"},{"floor":16.0,"key":"BlessingOfTheForge"},{"floor":23.0,"key":"DuplicationPotion"},{"floor":27.0,"key":"LiquidBronze"},{"floor":30.0,"key":"SpeedPotion"}],"is_trial":false,"path_per_floor":["M","?","M","?","M","E","R","E","T","$","M","?","M","E","R","B",null,"M","?","$","?","$","E","M","R","T","M","E","M","E","T","R","B",null,"M","?","?","M","$","E","M","E","T","R","T","?","E","M","R","B",null,"R","$","E","B",null],"character_chosen":"THE_SERVANT","items_purchased":["RomanBracelet","Boot","Bag of Preparation","Bag of Marbles"],"campfire_rested":0,"item_purchase_floors":[20,39,53,53],"current_hp_per_floor":[65,65,65,65,65,61,61,68,68,68,68,52,52,52,52,52,82,83,83,83,83,83,77,81,81,81,84,77,78,61,61,61,61,105,108,96,96,100,100,105,94,97,97,97,111,111,113,125,125,128,142,142,142,138,143],"gold":188,"neow_bonus":"RANDOM_COLORLESS","is_daily":false,"chose_seed":false,"campfire_upgraded":6,"win_rate":0.0,"timestamp":1613143190,"path_taken":["M","?","M","?","?","E","R","E","T","$","M","?","M","E","R","BOSS","M","?","$","?","?","E","M","R","T","M","E","M","E","?","R","BOSS","M","?","?","?","$","E","M","E","T","R","?","?","E","?","R","BOSS","R","$","E","BOSS"],"items_purchased_type":["Relic","Relic","Relic","Relic"],"build_version":"2020-12-22","purchased_purges":0,"victory":true,"max_hp_per_floor":[65,65,65,65,65,75,75,82,82,82,82,82,82,82,82,82,82,83,83,83,83,83,88,91,91,91,92,93,97,102,102,102,105,105,108,112,112,115,115,118,121,122,122,122,136,136,137,141,141,142,142,142,142,144,145],"card_choices":[{"not_picked":["Blind","Swift Strike"],"picked":"Discovery","floor":0.0},{"not_picked":["Rewind","ShatteredReality"],"picked":"Contraction","floor":1.0},{"not_picked":["Potential","ShatteredReality"],"picked":"BottledTime","floor":3.0},{"not_picked":["Rearm","DualDimension"],"picked":"Spin","floor":5.0},{"not_picked":["DancingSilver","Rearm"],"picked":"Defy","floor":6.0},{"not_picked":["Shuttle","Luminosity"],"picked":"Embodiment","floor":8.0},{"not_picked":["FastForward","Contraction","Alleviate"],"picked":"SKIP","floor":11.0},{"not_picked":["Snipe","SilverBlades"],"picked":"BestPractice","floor":13.0},{"not_picked":["Manipulate","Revamp"],"picked":"LightFlow","floor":14.0},{"not_picked":["ForgedInTime","Deny"],"picked":"SilverMatrix","floor":16.0},{"not_picked":["Snipe","ShiftingGears"],"picked":"Ricochet+1","floor":18.0},{"not_picked":["FastForward","Unruled+1","Rearm"],"picked":"Singing Bowl","floor":23.0},{"not_picked":["StarChef","Rewind","DoubleEdge"],"picked":"Singing Bowl","floor":24.0},{"not_picked":["SurpressingFire","Collapse"],"picked":"Deadline+1","floor":27.0},{"not_picked":["Alleviate","Comet"],"picked":"Embodiment","floor":28.0},{"not_picked":["ShiftingGears+1","Replace","ShatteredReality"],"picked":"Singing Bowl","floor":29.0},{"not_picked":["Revamp+1","Snipe","Rearm"],"picked":"Singing Bowl","floor":30.0},{"not_picked":["Dilation","TrueSight","LightFlow"],"picked":"Singing Bowl","floor":33.0},{"not_picked":["Replace","Alleviate","Revamp+1"],"picked":"Singing Bowl","floor":35.0},{"not_picked":["Deadline","Spin+1","Potential+1"],"picked":"Singing Bowl","floor":36.0},{"not_picked":["Rearm","ShatteredReality"],"picked":"Luminosity+1","floor":38.0},{"not_picked":["Starlight","RealityMarble","Replace+1"],"picked":"Singing Bowl","floor":40.0},{"not_picked":["Ricochet","Rearm+1"],"picked":"Misdirection+1","floor":41.0},{"not_picked":["FastForward+1","Rearm"],"picked":"SoulSculpture","floor":42.0},{"not_picked":["BottledTime","Moonlight+1"],"picked":"FlawlessForm","floor":47},{"not_picked":["TimeTheft","Contraction+1"],"picked":"MoonPhase","floor":48},{"not_picked":["GearUp+1","Hightail"],"picked":"DoubleEdge","floor":54}],"player_experience":243019,"relics_obtained":[{"floor":6.0,"key":"Pear"},{"floor":8.0,"key":"Strawberry"},{"floor":14.0,"key":"Incense Burner"},{"floor":23.0,"key":"Peace Pipe"},{"floor":26.0,"key":"Whetstone"},{"floor":28.0,"key":"Orichalcum"},{"floor":30.0,"key":"Art of War"},{"floor":31.0,"key":"Toy Ornithopter"},{"floor":36.0,"key":"PocketWatch"},{"floor":40.0,"key":"Ancient Tea Set"},{"floor":42.0,"key":"CeramicFish"},{"floor":43.0,"key":"Bottled Tornado"},{"floor":45.0,"key":"Mango"},{"floor":47,"key":"Mercury Hourglass"},{"floor":54,"key":"Akabeko"}],"event_choices":[{"cards_removed":["Defend_S"],"damage_healed":0.0,"max_hp_gain":0.0,"max_hp_loss":0.0,"gold_gain":0.0,"event_name":"The Cleric","player_choice":"Card Removal","floor":2.0,"gold_loss":50.0,"damage_taken":0.0},{"damage_healed":0.0,"max_hp_gain":0.0,"max_hp_loss":0.0,"gold_gain":0.0,"event_name":"Lab","player_choice":"Got Potions","floor":4.0,"gold_loss":0.0,"damage_taken":0.0},{"damage_healed":0.0,"max_hp_gain":0.0,"max_hp_loss":0.0,"gold_gain":0.0,"event_name":"Shining Light","player_choice":"Entered Light","floor":12.0,"gold_loss":0.0,"damage_taken":16.0,"cards_upgraded":["Strike_S","KidneyShot"]},{"damage_healed":0.0,"max_hp_gain":0.0,"max_hp_loss":0.0,"gold_gain":0.0,"event_name":"Back to Basics","player_choice":"Simplicity","floor":19.0,"gold_loss":0.0,"damage_taken":0.0,"cards_upgraded":["Strike_S","Strike_S","Strike_S","Defend_S","Defend_S","Defend_S"]},{"damage_healed":0.0,"max_hp_gain":0.0,"max_hp_loss":0.0,"gold_gain":0.0,"event_name":"The Mausoleum","player_choice":"Opened","floor":21.0,"gold_loss":0.0,"damage_taken":0.0,"relics_obtained":["Singing Bowl"]},{"damage_healed":0.0,"max_hp_gain":0.0,"max_hp_loss":0.0,"gold_gain":0.0,"event_name":"Mysterious Sphere","player_choice":"Fight","floor":36.0,"gold_loss":0.0,"damage_taken":0.0},{"damage_healed":0.0,"max_hp_gain":0.0,"max_hp_loss":0.0,"gold_gain":0.0,"event_name":"Tomb of Lord Red Mask","player_choice":"Ignored","floor":37.0,"gold_loss":0.0,"damage_taken":0.0},{"cards_removed":["Strike_S"],"damage_healed":0.0,"max_hp_gain":0.0,"max_hp_loss":0.0,"gold_gain":0.0,"event_name":"Wheel of Change","player_choice":"Card Removal","floor":46.0,"gold_loss":0.0,"damage_taken":0.0}],"is_beta":false,"boss_relics":[{"not_picked":["Tiny House","Cursed Key"],"picked":"StoneMask"},{"not_picked":["Black Star","SplendidAttire"],"picked":"Sozu"}],"items_purged_floors":[],"is_endless":false,"potions_floor_spawned":[1,8,11,16,23,27,30,33,36,38,41,47,48],"ascension_level":1}}