{"host":"2pluridizrp50jef","time":1613107048,"event":{"mods":["ATMod(°¢èªMod)","AchievementEnabler","Act Like it!","BaseMod","Bestiary","Better Altar","Better Match","Better Note","Better Sensory Stone","Better Skull","Better Third Choice","BetterRewards","Colored Powertips","Conspire","Curses Come First","Custom Start","Duelist Mod","Energized Spire","Gensokyo","Hallownest","Hubris","Infinite Spire","KinomotoSakuraMod(Ä¾Ö®±¾Ó£)","Lobotomy","LobotomyExtend","Luminous","Minty Spire (QoL Compilation)","Rare Cards Sparkle","Relic Stats","Reliquary","Replay The Spire","StSLib","noobMod","¡¾ÒÅÎï¿¨ÅÆ¡¿REMEMod"],"gold_per_floor":[113,128,78,88,106,106,140,140,140,140,153,170,199,213,213,313,313,313,327,337,349,366,398,398,398,398,398,398,411,421,434,434,566,566,621,621,621,340,340,394,394,447,447,493,493,538,438,484,484,484],"floor_reached":51,"language":"ZHS","playtime":2533,"items_purged":["Luminous:Defend_Luminous","Luminous:Light_Flash_Shower","Luminous:Dark_Abyssal_Drop","Luminous:Light_Flash_Shower"],"score":1191,"play_id":"a5e001ab-1420-4322-8a46-7335be0a2d3d","local_time":"20210211211728","is_ascension_mode":false,"campfire_choices":[{"data":"Massacre","floor":6,"key":"SMITH"},{"data":"AT_KingSlayer","floor":8,"key":"SMITH"},{"data":"Luminous:Dark_Pressure_Void","floor":8,"key":"SMITH"},{"data":"Luminous:Darks_Surge_Luminous","floor":15,"key":"SMITH"},{"data":"Luminous:Dark_Pressure_Void","floor":15,"key":"SMITH"},{"floor":25,"key":"RECALL"},{"data":"Luminous:Defend_Luminous","floor":32,"key":"PURGE"},{"data":"Luminous:Freud_Wisdom1_Luminous+1","floor":49,"key":"SMITH"},{"data":"Luminous:Freud_Wisdom1_Luminous+2","floor":49,"key":"SMITH"}],"circlet_count":0,"master_deck":["infinitespire:OneForAll+1","Luminous:Light_Flash_Shower+1","Luminous:Dark_Abyssal_Drop","Luminous:Dark_Abyssal_Drop+1","Luminous:Switch_Luminous","Massacre+1","AT_KingSlayer+1","Luminous:Dark_Pressure_Void+1","Luminous:Darks_Surge_Luminous+1","Luminous:Balance_Baptism","Luminous:Dark_Pressure_Void+1","Luminous:Balance_Aether_Conduit","Luminous:Light_Spectral_Light+1","Luminous:Tune_Luminous+1","Luminous:Freud_Wisdom1_Luminous+3","Luminous:Dark_Pressure_Void","Luminous:Magic_Boost_Luminous+1","Luminous:Dark_Crescendo_Luminous+1","Luminous:Dark_Pressure_Void+1"],"relics":["Luminous:MirrorRelic","AT_ATBox","REME_ComplimentaryCards","ice","LetterFromLob","Replay:Arrowhead","REME_HandOfSuture","SlaversCollar","AT_BellDemon","hubris:Metronome","hubris:Towel","Whetstone","conspire:TopHat","AT_RedTearstoneRing","infinitespire:EvilPickle","infinitespire:Magic Flask","infinitespire:Cupcake","hubris:TenFootPole","AT_ArchangelStaff","hubris:Icosahedron","ReplayTheSpireMod:TigerMarble","Ancient Tea Set","ReplayFunnel","Gremlin Food","AT_SilvercatRing","Question Card"],"acts_visited":["Exordium","TheCity","TheBeyond"],"potions_floor_usage":[],"damage_taken":[{"damage":5,"enemies":"Small Slimes","floor":1,"turns":3},{"damage":11,"enemies":"Jaw Worm","floor":2,"turns":3},{"damage":0,"enemies":"Cultist","floor":4,"turns":2},{"damage":0,"enemies":"Blue Slaver","floor":5,"turns":1},{"damage":0,"enemies":"Lagavulin","floor":7,"turns":2},{"damage":25,"enemies":"Lots of Slimes","floor":11,"turns":3},{"damage":10,"enemies":"3 Louse","floor":12,"turns":2},{"damage":0,"enemies":"Gremlin Nob","floor":13,"turns":1},{"damage":0,"enemies":"Looter","floor":14,"turns":1},{"damage":32,"enemies":"The Guardian","floor":16,"turns":5},{"damage":15,"enemies":"3 Byrds","floor":19,"turns":3},{"damage":6,"enemies":"Chosen","floor":20,"turns":3},{"damage":0,"enemies":"Sentry and Sphere","floor":21,"turns":2},{"damage":21,"enemies":"Snake Plant","floor":22,"turns":3},{"damage":21,"enemies":"Book of Stabbing","floor":23,"turns":2},{"damage":0,"enemies":"Snecko","floor":29,"turns":1},{"damage":0,"enemies":"Sentry and Sphere","floor":30,"turns":2},{"damage":10,"enemies":"Cultist and Chosen","floor":31,"turns":3},{"damage":68,"enemies":"Pondfish","floor":33,"turns":4},{"damage":0,"enemies":"Orb Walker","floor":35,"turns":1},{"damage":61,"enemies":"Nemesis","floor":40,"turns":3},{"damage":76,"enemies":"Nightmare","floor":42,"turns":4},{"damage":0,"enemies":"3 Darklings","floor":44,"turns":1},{"damage":0,"enemies":"Sphere and 2 Shapes","floor":46,"turns":1},{"damage":0,"enemies":"Jaw Worm Horde","floor":48,"turns":1},{"damage":0,"enemies":"Awakened One","floor":50,"turns":3},{"damage":24,"enemies":"Malkuth","floor":51,"turns":3},{"damage":32,"enemies":"Hod","floor":51,"turns":3},{"damage":66,"enemies":"Tiphereth","floor":51,"turns":6},{"damage":48,"enemies":"Hokma","floor":51,"turns":4},{"damage":11,"enemies":"Angela","floor":51,"turns":2}],"seed_played":"8609653731255112939","potions_obtained":[{"floor":1,"key":"SmokeBomb"},{"floor":5,"key":"Block Potion"},{"floor":13,"key":"Energy Potion"},{"floor":22,"key":"BlessingOfTheForge"}],"is_trial":false,"path_per_floor":["M","M","?","M","M","R","E","R","T","?","M","M","E","M","R","B",null,"M","M","M","M","M","E","?","R","T","?","$","M","M","M","R","B",null,"M","?","?","$","?","E","T","NM","T","M","AVR","M","$","M","R","B",null],"character_chosen":"LuminousClass","items_purchased":["AT_ArchangelStaff","Luminous:Dark_Pressure_Void"],"campfire_rested":0,"item_purchase_floors":[38,38],"current_hp_per_floor":[70,59,59,59,59,59,59,59,59,59,34,24,24,24,24,64,77,77,62,56,56,35,14,14,14,14,14,7,7,7,93,93,25,115,115,109,109,109,109,52,52,108,108,136,136,137,137,137,137,140],"gold":484,"neow_bonus":"TRANSFORM_CARD","is_daily":false,"chose_seed":false,"campfire_upgraded":7,"win_rate":0.0,"timestamp":1613107048,"path_taken":["M","M","?","M","M","R","E","R","T","?","?","M","E","M","R","BOSS","M","M","M","M","M","E","?","R","T","?","?","M","M","M","R","BOSS","M","?","?","?","?","E","?","NM","T","?","AVR","M","$","M","R","BOSS"],"items_purchased_type":["Relic","Card"],"build_version":"2020-12-22","purchased_purges":4,"victory":true,"max_hp_per_floor":[75,75,75,75,75,75,75,75,75,75,75,75,75,75,75,77,77,77,97,99,99,102,103,103,103,103,103,103,103,103,104,104,115,115,115,109,109,109,109,115,115,137,137,137,137,137,137,137,137,140],"relic_stats":{"counters":[31,78],"Whetstone":["Luminous:Dark_Abyssal_Drop","Luminous:Light_Flash_Shower"],"Question Card":15,"obtain_stats":[{"AT_BellDemon":23,"ReplayFunnel":41,"hubris:Metronome":26,"AT_ATBox":0,"Luminous:MirrorRelic":0,"ice":0,"Whetstone":29,"AT_ArchangelStaff":38,"Ancient Tea Set":40,"conspire:TopHat":30,"hubris:Icosahedron":39,"Gremlin Food":42,"AT_RedTearstoneRing":31,"infinitespire:Magic Flask":33,"hubris:Towel":27,"AT_SilvercatRing":42,"Question Card":43,"Replay:Arrowhead":7,"infinitespire:EvilPickle":33,"SlaversCollar":17,"REME_HandOfSuture":13,"LetterFromLob":1,"hubris:TenFootPole":35,"ReplayTheSpireMod:TigerMarble":40,"REME_ComplimentaryCards":0,"infinitespire:Cupcake":34},{"AT_BellDemon":15,"ReplayFunnel":21,"hubris:Metronome":15,"AT_ATBox":0,"Luminous:MirrorRelic":0,"ice":0,"Whetstone":16,"AT_ArchangelStaff":20,"Ancient Tea Set":21,"conspire:TopHat":17,"hubris:Icosahedron":20,"Gremlin Food":22,"AT_RedTearstoneRing":18,"infinitespire:Magic Flask":19,"hubris:Towel":15,"AT_SilvercatRing":22,"Question Card":22,"Replay:Arrowhead":5,"infinitespire:EvilPickle":19,"SlaversCollar":10,"REME_HandOfSuture":8,"LetterFromLob":1,"hubris:TenFootPole":20,"ReplayTheSpireMod:TigerMarble":21,"REME_ComplimentaryCards":0,"infinitespire:Cupcake":19},{"AT_BellDemon":36,"ReplayFunnel":50,"hubris:Metronome":36,"AT_ATBox":0,"Luminous:MirrorRelic":0,"ice":0,"Whetstone":37,"AT_ArchangelStaff":47,"Ancient Tea Set":50,"conspire:TopHat":39,"hubris:Icosahedron":47,"Gremlin Food":54,"AT_RedTearstoneRing":42,"infinitespire:Magic Flask":46,"hubris:Towel":36,"AT_SilvercatRing":54,"Question Card":54,"Replay:Arrowhead":11,"infinitespire:EvilPickle":46,"SlaversCollar":23,"REME_HandOfSuture":17,"LetterFromLob":3,"hubris:TenFootPole":47,"ReplayTheSpireMod:TigerMarble":50,"REME_ComplimentaryCards":0,"infinitespire:Cupcake":46}]},"card_choices":[{"not_picked":["Luminous:Dark_Pressure_Void","Luminous:Dark_Raid","Luminous:Concentrate_Luminous"],"picked":"SKIP","floor":1},{"not_picked":["Luminous:Concentrate_Luminous","Luminous:Magic_Boost_Luminous","Luminous:Light_Gather"],"picked":"SKIP","floor":2},{"not_picked":["Luminous:Light_Disperse","Luminous:Light_Sylvan_Lance","Luminous:Dark_Dim_Erosion"],"picked":"SKIP","floor":4},{"not_picked":["Luminous:Light_Disperse","Luminous:Light_Sylvan_Lance","Luminous:Dark_Dim_Erosion"],"picked":"SKIP","floor":4},{"not_picked":["Luminous:Light_Wash_Luminous","Luminous:Light_Track","Luminous:Abyss_Heart_Luminous"],"picked":"SKIP","floor":5},{"not_picked":["Luminous:Light_Sylvan_Lance","Luminous:Magic_Guard_Luminous","Luminous:Dark_Raid"],"picked":"SKIP","floor":7},{"not_picked":["Luminous:Hero_Will_Luminous","Luminous:Dark_Arcane_Pitch"],"picked":"Luminous:Darks_Surge_Luminous","floor":11},{"not_picked":["Luminous:Dark_Raid","Luminous:Dark_Pressure_Void"],"picked":"Luminous:Balance_Baptism","floor":12},{"not_picked":["Luminous:Sympathy_Luminous","Luminous:Dark_Dim_Erosion","Luminous:Flash_Blink_Luminous"],"picked":"SKIP","floor":13},{"not_picked":["Luminous:Magic_Guard_Luminous","Luminous:Blinding_Pillar_Luminous"],"picked":"Luminous:Dark_Pressure_Void","floor":14},{"not_picked":["Luminous:Equalize_Luminous","Luminous:Mirror_Force_Luminous"],"picked":"Luminous:Balance_Aether_Conduit","floor":16},{"not_picked":["Luminous:Dark_Raid+1","Luminous:Light_Sylvan_Lance","Luminous:Blinding_Pillar_Luminous"],"picked":"SKIP","floor":19},{"not_picked":["Luminous:Light_Reflection+1","Luminous:Accumulation_Luminous","Luminous:Light_Wash_Luminous"],"picked":"SKIP","floor":20},{"not_picked":["Luminous:Blinding_Pillar_Luminous+1","Luminous:Ethereal_Form_Luminous","Luminous:Abyss_Heart_Luminous"],"picked":"SKIP","floor":21},{"not_picked":["Luminous:Light_Wash_Luminous","Luminous:Mana_Overload_Luminous","Luminous:Hero_Will_Luminous"],"picked":"SKIP","floor":22},{"not_picked":["Luminous:Accumulation_Luminous","Luminous:Light_Disperse"],"picked":"Luminous:Light_Spectral_Light+1","floor":23},{"not_picked":["Luminous:Light_Disperse","Luminous:Light_Ray_of_Redemption","Luminous:Dark_Raid+1"],"picked":"SKIP","floor":29},{"not_picked":["Luminous:Light_Disperse","Luminous:Dark_Raid","Luminous:Concentrate_Luminous"],"picked":"SKIP","floor":30},{"not_picked":["Luminous:Concentrate_Luminous","Luminous:Hero_Will_Luminous"],"picked":"Luminous:Tune_Luminous+1","floor":31},{"not_picked":["Luminous:Mirror_Force_Luminous","Luminous:Balance_Aether_Conduit"],"picked":"Luminous:Freud_Wisdom1_Luminous","floor":33},{"not_picked":["Luminous:Light_Sylvan_Lance+1","Luminous:Dark_Raid+1","Luminous:Mana_Overload_Luminous+1"],"picked":"SKIP","floor":35},{"not_picked":["Luminous:Blinding_Pillar_Luminous","Luminous:Light_Gather+1"],"picked":"Luminous:Magic_Boost_Luminous+1","floor":40},{"not_picked":["Luminous:Light_Spectral_Light+1","Luminous:Light_Disperse+1","Luminous:Light_Reflection"],"picked":"SKIP","floor":42},{"not_picked":["Luminous:Tune_Luminous+1","Luminous:Light_Wash_Luminous+1","Luminous:Light_Glare+1"],"picked":"Luminous:Dark_Crescendo_Luminous","floor":44},{"not_picked":["Luminous:Abyss_Heart_Luminous","Luminous:Light_Sylvan_Lance+1","Luminous:Light_Wash_Luminous"],"picked":"Luminous:Dark_Pressure_Void+1","floor":46},{"not_picked":["Luminous:Light_Glare","Luminous:Light_Gather+1","Luminous:Blinding_Pillar_Luminous+1","Luminous:Accumulation_Luminous"],"picked":"SKIP","floor":48}],"player_experience":246535,"relics_obtained":[{"floor":1,"key":"LetterFromLob"},{"floor":7,"key":"Replay:Arrowhead"},{"floor":13,"key":"REME_HandOfSuture"},{"floor":23,"key":"AT_BellDemon"},{"floor":26,"key":"hubris:Metronome"},{"floor":29,"key":"Whetstone"},{"floor":30,"key":"conspire:TopHat"},{"floor":31,"key":"AT_RedTearstoneRing"},{"floor":33,"key":"infinitespire:Magic Flask"},{"floor":35,"key":"hubris:TenFootPole"},{"floor":40,"key":"ReplayTheSpireMod:TigerMarble"},{"floor":40,"key":"Ancient Tea Set"},{"floor":41,"key":"ReplayFunnel"},{"floor":42,"key":"Gremlin Food"},{"floor":42,"key":"AT_SilvercatRing"},{"floor":43,"key":"Question Card"}],"event_choices":[{"cards_removed":["Luminous:Defend_Luminous"],"damage_healed":0,"gold_gain":0,"player_choice":"Card Removal","damage_taken":0,"max_hp_gain":0,"max_hp_loss":0,"event_name":"The Cleric","floor":3,"gold_loss":50},{"cards_removed":["infinitespire:OneForAll"],"damage_healed":0,"gold_gain":0,"player_choice":"Give","damage_taken":0,"max_hp_gain":0,"max_hp_loss":0,"event_name":"betterNote:BetterNote","floor":24,"gold_loss":0,"cards_obtained":["None"]},{"damage_healed":0,"gold_gain":0,"player_choice":"Max HP","damage_taken":0,"max_hp_gain":0,"max_hp_loss":6,"event_name":"Winding Halls","floor":36,"gold_loss":0},{"damage_healed":0,"gold_gain":0,"player_choice":"Ignored","damage_taken":0,"max_hp_gain":0,"max_hp_loss":0,"event_name":"Tomb of Lord Red Mask","floor":37,"gold_loss":0}],"is_beta":false,"boss_relics":[{"not_picked":["Fusion Hammer","Philosopher\u0027s Stone"],"picked":"SlaversCollar"},{"not_picked":["REME_LowDesire","energizedSpire:OgreHead"],"picked":"infinitespire:Cupcake"}],"items_purged_floors":[28,38,45,47],"is_endless":false,"potions_floor_spawned":[1,5,13,14,21,22,30,42,44,48],"ascension_level":0}}