{"host":"5uuadjc5gi6cs0xs","time":1613161027,"event":{"mods":["2.2 Compatiblity","Abigail Mod","AchievementEnabler","Act Like it!","BaseMod","BetterRewards","Chen","FTL Soundtrack","Friendly Minions","Hero for Fun","KinomotoSakuraMod(????)","Kiyohime????","Koishi","Marisa????????","Minty Spire (QoL Compilation)","Onozuka Komachi Mod","Permanent Neow","Prisma Mod","Quick Restart","Railgun Mod","Rare Cards Sparkle","Relic Stats","Remilia??????","StSLib","The Administrix","The Animator","The Exalted","The Gatherer","TheSwordswoman","Waifu the Spire","WarShipGirlsR/????R mod","Yohane!","Yuri Mod","Yuyuko"],"gold_per_floor":[110,130,149,149,149,180,180,32,82,82,93,125,140,240,240,345,345,359,375,390,390,29,29,29,29,29,40,40,57,67,85,85,181,481,493,512,460,470,120,120,136,0,0,0,0],"floor_reached":44,"language":"DEU","playtime":2760,"items_purged":["Writhe","Shame"],"score":447,"play_id":"a2137b01-6d7f-4951-a32d-bd92d46de366","local_time":"20210212211707","is_ascension_mode":false,"campfire_choices":[{"data":"rmod:maingunfire","floor":7,"key":"SMITH"},{"floor":10,"key":"REST"},{"floor":15,"key":"REST"},{"floor":23,"key":"REST"},{"floor":25,"key":"REST"},{"data":"rmod:expedition","floor":28,"key":"SMITH"},{"floor":32,"key":"REST"},{"floor":40,"key":"REST"}],"circlet_count":0,"master_deck":["rmod:strick","rmod:strick","rmod:strick","rmod:strick","rmod:defend+1","rmod:defend","rmod:defend","rmod:defend","rmod:basicallowance","rmod:maingunfire+1","Dramatic Entrance","rmod:wolves","rmod:selfconfidence","rmod:luckystar","rmod:fletcherpendant","rmod:supportaircraftcarrier","rmod:lonelyqueen","rmod:wolves","rmod:supriseattacks","rmod:aggressivemary","rmod:slowdown+1","rmod:ammunitionsupply","rmod:expedition+1","rmod:expeditionaryescort","rmod:punchline+1","rmod:unsinkable","rmod:secretscript","CurseOfTheBell","rmod:bulid+1","rmod:diamondstrike","rmod:chargemoney+1","Parasite"],"relics":["rmod:firstchargereward","rmod:extraamm","HandDrill","Lantern","Lizard Tail","SlaversCollar","Ancient Tea Set","TungstenRod","Letter Opener","Bird Faced Urn","Calling Bell","War Paint","Shuriken","Old Coin","Membership Card","Torii","Red Mask"],"acts_visited":["Exordium","TheCity","TheBeyond"],"potions_floor_usage":[3,6,16,27,29,31,36,38,41],"damage_taken":[{"damage":0,"enemies":"Small Slimes","floor":1,"turns":2},{"damage":0,"enemies":"2 Louse","floor":2,"turns":2},{"damage":5,"enemies":"Jaw Worm","floor":3,"turns":2},{"damage":0,"enemies":"Jaw Worm","floor":4,"turns":3},{"damage":31,"enemies":"Lagavulin","floor":6,"turns":6},{"damage":12,"enemies":"Blue Slaver","floor":11,"turns":2},{"damage":27,"enemies":"Gremlin Nob","floor":12,"turns":4},{"damage":0,"enemies":"Gremlin Gang","floor":13,"turns":1},{"damage":12,"enemies":"Slime Boss","floor":16,"turns":7},{"damage":26,"enemies":"2 Thieves","floor":18,"turns":3},{"damage":0,"enemies":"3 Byrds","floor":19,"turns":2},{"damage":33,"enemies":"Cultist and Chosen","floor":20,"turns":9},{"damage":2,"enemies":"Chosen and Byrds","floor":27,"turns":4},{"damage":9,"enemies":"Centurion and Healer","floor":29,"turns":3},{"damage":22,"enemies":"Cultist and Chosen","floor":30,"turns":5},{"damage":22,"enemies":"Chosen and Byrds","floor":31,"turns":5},{"damage":44,"enemies":"Collector","floor":33,"turns":7},{"damage":32,"enemies":"3 Darklings","floor":35,"turns":4},{"damage":44,"enemies":"Orb Walker","floor":36,"turns":5},{"damage":35,"enemies":"Transient","floor":38,"turns":5},{"damage":28,"enemies":"Writhing Mass","floor":41,"turns":6},{"damage":51,"enemies":"Nemesis","floor":44,"turns":3}],"seed_played":"6510001894030556130","potions_obtained":[{"floor":1,"key":"PowerPotion"},{"floor":3,"key":"Fruit Juice"},{"floor":11,"key":"LiquidBronze"},{"floor":12,"key":"Strength Potion"},{"floor":13,"key":"LiquidBronze"},{"floor":20,"key":"DistilledChaos"},{"floor":30,"key":"FearPotion"},{"floor":33,"key":"LiquidMemories"},{"floor":36,"key":"DuplicationPotion"},{"floor":38,"key":"AttackPotion"},{"floor":41,"key":"Explosive Potion"}],"is_trial":false,"path_per_floor":["M","M","M","?","?","E","R","$","T","R","M","E","M","?","R","B",null,"M","M","M","?","$","R","?","R","T","M","R","M","M","M","R","B",null,"M","M","$","M","$","R","M","?","T","E"],"character_chosen":"PRAEFECT","items_purchased":["HandDrill","TungstenRod","PowerPotion","Membership Card","Torii"],"campfire_rested":6,"item_purchase_floors":[8,22,37,39,39],"current_hp_per_floor":[75,75,75,75,75,44,44,44,44,68,56,29,29,29,53,41,80,54,54,21,21,21,45,45,69,69,67,67,58,38,18,42,4,80,50,8,8,18,18,42,18,18,18,0,0],"gold":0,"neow_bonus":"RANDOM_COLORLESS","is_daily":false,"chose_seed":false,"campfire_upgraded":2,"win_rate":0.0,"timestamp":1613161027,"path_taken":["M","M","M","?","?","E","R","$","T","R","M","E","?","?","R","BOSS","M","?","M","?","$","R","?","R","T","M","R","M","M","M","R","BOSS","M","M","$","M","$","R","M","?","T","E"],"items_purchased_type":["Relic","Relic","Potion","Relic","Relic"],"build_version":"2020-12-22","purchased_purges":2,"victory":false,"max_hp_per_floor":[75,75,80,80,80,80,80,80,80,80,80,80,80,80,80,80,80,80,80,80,80,80,80,80,80,80,80,80,80,80,80,80,80,80,80,80,80,80,80,80,80,80,80,80,80],"relic_stats":{"Lizard Tail":40,"Torii":0,"counters":[22,90],"Shuriken":[6],"Bird Faced Urn":[22],"HandDrill":[20],"Letter Opener":[35],"War Paint":["rmod:defend","rmod:slowdown"],"obtain_stats":[{"Lantern":9,"rmod:extraamm":6,"Torii":39,"Letter Opener":24,"War Paint":34,"Ancient Tea Set":21,"Old Coin":34,"Calling Bell":34,"SlaversCollar":17,"Lizard Tail":12,"Shuriken":34,"Bird Faced Urn":26,"rmod:firstchargereward":0,"HandDrill":8,"Red Mask":42,"Membership Card":39,"TungstenRod":22},{"Lantern":5,"rmod:extraamm":5,"Torii":20,"Letter Opener":12,"War Paint":17,"Ancient Tea Set":12,"Old Coin":17,"Calling Bell":17,"SlaversCollar":9,"Lizard Tail":7,"Shuriken":17,"Bird Faced Urn":12,"rmod:firstchargereward":0,"HandDrill":5,"Red Mask":21,"Membership Card":20,"TungstenRod":12},{"Lantern":15,"rmod:extraamm":15,"Torii":81,"Letter Opener":43,"War Paint":67,"Ancient Tea Set":43,"Old Coin":67,"Calling Bell":67,"SlaversCollar":29,"Lizard Tail":21,"Shuriken":67,"Bird Faced Urn":43,"rmod:firstchargereward":0,"HandDrill":15,"Red Mask":87,"Membership Card":81,"TungstenRod":43}],"TungstenRod":36},"card_choices":[{"not_picked":["Panacea","Madness"],"picked":"Dramatic Entrance","floor":0},{"not_picked":["rmod:smokecover","rmod:maintain"],"picked":"rmod:wolves","floor":1},{"not_picked":["rmod:aluminumsupply","rmod:generalist"],"picked":"rmod:selfconfidence","floor":2},{"not_picked":["rmod:aviationdawn","rmod:intelligenceanalysis"],"picked":"rmod:luckystar","floor":3},{"not_picked":["rmod:circuitoustactics","rmod:victimresponsibility"],"picked":"rmod:fletcherpendant","floor":6},{"not_picked":["rmod:circuitoustactics","rmod:highspeedmaneuver"],"picked":"rmod:supportaircraftcarrier","floor":11},{"not_picked":["rmod:circuitoustactics","rmod:aviationdawn"],"picked":"rmod:lonelyqueen","floor":12},{"not_picked":["rmod:fletcherpendant","rmod:fuelsupply"],"picked":"rmod:wolves","floor":13},{"not_picked":["rmod:timeschanged","rmod:highspeedmaneuver"],"picked":"rmod:supriseattacks","floor":16},{"not_picked":["rmod:wolves+1","rmod:intelligenceanalysis"],"picked":"rmod:aggressivemary","floor":18},{"not_picked":["rmod:wife","rmod:luckystar"],"picked":"rmod:slowdown","floor":19},{"not_picked":["rmod:fuelsupply","rmod:tearstotiara+1"],"picked":"rmod:ammunitionsupply","floor":20},{"not_picked":["rmod:garrisonisland","rmod:goodfighter+1"],"picked":"rmod:expedition","floor":27},{"not_picked":["rmod:victimresponsibility+1","rmod:intelligenceanalysis"],"picked":"rmod:expeditionaryescort","floor":29},{"not_picked":["rmod:fuelsupply","rmod:aviationdawn"],"picked":"rmod:punchline+1","floor":30},{"not_picked":["rmod:ammunitionsupply","rmod:fuelsupply"],"picked":"rmod:unsinkable","floor":31},{"not_picked":["rmod:saltedfish","rmod:u235"],"picked":"rmod:secretscript","floor":33},{"not_picked":["rmod:supportescort+1","rmod:steelsupply+1"],"picked":"rmod:bulid+1","floor":35},{"not_picked":["rmod:victimresponsibility+1","rmod:goodfighter"],"picked":"rmod:diamondstrike","floor":36},{"not_picked":["rmod:circuitoustactics","rmod:aviationdawn+1"],"picked":"rmod:chargemoney+1","floor":38},{"not_picked":["rmod:lonelyqueen","rmod:goodsister+1","rmod:circuitoustactics+1"],"picked":"SKIP","floor":41}],"player_experience":417034,"relics_obtained":[{"floor":6,"key":"rmod:extraamm"},{"floor":9,"key":"Lantern"},{"floor":12,"key":"Lizard Tail"},{"floor":26,"key":"Bird Faced Urn"},{"floor":34,"key":"War Paint"},{"floor":34,"key":"Shuriken"},{"floor":34,"key":"Old Coin"}],"event_choices":[{"damage_healed":0,"gold_gain":0,"player_choice":"Leave","damage_taken":0,"max_hp_gain":0,"max_hp_loss":0,"event_name":"The Cleric","floor":5,"gold_loss":0},{"damage_healed":0,"gold_gain":100,"player_choice":"Pray","damage_taken":0,"max_hp_gain":0,"max_hp_loss":0,"event_name":"Golden Shrine","floor":14,"gold_loss":0},{"damage_healed":0,"gold_gain":0,"player_choice":"Opened","damage_taken":0,"relics_obtained":["Ancient Tea Set"],"max_hp_gain":0,"max_hp_loss":0,"event_name":"The Mausoleum","floor":21,"gold_loss":0,"cards_obtained":["Writhe"]},{"damage_healed":0,"gold_gain":0,"player_choice":"Stole Relic","damage_taken":0,"relics_obtained":["Letter Opener"],"max_hp_gain":0,"max_hp_loss":0,"event_name":"Addict","floor":24,"gold_loss":0,"cards_obtained":["Shame"]},{"damage_healed":0,"gold_gain":0,"player_choice":"Paid","damage_taken":0,"relics_obtained":["Red Mask"],"max_hp_gain":0,"max_hp_loss":0,"event_name":"Tomb of Lord Red Mask","floor":42,"gold_loss":136}],"is_beta":false,"boss_relics":[{"not_picked":["Coffee Dripper","Bromod:ArcaneBarrier"],"picked":"SlaversCollar"},{"not_picked":["Bromod:ArcaneGrace","Fusion Hammer"],"picked":"Calling Bell"}],"items_purged_floors":[22,39],"is_endless":false,"potions_floor_spawned":[1,3,11,12,13,20,30,33,36,38,41],"killed_by":"Nemesis","ascension_level":0}}