{"host":"Plmjuhv","time":1613108422,"event":{"mods":["AchievementEnabler","BaseMod","Minty Spire (QoL Compilation)","Relic Stats"],"gold_per_floor":[110,110,124,135,46,46,76,136,136,162,162,191,208,208,208,305,305,322,333,333,333,347,347,347,347],"floor_reached":24,"language":"ENG","playtime":798,"items_purged":[],"score":369,"play_id":"7523550f-a87d-4c9a-a3f2-0df570a88391","local_time":"20210212164022","is_ascension_mode":true,"campfire_choices":[{"data":"Bash","floor":6,"key":"SMITH"},{"floor":11,"key":"REST"},{"floor":15,"key":"REST"},{"data":"True Grit","floor":23,"key":"SMITH"}],"circlet_count":0,"master_deck":["AscendersBane","Strike_R","Strike_R","Strike_R","Strike_R","Strike_R","Defend_R","Defend_R","Defend_R","Defend_R","Bash+1","Combust","Dramatic Entrance","Thunderclap","Flash of Steel","Uppercut","Spot Weakness","Body Slam","True Grit+1","Ghostly","Ghostly","Ghostly","Ghostly","Ghostly"],"relics":["Sozu","HornCleat","Juzu Bracelet","Ancient Tea Set","Oddly Smooth Stone","Toy Ornithopter","Self Forming Clay","Mark of Pain"],"acts_visited":["Exordium","TheCity"],"potions_floor_usage":[],"damage_taken":[{"damage":5,"enemies":"Small Slimes","floor":1,"turns":4},{"damage":1,"enemies":"Cultist","floor":3,"turns":3},{"damage":2,"enemies":"2 Louse","floor":4,"turns":2},{"damage":30,"enemies":"Lagavulin","floor":7,"turns":5},{"damage":16,"enemies":"Lagavulin Event","floor":8,"turns":5},{"damage":0,"enemies":"Gremlin Nob","floor":12,"turns":3},{"damage":0,"enemies":"Exordium Wildlife","floor":13,"turns":3},{"damage":45,"enemies":"Slime Boss","floor":16,"turns":8},{"damage":18,"enemies":"Spheric Guardian","floor":18,"turns":4},{"damage":2,"enemies":"Chosen","floor":19,"turns":3},{"damage":10,"enemies":"3 Cultists","floor":22,"turns":7},{"damage":24,"enemies":"Gremlin Leader","floor":24,"turns":7}],"seed_played":"8439976647356416605","potions_obtained":[],"is_trial":false,"path_per_floor":["M","?","M","M","$","R","E","?","T","T","R","E","M","?","R","B",null,"M","M","?","?","M","R","E"],"character_chosen":"IRONCLAD","items_purchased":["Flash of Steel"],"campfire_rested":2,"item_purchase_floors":[5],"current_hp_per_floor":[67,67,66,64,64,64,34,18,18,18,42,42,42,35,59,14,64,46,44,40,34,24,24,0,0],"gold":347,"neow_bonus":"BOSS_RELIC","is_daily":false,"chose_seed":false,"campfire_upgraded":2,"win_rate":0.0,"timestamp":1613108422,"path_taken":["M","?","M","?","$","R","E","?","T","?","R","E","M","?","R","BOSS","M","M","?","?","M","R","E"],"items_purchased_type":["Card"],"build_version":"2020-12-18","purchased_purges":0,"victory":false,"max_hp_per_floor":[80,80,80,80,80,80,80,80,80,80,80,80,80,80,80,80,80,80,80,40,40,40,40,40,40],"relic_stats":{"Sozu":6,"counters":[12,54],"Self Forming Clay":[66],"Juzu Bracelet":0,"obtain_stats":[{"Sozu":0,"HornCleat":7,"Self Forming Clay":14,"Oddly Smooth Stone":10,"Mark of Pain":17,"Juzu Bracelet":8,"Ancient Tea Set":9,"Burning Blood":0,"Toy Ornithopter":12},{"Sozu":0,"HornCleat":4,"Self Forming Clay":7,"Oddly Smooth Stone":5,"Mark of Pain":8,"Juzu Bracelet":4,"Ancient Tea Set":5,"Burning Blood":0,"Toy Ornithopter":6},{"Sozu":0,"HornCleat":14,"Self Forming Clay":25,"Oddly Smooth Stone":19,"Mark of Pain":33,"Juzu Bracelet":14,"Ancient Tea Set":19,"Burning Blood":0,"Toy Ornithopter":22}],"Toy Ornithopter":0},"card_choices":[{"not_picked":["Rage","Ghostly Armor"],"picked":"Combust","floor":1},{"not_picked":["Power Through","Shrug It Off"],"picked":"Thunderclap","floor":3},{"not_picked":["Wild Strike","Clash","Fire Breathing"],"picked":"SKIP","floor":4},{"not_picked":["Pommel Strike","Body Slam"],"picked":"Uppercut","floor":7},{"not_picked":["Warcry","Infernal Blade"],"picked":"Spot Weakness","floor":12},{"not_picked":["Headbutt","Metallicize"],"picked":"Body Slam","floor":13},{"not_picked":["Warcry","Thunderclap","Searing Blow+1"],"picked":"SKIP","floor":18},{"not_picked":["Blood for Blood","Clash"],"picked":"True Grit","floor":19},{"not_picked":["Body Slam+1","Pommel Strike","Infernal Blade"],"picked":"SKIP","floor":22}],"player_experience":313229,"relics_obtained":[{"floor":7,"key":"HornCleat"},{"floor":9,"key":"Ancient Tea Set"},{"floor":10,"key":"Oddly Smooth Stone"},{"floor":12,"key":"Toy Ornithopter"}],"event_choices":[{"damage_healed":0,"gold_gain":0,"player_choice":"1 cards matched","damage_taken":0,"max_hp_gain":0,"max_hp_loss":0,"event_name":"Match and Keep!","floor":2,"gold_loss":0,"cards_obtained":["Dramatic Entrance"]},{"damage_healed":0,"gold_gain":0,"player_choice":"Searched \u00273\u0027 times","damage_taken":0,"relics_obtained":["Juzu Bracelet"],"max_hp_gain":0,"max_hp_loss":0,"event_name":"Dead Adventurer","floor":8,"gold_loss":0},{"damage_healed":0,"gold_gain":0,"player_choice":"Success","damage_taken":7,"relics_obtained":["Self Forming Clay"],"max_hp_gain":0,"max_hp_loss":0,"event_name":"Scrap Ooze","floor":14,"gold_loss":0},{"damage_healed":0,"gold_gain":0,"player_choice":"Became a Ghost","damage_taken":0,"max_hp_gain":0,"max_hp_loss":40,"event_name":"Ghosts","floor":20,"gold_loss":0,"cards_obtained":["Ghostly","Ghostly","Ghostly","Ghostly","Ghostly"]},{"damage_healed":0,"gold_gain":0,"player_choice":"","damage_taken":6,"max_hp_gain":0,"max_hp_loss":0,"event_name":"Knowing Skull","floor":21,"potions_obtained":[],"gold_loss":0,"cards_obtained":[]}],"is_beta":true,"boss_relics":[{"not_picked":["Velvet Choker","Coffee Dripper"],"picked":"Mark of Pain"}],"items_purged_floors":[],"is_endless":false,"potions_floor_spawned":[1,3,12,16,18,22],"killed_by":"Gremlin Leader","ascension_level":10}}