{"host":"clf2hd4adhiiw0zf","time":1613173758,"event":{"mods":["AchievementEnabler","BaseMod","Beaked The Cultist","Bestiary","Dark Map","Downfall","Gremlin Mod","Hermit","Jorbs\u0027s Wanderer Trilogy","Marisa????????","Minty Spire (QoL Compilation)","Shop Mod","StSLib","The Cursed","The Servant 0.9.4","Wide Potions"],"gold_per_floor":[99,110,110,123,223,61,86,99,114,146,246,263,294,313,331,431,431,331,341,341,373,393,408,431,457,557,357,372,472,472,498,509,612,612,612,625,0,35,58,86,98,135,147,185,197,209,234,262,284,296,308,349,78,78,78,78],"floor_reached":57,"language":"ENG","playtime":4191,"items_purged":["downfall:Malfunctioning","Clumsy"],"score":1771,"play_id":"6d25f0c2-3e0d-488f-a998-334e0f5e3b4e","local_time":"20210212164918","is_ascension_mode":true,"campfire_choices":[{"data":"champ:Execute","floor":1.0,"key":"SMITH"},{"floor":18,"key":"RECALL"},{"data":"champ:ShieldThrow","floor":27,"key":"SMITH"},{"data":"champ:SwordThrow","floor":30,"key":"SMITH"},{"data":"champ:CheapShot","floor":35,"key":"SMITH"},{"data":"1","floor":46,"key":"LIFT"},{"data":"2","floor":54,"key":"LIFT"}],"circlet_count":0,"master_deck":["champ:Strike","champ:Strike","champ:Strike+1","champ:Defend+1","champ:Defend","champ:Defend+1","champ:Execute+1","champ:Taunt","champ:PerfectedStrike","champ:EnGarde","champ:BladeFlurry","champ:GladiatorStyle+1","champ:BladeFlurry","champ:Endure","champ:EndlessRage","champ:BerserkersShout","champ:RecklessLeap","champ:ShieldThrow+1","champ:ShieldThrow","champ:BringItOn","champ:CalledShot","champ:Devastate+1","champ:FaceSlap","Pride","champ:FlashCut+1","champ:StanceDance+1","champ:ShieldSigil","champ:FlashCut","champ:SwordThrow+1","champ:GladiatorStyle+1","champ:EnchantSword","champ:CheapShot+1","champ:Endure+1","champ:VampiricStrike","champ:StanceDance+1","champ:GladiatorStyle+1"],"relics":["Black Star","CloakClasp","champ:FightingForDummies","champ:DefensiveTrainingManual","Art of War","Oddly Smooth Stone","Matryoshka","beaked:MawFillet","downfall:HeartBlessingGreen","Incense Burner","Bottled Flame","Mummified Hand","Nunchaku","champ:DeflectingBracers","Eternal Feather","Potion Belt","downfall:HeartBlessingRed","downfall:HeartBlessingBlue","The Courier","champ:BlackKnightHelmet","Mercury Hourglass","Juzu Bracelet","Cursed Key","OrangePellets","Anchor","Girya","Bag of Marbles","bronze:BronzeIdol","MawBank","Bag of Preparation","Toxic Egg 2","Smiling Mask","Pen Nib","hexamod:CandleOfCauterizing","MealTicket","Bronze Scales","Bottled Lightning","DollysMirror","Toy Ornithopter"],"acts_visited":["Exordium","TheCity","TheBeyond","TheEnding"],"potions_floor_usage":[21,29,33,37,37,43,44,44,56,56,56,56,56,56,56,56],"damage_taken":[{"damage":11.0,"enemies":"2 Louse","floor":2.0,"turns":2.0},{"damage":21.0,"enemies":"Small Slimes","floor":4.0,"turns":3.0},{"damage":23.0,"enemies":"Small Slimes","floor":5.0,"turns":7.0},{"damage":3.0,"enemies":"downfall:FleeingMerchant","floor":6.0,"turns":4.0},{"damage":0.0,"enemies":"Jaw Worm","floor":8.0,"turns":3.0},{"damage":10.0,"enemies":"3 Louse","floor":9.0,"turns":3.0},{"damage":13.0,"enemies":"Gremlin Nob","floor":10.0,"turns":4.0},{"damage":15.0,"enemies":"downfall:Heads","floor":11.0,"turns":5.0},{"damage":28.0,"enemies":"Blue Slaver","floor":12.0,"turns":4.0},{"damage":10.0,"enemies":"3 Sentries","floor":13.0,"turns":6.0},{"damage":8.0,"enemies":"Exordium Wildlife","floor":14.0,"turns":4.0},{"damage":10.0,"enemies":"Lots of Slimes","floor":15.0,"turns":5.0},{"damage":45.0,"enemies":"IC_STATUS_ARCHETYPE","floor":16.0,"turns":12.0},{"damage":15,"enemies":"Chosen","floor":19,"turns":5},{"damage":50,"enemies":"Gremlin Leader","floor":21,"turns":10},{"damage":16,"enemies":"Snecko","floor":22,"turns":5},{"damage":11,"enemies":"Sentry and Sphere","floor":23,"turns":5},{"damage":36,"enemies":"Slavers","floor":25,"turns":6},{"damage":16,"enemies":"downfall:LadyInBlue","floor":26,"turns":8},{"damage":10,"enemies":"Centurion and Healer","floor":28,"turns":4},{"damage":21,"enemies":"Centurion and Healer","floor":29,"turns":6},{"damage":31,"enemies":"Gremlin Leader","floor":31,"turns":5},{"damage":20,"enemies":"Snecko","floor":32,"turns":2},{"damage":59,"enemies":"SI_MIRROR_ARCHETYPE","floor":33,"turns":9},{"damage":10,"enemies":"Orb Walker","floor":36,"turns":2},{"damage":15,"enemies":"downfall:FleeingMerchant","floor":37,"turns":5},{"damage":46,"enemies":"Reptomancer","floor":38,"turns":6},{"damage":0,"enemies":"3 Shapes","floor":39,"turns":4},{"damage":10,"enemies":"3 Darklings","floor":40,"turns":3},{"damage":22,"enemies":"Nemesis","floor":42,"turns":4},{"damage":0,"enemies":"Maw","floor":43,"turns":3},{"damage":6,"enemies":"Reptomancer","floor":44,"turns":4},{"damage":10,"enemies":"Jaw Worm Horde","floor":47,"turns":2},{"damage":0,"enemies":"Spire Growth","floor":48,"turns":2},{"damage":25,"enemies":"Writhing Mass","floor":49,"turns":3},{"damage":31,"enemies":"WA_ARCHETYPE_DIVINITY","floor":50,"turns":7},{"damage":30,"enemies":"downfall:CharBossMerchant","floor":52,"turns":8},{"damage":96,"enemies":"downfall:NeowBoss","floor":55,"turns":11},{"damage":40,"enemies":"downfall:NeowBossFinal","floor":56,"turns":8}],"seed_played":"-5814188957319790708","potions_obtained":[{"floor":4.0,"key":"Fire Potion"},{"floor":9.0,"key":"BlessingOfTheForge"},{"floor":14.0,"key":"LiquidBronze"},{"floor":19,"key":"champ:CounterPotion"},{"floor":26,"key":"bronze:BurnAndBuffPotion"},{"floor":26,"key":"BlessingOfTheForge"},{"floor":26,"key":"champ:CounterPotion"},{"floor":26,"key":"Dexterity Potion"},{"floor":28,"key":"ColorlessPotion"},{"floor":31,"key":"Strength Potion"},{"floor":33,"key":"SkillPotion"},{"floor":38,"key":"SmokeBomb"},{"floor":39,"key":"Fire Potion"},{"floor":42,"key":"SkillPotion"},{"floor":44,"key":"champ:TechniquePotion"},{"floor":47,"key":"sneckomod:MuddlingPotion"},{"floor":48,"key":"EntropicBrew"}],"is_trial":false,"path_per_floor":["R","M","?","M","?","$","T","M","M","E","?","M","E","M","M","B",null,"R","M","?","E","M","M","T","E","?","R","M","?","R","E","M","B",null,"R","M","?","E","M","M","T","E","M","E","?","R","M","M","M","B",null,"E","$","R","B","B",null],"character_chosen":"THE_CHAMP","items_purchased":["champ:GladiatorStyle","OrangePellets","Anchor","Girya","Bag of Marbles","DollysMirror","Toy Ornithopter"],"campfire_rested":0,"item_purchase_floors":[6,37,37,37,37,53,53],"current_hp_per_floor":[81,80,80,79,76,73,73,73,73,70,65,57,57,54,54,24,74,74,64,64,44,53,57,57,46,45,70,70,54,72,66,66,37,84,100,100,100,74,74,74,74,67,67,76,76,97,97,97,97,81,95,95,100,100,44,84],"gold":78,"neow_bonus":"BOSS_RELIC","is_daily":false,"chose_seed":false,"campfire_upgraded":4,"win_rate":0.0,"timestamp":1613173758,"path_taken":["R","M","?","M","?","?","T","M","M","E","?","M","E","?","M","BOSS","R","M","?","E","M","M","T","E","?","R","?","?","R","E","M","BOSS","R","M","?","E","M","M","T","E","M","E","?","R","M","M","M","BOSS","E","$","R","BOSS","BOSS"],"items_purchased_type":["Card","Relic","Relic","Relic","Relic","Relic","Relic"],"build_version":"2020-12-22","purchased_purges":2,"victory":true,"max_hp_per_floor":[90,90,90,90,90,90,90,90,90,90,90,90,90,90,90,90,90,90,90,90,90,90,90,90,90,90,100,100,100,100,100,100,100,100,100,100,100,100,100,100,100,100,100,100,100,100,100,100,100,100,100,100,100,100,100,100],"card_choices":[{"not_picked":["champ:DefensiveShout","champ:FocusedBerserking","champ:FalseCounter"],"picked":"SKIP","floor":2.0},{"not_picked":["champ:Backstep","champ:BringItOn"],"picked":"champ:PerfectedStrike","floor":4.0},{"not_picked":["champ:RapidStrikes","champ:FalseCounter"],"picked":"champ:EnGarde","floor":5.0},{"not_picked":["champ:FocusedDefense","champ:TornadoPunch"],"picked":"champ:BladeFlurry","floor":6.0},{"not_picked":["champ:FanOfKnives","champ:CrownThrow"],"picked":"champ:BladeFlurry","floor":8.0},{"not_picked":["champ:ShieldSlam","champ:TornadoPunch"],"picked":"champ:Endure","floor":9.0},{"not_picked":["champ:TornadoPunch","champ:Endure"],"picked":"champ:EndlessRage","floor":10.0},{"not_picked":["champ:BladeFlurry","champ:SetATrap"],"picked":"champ:RecklessLeap","floor":11.0},{"not_picked":["champ:DefensiveShout","champ:Backstep"],"picked":"champ:ShieldThrow","floor":12.0},{"not_picked":["champ:BerserkerStyle","champ:FlashCut"],"picked":"champ:ShieldThrow","floor":13.0},{"not_picked":["champ:ArenaPreparation","champ:Haymaker"],"picked":"champ:BringItOn","floor":14.0},{"not_picked":["champ:StanceDance","champ:DeathBlow"],"picked":"champ:CalledShot","floor":15.0},{"not_picked":["champ:ShieldThrow","champ:StrikeOfGenius"],"picked":"champ:Devastate","floor":16.0},{"not_picked":["champ:FancyFootwork","champ:ShieldSigil"],"picked":"champ:FaceSlap","floor":19},{"not_picked":["champ:FanOfKnives+1","champ:CrookedStrike+1"],"picked":"champ:FlashCut+1","floor":21},{"not_picked":["champ:Lariat","champ:Shatter"],"picked":"champ:StanceDance+1","floor":22},{"not_picked":["champ:Backstep","champ:FancyFootwork"],"picked":"champ:ShieldSigil","floor":23},{"not_picked":["champ:BladeFlurry","champ:BerserkersShout"],"picked":"champ:FlashCut","floor":25},{"not_picked":["champ:EnGarde","champ:GutPunch"],"picked":"champ:SwordThrow","floor":26},{"not_picked":["champ:SkillfulDodge","champ:StanceDance","champ:GutPunch"],"picked":"SKIP","floor":28},{"not_picked":["champ:GutPunch","champ:AdrenalArmor+1"],"picked":"champ:GladiatorStyle+1","floor":29},{"not_picked":["champ:BladeFlurry","champ:SetATrap"],"picked":"champ:EnchantSword","floor":31},{"not_picked":["champ:StanceDance","champ:AdrenalArmor","champ:FlashCut"],"picked":"SKIP","floor":32},{"not_picked":["champ:MurderStrike","champ:HeavySlash"],"picked":"champ:CheapShot","floor":33},{"not_picked":["champ:Shatter+1","champ:BerserkersShout+1"],"picked":"champ:Endure+1","floor":36},{"not_picked":["champ:EnragedBash","champ:RecklessLeap","champ:BerserkersShout"],"picked":"SKIP","floor":37},{"not_picked":["champ:CrownThrow+1","champ:TornadoPunch","champ:DeathBlow"],"picked":"SKIP","floor":38},{"not_picked":["champ:ShieldSigil","champ:RecklessLeap+1","champ:CrownThrow+1"],"picked":"SKIP","floor":39},{"not_picked":["champ:SwordSigil","champ:StanceDance","champ:BladeFlurry"],"picked":"SKIP","floor":40},{"not_picked":["champ:PreemptiveStrike+1","champ:Circumvent+1"],"picked":"champ:VampiricStrike","floor":42},{"not_picked":["champ:TornadoPunch","champ:BringItOn+1","champ:SetATrap+1"],"picked":"SKIP","floor":44},{"not_picked":["champ:FancyFootwork+1","champ:CrownThrow","champ:BerserkersShout+1"],"picked":"SKIP","floor":47},{"not_picked":["champ:GutPunch","champ:CrookedStrike+1","champ:FaceSlap"],"picked":"SKIP","floor":48},{"not_picked":["champ:FocusedDefense+1","champ:RisingSlash"],"picked":"champ:StanceDance+1","floor":49},{"not_picked":["champ:Backstep+1","champ:StanceDance+1","champ:EndlessRage"],"picked":"SKIP","floor":52}],"player_experience":250594,"relics_obtained":[{"floor":5.0,"key":"CloakClasp"},{"floor":7.0,"key":"champ:FightingForDummies"},{"floor":10.0,"key":"champ:DefensiveTrainingManual"},{"floor":10.0,"key":"Art of War"},{"floor":13.0,"key":"Oddly Smooth Stone"},{"floor":13.0,"key":"Matryoshka"},{"floor":21,"key":"Bottled Flame"},{"floor":21,"key":"Mummified Hand"},{"floor":24,"key":"Nunchaku"},{"floor":25,"key":"champ:DeflectingBracers"},{"floor":25,"key":"Eternal Feather"},{"floor":26,"key":"Potion Belt"},{"floor":29,"key":"The Courier"},{"floor":29,"key":"champ:BlackKnightHelmet"},{"floor":31,"key":"Mercury Hourglass"},{"floor":31,"key":"Juzu Bracelet"},{"floor":38,"key":"bronze:BronzeIdol"},{"floor":38,"key":"MawBank"},{"floor":41,"key":"Bag of Preparation"},{"floor":41,"key":"Toxic Egg 2"},{"floor":42,"key":"Smiling Mask"},{"floor":42,"key":"Pen Nib"},{"floor":44,"key":"hexamod:CandleOfCauterizing"},{"floor":44,"key":"MealTicket"},{"floor":52,"key":"Bronze Scales"},{"floor":52,"key":"Bottled Lightning"}],"event_choices":[{"damage_healed":0,"gold_gain":0,"player_choice":"Stole Relic","damage_taken":0,"relics_obtained":["Incense Burner"],"max_hp_gain":0,"max_hp_loss":0,"event_name":"Addict","floor":20,"gold_loss":0,"cards_obtained":["Pride"]},{"damage_healed":0,"gold_gain":0,"player_choice":"Forge","damage_taken":0,"max_hp_gain":0,"max_hp_loss":0,"event_name":"Accursed Blacksmith","floor":45,"gold_loss":0,"cards_upgraded":["champ:Devastate"]}],"is_beta":false,"boss_relics":[{"not_picked":["Tiny House","Sozu"],"picked":"beaked:MawFillet"},{"not_picked":["Philosopher\u0027s Stone","Coffee Dripper"],"picked":"Cursed Key"}],"items_purged_floors":[6,53],"is_endless":false,"potions_floor_spawned":[4,9,10,14,19,26,28,29,31,32,33,38,39,42,44,47,48],"ascension_level":6}}