{"host":"k0cm6nn9mnmji9h1","time":1613141995,"event":{"mods":["100% Spire Juice","2.2 Compatiblity","AchievementEnabler","BaseMod","Colored Map","DeckTracker","Gremlin Skip","Highlight Path","Lobotomy","Minty Spire (QoL Compilation)","Permanent Neow","Shade Mod","StSLib","The Dragon Tamer","The Marked","Waifu the Spire"],"gold_per_floor":[114,114,39,60,85,85,126,126,153,153,166,180,195,210,210,329,329,343,356,107,127,42,54,91,118,154,190,202,202],"floor_reached":28,"language":"KOR","playtime":1697,"items_purged":["Injury","Rudolta"],"score":251,"play_id":"171f7554-b13b-4859-ac40-44a5c3969a5e","local_time":"20210212235955","is_ascension_mode":false,"campfire_choices":[{"data":"Perfected Strike","floor":6,"key":"SMITH"},{"data":"Perfected Strike","floor":8,"key":"SMITH"},{"floor":10,"key":"REST"},{"data":"Perfected Strike","floor":15,"key":"SMITH"},{"floor":23,"key":"REST"}],"circlet_count":0,"master_deck":["Strike_R","Strike_R","Strike_R","Strike_R","Strike_R","Defend_R","Defend_R","Defend_R","Defend_R","Bash","OldLady","Perfected Strike+1","SpiderBud","Battle Trance","FieryBird","Perfected Strike+1","Bloodbath","Perfected Strike+1","Murderer","Pommel Strike","UniverseFragment","Wellcheers","Woodsman","Funeral","Warcry+1","GalaxyChild","Warcry","Mercenary","Evolve","BlackArmy","Pommel Strike","BeautyBeast","MHz"],"relics":["Burning Blood","CogitoBucket","Golden Idol","Orichalcum","Vajra","SkinProphecy","Philosopher\u0027s Stone","Theresia","Bag of Preparation","MawBank","CeramicFish"],"acts_visited":["Exordium","TheCity"],"potions_floor_usage":[19,28,28,28],"damage_taken":[{"damage":6,"enemies":"2 Louse","floor":1,"turns":2},{"damage":0,"enemies":"Small Slimes","floor":4,"turns":2},{"damage":1,"enemies":"Cultist","floor":5,"turns":3},{"damage":35,"enemies":"Gremlin Nob","floor":7,"turns":5},{"damage":9,"enemies":"Red Slaver","floor":11,"turns":2},{"damage":14,"enemies":"Exordium Thugs","floor":12,"turns":4},{"damage":1,"enemies":"3 Louse","floor":13,"turns":3},{"damage":5,"enemies":"2 Fungi Beasts","floor":14,"turns":3},{"damage":12,"enemies":"Slime Boss","floor":16,"turns":8},{"damage":13,"enemies":"Chosen","floor":18,"turns":3},{"damage":73,"enemies":"Shell Parasite","floor":19,"turns":6},{"damage":6,"enemies":"Cultist and Chosen","floor":21,"turns":4},{"damage":6,"enemies":"Snake Plant","floor":24,"turns":2},{"damage":6,"enemies":"Snecko","floor":25,"turns":2},{"damage":11,"enemies":"3 Cultists","floor":27,"turns":2},{"damage":227,"enemies":"Shelled Parasite and Fungi","floor":28,"turns":27}],"seed_played":"5059507554251009518","potions_obtained":[{"floor":1,"key":"BloodPotion"},{"floor":5,"key":"EssenceOfSteel"},{"floor":7,"key":"ColorlessPotion"},{"floor":18,"key":"Fruit Juice"},{"floor":24,"key":"PowerPotion"}],"is_trial":false,"path_per_floor":["M","?","$","M","M","R","E","R","T","R","M","M","M","M","R","B",null,"M","M","$","M","?","R","M","M","T","M","M"],"character_chosen":"IRONCLAD","items_purchased":["Bag of Preparation"],"campfire_rested":2,"item_purchase_floors":[20],"current_hp_per_floor":[80,80,80,80,80,80,51,51,51,75,72,65,66,64,64,56,86,82,35,35,45,45,74,78,84,84,95,27,27],"gold":202,"neow_bonus":"","is_daily":false,"chose_seed":false,"campfire_upgraded":3,"win_rate":0.0,"timestamp":1613141995,"path_taken":["M","?","$","M","M","R","E","R","T","R","M","M","M","?","R","BOSS","M","M","$","M","?","R","M","M","T","M","M"],"items_purchased_type":["Relic"],"build_version":"2020-12-22","purchased_purges":2,"victory":false,"max_hp_per_floor":[80,80,80,80,80,80,80,80,80,80,80,80,82,84,84,86,86,88,97,97,99,99,99,101,103,103,105,109,109],"card_choices":[{"not_picked":["NakedNest","Scorched"],"picked":"OldLady","floor":1},{"not_picked":["Headbutt","Wild Strike"],"picked":"Perfected Strike","floor":1},{"not_picked":["FairyFestival","WallGazer"],"picked":"SpiderBud","floor":4},{"not_picked":["Iron Wave","Thunderclap"],"picked":"Battle Trance","floor":4},{"not_picked":["Bloodbath","CherryBlossoms"],"picked":"FieryBird","floor":5},{"not_picked":["Cleave","Heavy Blade"],"picked":"Perfected Strike","floor":5},{"not_picked":["BeautyBeast","WallGazer"],"picked":"Bloodbath","floor":7},{"not_picked":["Entrench","Impervious"],"picked":"Perfected Strike","floor":7},{"not_picked":["QueenOfHatred","BeautyBeast"],"picked":"Murderer","floor":11},{"not_picked":["Shrug It Off","Clash"],"picked":"Pommel Strike","floor":11},{"not_picked":["GalaxyChild","LaLuna"],"picked":"UniverseFragment","floor":12},{"not_picked":["Clothesline","Feel No Pain","Body Slam"],"picked":"SKIP","floor":12},{"not_picked":["SingingMachine","GalaxyChild"],"picked":"Wellcheers","floor":13},{"not_picked":["Reckless Charge","Clash","Pummel"],"picked":"SKIP","floor":13},{"not_picked":["Reckless Charge","Clash","Pummel"],"picked":"SKIP","floor":13},{"not_picked":["Laetitia","BlackSwan"],"picked":"Rudolta","floor":14},{"not_picked":["Sword Boomerang","Power Through","Spot Weakness"],"picked":"SKIP","floor":14},{"not_picked":["ShyLook","VoidDream"],"picked":"Woodsman","floor":16},{"not_picked":["Exhume","Impervious"],"picked":"Offering","floor":16},{"not_picked":["VoidDream","WallGazer"],"picked":"Funeral","floor":18},{"not_picked":["Seeing Red+1","Armaments+1"],"picked":"Warcry+1","floor":18},{"not_picked":["VoidDream","BlackSwan"],"picked":"GalaxyChild","floor":19},{"not_picked":["Burning Pact","Sword Boomerang"],"picked":"Warcry","floor":19},{"not_picked":["WallGazer","DreamingCurrent"],"picked":"Mercenary","floor":21},{"not_picked":["Blood for Blood","Anger"],"picked":"Evolve","floor":21},{"not_picked":["LittleHelper","WallGazer"],"picked":"BlackArmy","floor":24},{"not_picked":["Shockwave","Flex+1"],"picked":"Pommel Strike","floor":24},{"not_picked":["Scorched","HeroicMonk"],"picked":"BeautyBeast","floor":25},{"not_picked":["Berserk","Anger+1","Spot Weakness"],"picked":"SKIP","floor":25},{"not_picked":["Berserk","Anger+1","Spot Weakness"],"picked":"SKIP","floor":25},{"not_picked":["DreamingCurrent","Rudolta"],"picked":"MHz","floor":27},{"not_picked":["Carnage","Intimidate","Sword Boomerang+1"],"picked":"SKIP","floor":27}],"player_experience":506415,"relics_obtained":[{"floor":7,"key":"Orichalcum"},{"floor":9,"key":"Vajra"},{"floor":26,"key":"CeramicFish"}],"event_choices":[{"damage_healed":0,"gold_gain":0,"player_choice":"Take Wound","damage_taken":0,"relics_obtained":["Golden Idol"],"max_hp_gain":0,"max_hp_loss":0,"event_name":"Golden Idol","floor":2,"gold_loss":0,"cards_obtained":["Injury"]},{"damage_healed":0,"gold_gain":0,"player_choice":"Obtained Relic","damage_taken":0,"relics_obtained":["MawBank"],"max_hp_gain":0,"max_hp_loss":0,"event_name":"Addict","floor":22,"gold_loss":85}],"is_beta":false,"boss_relics":[{"not_picked":["Runic Pyramid","Runic Cube"],"picked":"Philosopher\u0027s Stone"}],"items_purged_floors":[3,20],"is_endless":false,"potions_floor_spawned":[1,5,7,13,18,24],"killed_by":"Shelled Parasite and Fungi","ascension_level":0}}