{"host":"zsnmfqgcm92hlreo","time":1613119940,"event":{"mods":["AchievementEnabler","BaseMod","Bestiary","Block Reminder","Colored Map","Colored Powertips","Filter the Spire","Minty Spire (QoL Compilation)","Permanent Neow","Quick Restart","Relic Stats","StSLib","Weighted Paths"],"gold_per_floor":[116,133,408,418,434,460,111,137,137,165,130,130,147,172,172,246,246,261,279,279,279,111,144,144,171,171,171,188,213,213,231,231,305,305,324,369,387,183,183,212,227,261,307,307,307,317,334,348,348,348,348,348,348,15,47,47],"floor_reached":57,"language":"ENG","playtime":2720,"items_purged":["Regret","Parasite"],"score":2950,"play_id":"9eb4db26-e6f8-479c-8096-212e88c5a4d8","local_time":"20210212025220","is_ascension_mode":true,"campfire_choices":[{"data":"Demon Form","floor":15.0,"key":"SMITH"},{"floor":24.0,"key":"REST"},{"floor":27.0,"key":"REST"},{"data":"Limit Break","floor":32.0,"key":"SMITH"},{"floor":44,"key":"REST"},{"floor":49,"key":"RECALL"},{"data":"Shockwave","floor":53,"key":"SMITH"}],"circlet_count":0,"master_deck":["AscendersBane","Bash","Ghostly Armor","Demon Form+1","Immolate","Power Through","Headbutt","Iron Wave","True Grit","Twin Strike","Dark Embrace","Heavy Blade","Hemokinesis","Heavy Blade","Battle Trance","Shrug It Off","Shockwave+1","Heavy Blade","Armaments","Limit Break+1","Shrug It Off","Burning Pact","Reckless Charge+1","Fire Breathing","Demon Form+1","Feel No Pain+1","Corruption+1","Impervious","Inflame+1","Limit Break+1","Bandage Up","Flame Barrier","Shrug It Off","Power Through+1","Clumsy","Barricade+1"],"relics":["Pandora\u0027s Box","Question Card","Shuriken","Anchor","Darkstone Periapt","TungstenRod","The Courier","Mark of Pain","Enchiridion","Lantern","Dead Branch","Centennial Puzzle","HornCleat","Frozen Egg 2","Cursed Key","StoneCalendar","DollysMirror","Gremlin Horn","Singing Bowl","Blood Vial","OrangePellets","Oddly Smooth Stone","Eternal Feather"],"acts_visited":["Exordium","TheCity","TheBeyond","TheEnding"],"potions_floor_usage":[42,56],"damage_taken":[{"damage":0.0,"enemies":"Small Slimes","floor":1.0,"turns":2.0},{"damage":1.0,"enemies":"Cultist","floor":2.0,"turns":3.0},{"damage":0.0,"enemies":"2 Louse","floor":4.0,"turns":1.0},{"damage":11.0,"enemies":"Looter","floor":5.0,"turns":2.0},{"damage":12.0,"enemies":"3 Sentries","floor":6.0,"turns":3.0},{"damage":10.0,"enemies":"Gremlin Nob","floor":8.0,"turns":3.0},{"damage":19.0,"enemies":"Lagavulin","floor":10.0,"turns":6.0},{"damage":9.0,"enemies":"Exordium Thugs","floor":13.0,"turns":4.0},{"damage":7.0,"enemies":"Gremlin Nob","floor":14.0,"turns":3.0},{"damage":48.0,"enemies":"The Guardian","floor":16.0,"turns":8.0},{"damage":15.0,"enemies":"2 Thieves","floor":18.0,"turns":4.0},{"damage":13.0,"enemies":"Shell Parasite","floor":19.0,"turns":5.0},{"damage":14.0,"enemies":"Book of Stabbing","floor":23.0,"turns":4.0},{"damage":6.0,"enemies":"Gremlin Leader","floor":25.0,"turns":4.0},{"damage":1.0,"enemies":"Cultist and Chosen","floor":28.0,"turns":4.0},{"damage":35.0,"enemies":"Book of Stabbing","floor":29.0,"turns":5.0},{"damage":1.0,"enemies":"Snecko","floor":31.0,"turns":2.0},{"damage":18.0,"enemies":"Automaton","floor":33.0,"turns":5.0},{"damage":7.0,"enemies":"3 Darklings","floor":35.0,"turns":4.0},{"damage":8.0,"enemies":"2 Orb Walkers","floor":36.0,"turns":4.0},{"damage":0.0,"enemies":"Orb Walker","floor":37.0,"turns":3.0},{"damage":5,"enemies":"Nemesis","floor":40,"turns":5},{"damage":17,"enemies":"4 Shapes","floor":41,"turns":2},{"damage":39,"enemies":"Reptomancer","floor":42,"turns":4},{"damage":3,"enemies":"Maw","floor":46,"turns":4},{"damage":0,"enemies":"Writhing Mass","floor":47,"turns":4},{"damage":1,"enemies":"3 Darklings","floor":48,"turns":4},{"damage":28,"enemies":"Donu and Deca","floor":50,"turns":7},{"damage":9,"enemies":"Awakened One","floor":51,"turns":5},{"damage":6,"enemies":"Shield and Spear","floor":55,"turns":4},{"damage":83,"enemies":"The Heart","floor":56,"turns":7}],"seed_played":"3774604928894918793","potions_obtained":[{"floor":4.0,"key":"SpeedPotion"},{"floor":10.0,"key":"ColorlessPotion"},{"floor":13.0,"key":"LiquidMemories"},{"floor":16.0,"key":"Weak Potion"},{"floor":19.0,"key":"Fruit Juice"},{"floor":33.0,"key":"Energy Potion"},{"floor":40,"key":"FearPotion"},{"floor":42,"key":"BlessingOfTheForge"},{"floor":48,"key":"SpeedPotion"}],"is_trial":false,"path_per_floor":["M","M","?","M","M","E","$","E","T","E","?","?","M","E","R","B",null,"M","M","?","?","$","E","R","E","T","R","M","E","?","M","R","B",null,"M","?","M","$","?","E","M","E","T","R","?","M","M","M","R","B","B",null,"R","$","E","B",null],"character_chosen":"IRONCLAD","items_purchased":["Shuriken","Lantern","BloodPotion","Inflame+1","DollysMirror","OrangePellets","Oddly Smooth Stone"],"campfire_rested":3,"item_purchase_floors":[7,22,22,38,38,54,54],"current_hp_per_floor":[68,67,67,67,56,44,44,34,34,15,33,75,66,59,59,11,59,44,36,52,35,35,21,45,39,39,63,62,27,80,79,79,61,75,68,60,60,60,60,59,46,27,33,58,58,63,73,76,76,54,47,85,85,85,85,8],"gold":47,"neow_bonus":"BOSS_RELIC","is_daily":false,"chose_seed":false,"campfire_upgraded":3,"win_rate":0.0,"timestamp":1613119940,"path_taken":["M","M","?","M","?","E","$","E","T","E","?","?","?","E","R","BOSS","M","M","?","?","$","E","R","E","T","R","M","E","?","?","R","BOSS","M","?","M","$","?","E","?","E","T","R","?","?","M","M","R","BOSS","BOSS","R","$","E","BOSS"],"items_purchased_type":["Relic","Relic","Potion","Card","Relic","Relic","Relic"],"build_version":"2020-12-22","purchased_purges":2,"victory":true,"max_hp_per_floor":[75,75,75,75,75,75,75,75,75,75,75,75,75,75,75,75,75,75,80,80,80,80,80,80,80,80,80,80,80,80,80,80,80,80,80,80,80,80,80,80,80,80,86,86,86,88,96,98,98,98,98,98,98,95,95,95],"relic_stats":{"Darkstone Periapt":12,"Gremlin Horn":[11,16],"Singing Bowl":6,"counters":[31,125],"Dead Branch":[203],"StoneCalendar":[0],"Eternal Feather":0,"Question Card":24,"Cursed Key":1,"Blood Vial":14,"OrangePellets":[5],"Centennial Puzzle":[39],"Shuriken":[22],"Pandora\u0027s Box":["Ghostly Armor","Demon Form","Immolate","Power Through","Headbutt","Iron Wave","True Grit","Twin Strike","Dark Embrace"],"obtain_stats":[{"Darkstone Periapt":9,"Lantern":22,"Gremlin Horn":40,"Singing Bowl":42,"Dead Branch":23,"Enchiridion":21,"Oddly Smooth Stone":54,"StoneCalendar":36,"Eternal Feather":55,"The Courier":14,"Frozen Egg 2":29,"Question Card":6,"Cursed Key":34,"Burning Blood":0,"Blood Vial":45,"OrangePellets":54,"Anchor":8,"Centennial Puzzle":25,"HornCleat":26,"Shuriken":7,"DollysMirror":38,"Pandora\u0027s Box":0,"Mark of Pain":17,"TungstenRod":10},{"Darkstone Periapt":6,"Lantern":12,"Gremlin Horn":22,"Singing Bowl":24,"Dead Branch":13,"Enchiridion":12,"Oddly Smooth Stone":29,"StoneCalendar":20,"Eternal Feather":30,"The Courier":9,"Frozen Egg 2":16,"Question Card":5,"Cursed Key":18,"Burning Blood":0,"Blood Vial":24,"OrangePellets":29,"Anchor":6,"Centennial Puzzle":14,"HornCleat":14,"Shuriken":5,"DollysMirror":21,"Pandora\u0027s Box":0,"Mark of Pain":10,"TungstenRod":7},{"Darkstone Periapt":14,"Lantern":44,"Gremlin Horn":84,"Singing Bowl":90,"Dead Branch":48,"Enchiridion":44,"Oddly Smooth Stone":114,"StoneCalendar":76,"Eternal Feather":118,"The Courier":27,"Frozen Egg 2":61,"Question Card":11,"Cursed Key":68,"Burning Blood":0,"Blood Vial":90,"OrangePellets":114,"Anchor":14,"Centennial Puzzle":52,"HornCleat":52,"Shuriken":11,"DollysMirror":79,"Pandora\u0027s Box":0,"Mark of Pain":35,"TungstenRod":20}],"TungstenRod":119},"card_choices":[{"not_picked":["Anger","Sever Soul","Combust"],"picked":"SKIP","floor":1.0},{"not_picked":["Shrug It Off","Armaments"],"picked":"Heavy Blade","floor":2.0},{"not_picked":["Headbutt","Body Slam"],"picked":"Hemokinesis","floor":4.0},{"not_picked":["Clothesline","Thunderclap"],"picked":"Heavy Blade","floor":5.0},{"not_picked":["Sever Soul","Rage"],"picked":"Battle Trance","floor":6.0},{"not_picked":["Double Tap","Rupture","Perfected Strike"],"picked":"Shrug It Off","floor":8.0},{"not_picked":["Twin Strike","Brutality","Havoc"],"picked":"Shockwave","floor":10.0},{"not_picked":["Wild Strike","Shrug It Off","Second Wind"],"picked":"Heavy Blade","floor":13.0},{"not_picked":["Metallicize","Entrench","Perfected Strike"],"picked":"Armaments","floor":14.0},{"not_picked":["Brutality","Immolate","Barricade"],"picked":"Limit Break","floor":16.0},{"not_picked":["Anger","Body Slam","Thunderclap"],"picked":"Shrug It Off","floor":18.0},{"not_picked":["Clothesline","Rupture","Entrench","Shockwave"],"picked":"SKIP","floor":19.0},{"not_picked":["Clash","Pommel Strike","Thunderclap"],"picked":"Burning Pact","floor":23.0},{"not_picked":["Perfected Strike","Berserk","Cleave"],"picked":"Reckless Charge+1","floor":25.0},{"not_picked":["Anger","Headbutt","Warcry+1"],"picked":"Fire Breathing","floor":28.0},{"not_picked":["Headbutt","Thunderclap","Iron Wave"],"picked":"Demon Form+1","floor":29.0},{"not_picked":["Hemokinesis","Pommel Strike","Power Through"],"picked":"Feel No Pain+1","floor":31.0},{"not_picked":["Immolate","Juggernaut+1","Barricade+1"],"picked":"Corruption+1","floor":33.0},{"not_picked":["Clothesline","Flex","Pommel Strike","Shrug It Off"],"picked":"SKIP","floor":35.0},{"not_picked":["Pummel+1","Thunderclap","Ghostly Armor"],"picked":"Impervious","floor":37.0},{"not_picked":["Finesse","Discovery","Forethought"],"picked":"Bandage Up","floor":39},{"not_picked":["Flex","Shrug It Off","Dark Embrace+1"],"picked":"Flame Barrier","floor":40},{"not_picked":["Blood for Blood","Wild Strike","Iron Wave"],"picked":"Shrug It Off","floor":41},{"not_picked":["Armaments","Sever Soul","Body Slam+1"],"picked":"Power Through+1","floor":42},{"not_picked":["Cleave","Wild Strike","Berserk+1","Twin Strike"],"picked":"Singing Bowl","floor":46},{"not_picked":["Wild Strike","Sword Boomerang","Clash","Rampage+1"],"picked":"Singing Bowl","floor":47},{"not_picked":["Warcry+1","Wild Strike","Pommel Strike","Armaments"],"picked":"Singing Bowl","floor":48},{"not_picked":["Whirlwind+1","Bloodletting","Cleave"],"picked":"Barricade+1","floor":55}],"player_experience":1098131,"relics_obtained":[{"floor":6.0,"key":"Question Card"},{"floor":8.0,"key":"Anchor"},{"floor":9.0,"key":"Darkstone Periapt"},{"floor":10.0,"key":"TungstenRod"},{"floor":14.0,"key":"The Courier"},{"floor":21.0,"key":"Enchiridion"},{"floor":23.0,"key":"Dead Branch"},{"floor":25.0,"key":"Centennial Puzzle"},{"floor":26.0,"key":"HornCleat"},{"floor":29.0,"key":"Frozen Egg 2"},{"floor":36.0,"key":"StoneCalendar"},{"floor":40,"key":"Gremlin Horn"},{"floor":42,"key":"Singing Bowl"},{"floor":55,"key":"Eternal Feather"}],"event_choices":[{"damage_healed":0.0,"max_hp_gain":0.0,"max_hp_loss":0.0,"gold_gain":275.0,"event_name":"Golden Shrine","player_choice":"Desecrate","floor":3.0,"gold_loss":0.0,"damage_taken":0.0,"cards_obtained":["Regret"]},{"damage_healed":18.0,"max_hp_gain":0.0,"max_hp_loss":0.0,"gold_gain":0.0,"event_name":"The Cleric","player_choice":"Healed","floor":11.0,"gold_loss":35.0,"damage_taken":0.0},{"damage_healed":42.0,"max_hp_gain":0.0,"max_hp_loss":0.0,"gold_gain":0.0,"event_name":"Wheel of Change","player_choice":"Full Heal","floor":12.0,"gold_loss":0.0,"damage_taken":0.0},{"damage_healed":16.0,"max_hp_gain":0.0,"max_hp_loss":0.0,"gold_gain":0.0,"event_name":"The Library","player_choice":"Heal","floor":20.0,"gold_loss":0.0,"damage_taken":0.0},{"damage_healed":0.0,"max_hp_gain":0.0,"max_hp_loss":0.0,"gold_gain":0.0,"event_name":"Cursed Tome","player_choice":"Obtained Book","floor":21.0,"gold_loss":0.0,"damage_taken":21.0},{"damage_healed":53.0,"max_hp_gain":0.0,"max_hp_loss":0.0,"gold_gain":0.0,"event_name":"Wheel of Change","player_choice":"Full Heal","floor":30.0,"gold_loss":0.0,"damage_taken":0.0},{"damage_healed":0.0,"max_hp_gain":0.0,"max_hp_loss":0.0,"gold_gain":0.0,"event_name":"Mysterious Sphere","player_choice":"Fight","floor":36.0,"gold_loss":0.0,"damage_taken":0.0},{"damage_healed":0,"gold_gain":0,"player_choice":"Memory 1","damage_taken":0,"max_hp_gain":0,"max_hp_loss":0,"event_name":"SensoryStone","floor":39,"gold_loss":0},{"damage_healed":0,"gold_gain":0,"player_choice":"Gave Potion","damage_taken":0,"relics_obtained":["Blood Vial"],"max_hp_gain":0,"max_hp_loss":0,"event_name":"WeMeetAgain","floor":45,"gold_loss":0}],"is_beta":false,"boss_relics":[{"not_picked":["Tiny House","Runic Cube"],"picked":"Mark of Pain"},{"not_picked":["Busted Crown","SacredBark"],"picked":"Cursed Key"}],"items_purged_floors":[7,54],"is_endless":false,"potions_floor_spawned":[4,10,13,16,19,23,28,33,35,40,41,42,48],"ascension_level":20}}