{"host":"fnndj664xgd3vavt","time":1613103497,"event":{"mods":["AchievementEnabler","BaseMod","Colored Powertips","DeckTracker","Downfall","Highlight Path","Infinite Spire","Marisa????????","Minty Spire (QoL Compilation)","Quick Restart","Random Character Button","Replay The Spire","StSLib","The Servant 0.9.4"],"gold_per_floor":[99,110,35,53,11,111,111,121,71,102,132,145,165,185,201,305,305,255,266,284,284,284,284,310,260,260,274,274,292,202,202,215,316,316,266,284,284,384,436,386,386,250,288,238,259,259,209,228,252,362,362,312,325,348,348,364,314,314,53,53,67,100,100,113,113,131,240,240,90,107,107,107,130,80,119,19,42,61,75,25,44,44,71,166,166,116,130,195,212,212,235,265,287,237,260,280,230,255,255,271,378,378,328,347,347,364,387,407,444,466,416,467,487,487,487,508,526,633,633,583,601,601,616,237,257,292,311,311,261,286,310,416,436,454,558,558,508,534,548,548,548,575,612,635,682,80,92,94,111,174,192,300,300,341,156,106,112,112,112],"floor_reached":157,"language":"ENG","playtime":9131,"items_purged":["downfall:Bewildered","Delirium","Hallucinations","Doubt","CommonCold"],"score":3845,"play_id":"414085cc-7369-4ea0-8b8e-5b4764a61161","local_time":"20210211231817","is_ascension_mode":false,"campfire_choices":[{"floor":9.0,"key":"REST"},{"data":"Slimebound:SplitSpecialist","floor":18.0,"key":"SMITH"},{"data":"Slimebound:Repurpose","floor":25.0,"key":"SMITH"},{"data":"Slimebound:Teamwork","floor":35.0,"key":"SMITH"},{"floor":40,"key":"REST"},{"data":"Slimebound:Nibble","floor":44,"key":"SMITH"},{"floor":47,"key":"REST"},{"data":"Slimebound:PressTheAttack","floor":52,"key":"SMITH"},{"data":"Slimebound:SamplingLick","floor":57,"key":"SMITH"},{"data":"infinitespire:DeathsTouch","floor":69,"key":"PURGE"},{"data":"Slimebound:DouseInSlime","floor":74,"key":"PURGE"},{"floor":80,"key":"REST"},{"data":"Slimebound:SamplingLick","floor":86,"key":"SMITH"},{"data":"Slimebound:HauntingLick","floor":94,"key":"SMITH"},{"data":"Slimebound:HauntingLick","floor":97,"key":"SMITH"},{"data":"Slimebound:TagTeam","floor":103,"key":"SMITH"},{"data":"Slimebound:FirmFortitude","floor":111,"key":"SMITH"},{"data":"Slimebound:Nibble+1","floor":120,"key":"PURGE"},{"data":"Slimebound:TongueLash","floor":129,"key":"SMITH"},{"data":"Slimebound:LeechLife","floor":137,"key":"PURGE"},{"floor":156,"key":"DIG"}],"circlet_count":0,"master_deck":["Slimebound:Strike_Slimebound","Slimebound:Strike_Slimebound","Slimebound:Strike_Slimebound","Slimebound:Defend_Slimebound","Slimebound:Defend_Slimebound+1","Slimebound:Defend_Slimebound","Slimebound:Split","Slimebound:CorrosiveSpit","Slimebound:Schlurp","Slimebound:SplitSpecialist+1","Slimebound:Schlurp","Slimebound:Schlurp","Slimebound:HauntingLick+1","Slimebound:Repurpose+1","Slimebound:SamplingLick+1","Slimebound:HauntingLick+1","Slimebound:GoopSpray","Slimebound:PressTheAttack","Slimebound:SlimeTap+1","Slimebound:MinionMaster+1","Slimebound:SplitLeeching","Slimebound:SamplingLick+1","RitualDagger+1","Slimebound:Schlurp","Slimebound:Teamwork+1","Slimebound:GoopSpray+1","Slimebound:SlimeTap+1","Slimebound:PressTheAttack+1","Slimebound:LevelUp+1","Pot Of Greed+1","Pot Of Greed","Pot Of Greed","Slimebound:TongueLash+1","Pot Of Greed","Slimebound:SpikyOuterGoop+1","Slimebound:SplitAcid+1","Slimebound:SelfFormingGoo+1","Slimebound:LeadByExample+1","Slimebound:RejuvenatingLick+1","Slimebound:SpikyOuterGoop+1","Slimebound:RejuvenatingLick+1","Slimebound:Recycling+1","Slimebound:Overexert+1","Pot Of Greed","Slimebound:ProtectTheBoss+1","infinitespire:Collect","Slimebound:ProtectTheBoss+1","Slimebound:LeadByExample+1","Slimebound:FirmFortitude+1","Slimebound:Overexert+1","Slimebound:TagTeam+1","CurseOfTheBell","infinitespire:UltimateForm+1","Slimebound:LevelUp+1","Pot Of Greed","Slimebound:MegaLick+1","Slimebound:LeadByExample+1","Slimebound:Teamwork","expansioncontent:QuickStudy+1"],"relics":["Slimebound:GreedOozeRelic","Frozen Egg 2","Odd Mushroom","Black Star","Sling","sneckomod:BabySnecko","downfall:RedIOU","Sozu","ReplayTheSpireMod:Ring of Challenge","Ring of Hypnosis","Ginger","CatCart","Slimebound:SlimedTailRelic","Replay:Bandana","Grinning Jar","Blue Doll","Replay:Ancient Bell","Gremlin Food","Snack Pack","Ice Cream","Boot","m_BurningSludge","Slimebound:ScrapOozeRelic","bronze:MakeshiftBattery","downfall:HeartBlessingBlue","infinitespire:Golems Mask","SlaversCollar","Counterbalance","Replay:Grab Bag","Busted Crown","Replay:Bronze Core","Calling Bell","Centennial Puzzle","infinitespire:ShieldingShard","Turnip","Ornamental Fan","Cursed Key","Mirror","Prayer Wheel","InkBottle","Ring of Chaos","Torii","Guide Book","Shovel","Empty Cage","Molten Egg 2"],"acts_visited":["Exordium","TheCity","TheBeyond","Exordium","TheCity","TheBeyond","Exordium","TheCity","TheBeyond","TheEnding"],"potions_floor_usage":[77],"damage_taken":[{"damage":11.0,"enemies":"Jaw Worm","floor":2.0,"turns":2.0},{"damage":4.0,"enemies":"2 Louse","floor":4.0,"turns":3.0},{"damage":5.0,"enemies":"downfall:FleeingMerchant","floor":5.0,"turns":4.0},{"damage":8.0,"enemies":"Small Slimes","floor":8.0,"turns":2.0},{"damage":24.0,"enemies":"Gremlin Nob","floor":10.0,"turns":4.0},{"damage":10.0,"enemies":"The Mushroom Lair","floor":11.0,"turns":4.0},{"damage":0.0,"enemies":"Large Slime","floor":12.0,"turns":4.0},{"damage":8.0,"enemies":"3 Louse","floor":13.0,"turns":3.0},{"damage":7.0,"enemies":"Exordium Thugs","floor":14.0,"turns":3.0},{"damage":0.0,"enemies":"Large Slime","floor":15.0,"turns":4.0},{"damage":19.0,"enemies":"IC_STATUS_ARCHETYPE","floor":16.0,"turns":5.0},{"damage":10.0,"enemies":"Chosen","floor":19.0,"turns":4.0},{"damage":8.0,"enemies":"3 Byrds","floor":20.0,"turns":3.0},{"damage":10.0,"enemies":"Snake Plant","floor":27.0,"turns":3.0},{"damage":1.0,"enemies":"Cultist and Chosen","floor":29.0,"turns":4.0},{"damage":5.0,"enemies":"downfall:FleeingMerchant","floor":30.0,"turns":4.0},{"damage":9.0,"enemies":"Snecko","floor":32.0,"turns":3.0},{"damage":52.0,"enemies":"SI_MIRROR_ARCHETYPE","floor":33.0,"turns":9.0},{"damage":24.0,"enemies":"3 Darklings","floor":36.0,"turns":4.0},{"damage":4.0,"enemies":"infinitespire:Three Voidlings","floor":38.0,"turns":3.0},{"damage":35.0,"enemies":"Nightmare_Alpha","floor":38.0,"turns":10.0},{"damage":52,"enemies":"Orin","floor":39,"turns":8},{"damage":0,"enemies":"downfall:FleeingMerchant","floor":42,"turns":3},{"damage":8,"enemies":"Nightmare","floor":43,"turns":5},{"damage":0,"enemies":"Orb Walker","floor":45,"turns":3},{"damage":0,"enemies":"Writhing Mass","floor":48,"turns":4},{"damage":8,"enemies":"3 Darklings","floor":49,"turns":5},{"damage":36,"enemies":"DF_ARCHETYPE_ORBS","floor":50,"turns":5},{"damage":17,"enemies":"Jaw Worm","floor":53,"turns":2},{"damage":0,"enemies":"Cultist","floor":54,"turns":2},{"damage":0,"enemies":"2 Louse","floor":56,"turns":2},{"damage":0,"enemies":"Large Slime","floor":61,"turns":3},{"damage":8,"enemies":"3 Sentries","floor":62,"turns":4},{"damage":18,"enemies":"Red Slaver","floor":64,"turns":2},{"damage":20,"enemies":"Lots of Slimes","floor":66,"turns":2},{"damage":0,"enemies":"Fading Forest","floor":67,"turns":11},{"damage":25,"enemies":"Shell Parasite","floor":70,"turns":3},{"damage":15,"enemies":"Snake Plant","floor":73,"turns":3},{"damage":16,"enemies":"Gremlin Leader","floor":75,"turns":5},{"damage":15,"enemies":"Shelled Parasite and Fungi","floor":77,"turns":4},{"damage":0,"enemies":"Sentry and Sphere","floor":78,"turns":3},{"damage":32,"enemies":"Snake Plant","floor":79,"turns":3},{"damage":0,"enemies":"Centurion and Healer","floor":81,"turns":4},{"damage":11,"enemies":"Cultist and Chosen","floor":83,"turns":4},{"damage":37,"enemies":"Collector","floor":84,"turns":6},{"damage":0,"enemies":"Orb Walker","floor":87,"turns":2},{"damage":47,"enemies":"2 Orb Walkers","floor":88,"turns":3},{"damage":0,"enemies":"3 Shapes","floor":89,"turns":3},{"damage":36,"enemies":"Sphere and 2 Shapes","floor":91,"turns":5},{"damage":0,"enemies":"Giant Head","floor":92,"turns":5},{"damage":40,"enemies":"3 Darklings","floor":93,"turns":3},{"damage":0,"enemies":"Maw","floor":95,"turns":6},{"damage":8,"enemies":"Jaw Worm Horde","floor":96,"turns":3},{"damage":14,"enemies":"3 Darklings","floor":98,"turns":3},{"damage":45,"enemies":"Writhing Mass","floor":100,"turns":4},{"damage":57,"enemies":"infinitespire:MassOfShapes","floor":101,"turns":9},{"damage":18,"enemies":"Jaw Worm","floor":104,"turns":3},{"damage":0,"enemies":"Cultist","floor":106,"turns":3},{"damage":0,"enemies":"2 Louse","floor":107,"turns":2},{"damage":48,"enemies":"Gremlin Gang","floor":108,"turns":2},{"damage":28,"enemies":"Lagavulin","floor":109,"turns":3},{"damage":21,"enemies":"3 Louse","floor":110,"turns":2},{"damage":0,"enemies":"Red Slaver","floor":113,"turns":2},{"damage":0,"enemies":"Gremlin Gang","floor":116,"turns":2},{"damage":0,"enemies":"2 Fungi Beasts","floor":117,"turns":3},{"damage":0,"enemies":"Slime Boss","floor":118,"turns":3},{"damage":4,"enemies":"Shell Parasite","floor":121,"turns":3},{"damage":0,"enemies":"Snecko","floor":123,"turns":4},{"damage":44,"enemies":"Centurion and Healer","floor":125,"turns":3},{"damage":37,"enemies":"Gremlin Leader","floor":126,"turns":4},{"damage":0,"enemies":"Sentry and Sphere","floor":127,"turns":2},{"damage":51,"enemies":"Shelled Parasite and Fungi","floor":130,"turns":4},{"damage":10,"enemies":"Cultist and Chosen","floor":131,"turns":3},{"damage":0,"enemies":"WA_ARCHETYPE_RETAIN","floor":132,"turns":4},{"damage":0,"enemies":"Sentry and Sphere","floor":133,"turns":3},{"damage":0,"enemies":"3 Cultists","floor":134,"turns":3},{"damage":31,"enemies":"Collector","floor":135,"turns":5},{"damage":17,"enemies":"Orb Walker","floor":138,"turns":3},{"damage":25,"enemies":"3 Shapes","floor":139,"turns":3},{"damage":24,"enemies":"Transient","floor":142,"turns":5},{"damage":0,"enemies":"R_Hoarder","floor":143,"turns":4},{"damage":0,"enemies":"Maw","floor":144,"turns":4},{"damage":0,"enemies":"Giant Head","floor":145,"turns":5},{"damage":21,"enemies":"4 Shapes","floor":147,"turns":2},{"damage":28,"enemies":"4 Shapes","floor":148,"turns":2},{"damage":53,"enemies":"3 Darklings","floor":149,"turns":4},{"damage":14,"enemies":"2 Orb Walkers","floor":150,"turns":5},{"damage":0,"enemies":"Maw","floor":151,"turns":4},{"damage":20,"enemies":"infinitespire:LordOfFortification","floor":152,"turns":21},{"damage":0,"enemies":"ME_ARCHETYPE_MERCHANT","floor":154,"turns":6},{"damage":127,"enemies":"IC_STATUS_ARCHETYPE","floor":157,"turns":28}],"seed_played":"1033744804311597459","potions_obtained":[{"floor":4.0,"key":"Venom Potion"},{"floor":8.0,"key":"SkillPotion"},{"floor":11.0,"key":"Energy Potion"},{"floor":20.0,"key":"Weak Potion"}],"is_trial":false,"path_per_floor":["R","M","?","M","$","?","T","M","R","E","?","M","M","M","M","B",null,"R","M","M","AVR","?","?","T","R","?","M","?","M","$","?","M","B",null,"R","M","?","?","?","R","T","$","NM","R","M","?","R","M","M","B",null,"R","M","M","?","M","R","T","$","?","M","E","?","M","?","M","B",null,"R","M","AVR","?","M","R","E","$","M","M","M","R","M","?","M","B",null,"R","M","?","M","?","M","E","M","R","M","M","R","M","$","M","B",null,"R","M","?","M","M","M","E","M","R","?","M","$","?","M","M","B",null,"R","M","?","M","$","M","E","M","?","R","M","M","?","M","M","B",null,"R","M","M","?","?","M","E","M","E","$","M","?","M","?","M","B",null,"E","$","R","B"],"character_chosen":"SLIMEBOUND","items_purchased":["Slimebound:Schlurp","Slimebound:SlimedTailRelic","Slimebound:LevelUp+1","Replay:Bandana","Slimebound:SpikyOuterGoop+1","Slimebound:RejuvenatingLick+1","Boot","Mirror","Torii","Guide Book","expansioncontent:QuickStudy+1"],"campfire_rested":4,"item_purchase_floors":[5,42,42,42,59,59,59,124,146,146,155],"current_hp_per_floor":[54,43,43,39,38,38,38,30,51,29,25,27,21,20,22,11,71,71,65,61,61,61,61,61,61,61,53,71,71,70,70,63,19,71,71,55,55,57,13,34,34,38,38,38,40,40,71,71,67,37,71,71,54,58,63,63,63,63,63,63,69,67,67,53,53,35,51,76,86,65,65,65,54,54,44,44,35,37,11,36,36,64,61,30,86,86,86,47,53,53,23,29,86,86,86,84,84,76,76,37,36,86,86,72,72,78,86,46,24,7,7,7,13,13,13,19,25,31,86,86,86,86,86,86,48,15,21,49,49,86,84,86,86,86,55,86,86,75,56,56,56,36,38,46,54,54,37,11,47,37,39,29,86,86,86,86,0,0,0],"gold":112,"neow_bonus":"TEN_PERCENT_HP_BONUS","is_daily":false,"chose_seed":false,"campfire_upgraded":12,"win_rate":0.0,"timestamp":1613103497,"path_taken":["R","M","?","M","$","?","T","M","R","E","?","M","M","M","M","BOSS","R","M","M","AVR","?","?","T","R","?","M","?","M","$","?","M","BOSS","R","M","?","?","?","R","T","$","NM","R","?","?","R","M","M","BOSS","R","M","M","?","M","R","T","$","?","M","E","?","M","?","M","BOSS","R","M","AVR","?","M","R","E","$","M","M","?","R","M","?","M","BOSS","R","M","?","M","?","M","E","M","R","M","M","R","?","?","M","BOSS","R","M","?","M","M","?","E","M","R","?","M","$","?","M","M","BOSS","R","M","?","M","$","?","E","?","?","R","M","M","?","M","M","BOSS","R","M","M","?","?","M","E","M","E","$","?","?","M","?","M","BOSS","E","$","R","BOSS"],"items_purchased_type":["Card","Relic","Card","Relic","Card","Card","Relic","Relic","Relic","Relic","Card"],"build_version":"2020-12-22","purchased_purges":5,"victory":false,"max_hp_per_floor":[71,71,71,71,71,71,71,71,71,71,71,71,71,71,71,71,71,71,71,71,71,71,71,71,71,71,71,71,71,71,71,71,71,71,71,71,71,71,71,71,71,71,71,71,71,71,71,71,71,71,71,71,71,71,76,76,76,76,76,76,76,76,76,76,76,76,76,76,86,86,86,86,86,86,86,86,86,86,86,86,86,86,86,86,86,86,86,86,86,86,86,86,86,86,86,86,86,86,86,86,86,86,86,86,86,86,86,86,86,86,86,86,86,86,86,86,86,86,86,86,86,86,86,86,86,86,86,86,86,86,86,86,86,86,86,86,86,86,86,86,86,86,86,86,86,86,86,86,86,86,86,86,86,86,86,86,86,86,86],"card_choices":[{"not_picked":["infinitespire:Execution","ReplayTheSpireMod:Haul"],"picked":"infinitespire:DeathsTouch","floor":1.0},{"not_picked":["Slimebound:Chomp","Slimebound:Nibble"],"picked":"Slimebound:Schlurp","floor":2.0},{"not_picked":["Slimebound:RollThrough","Slimebound:DisruptingSlam"],"picked":"Slimebound:SplitSpecialist","floor":4.0},{"not_picked":["Slimebound:GrowthPunch","Slimebound:FinishingTackle"],"picked":"Slimebound:Schlurp","floor":5.0},{"not_picked":["Slimebound:RollThrough","Slimebound:SplitAcid"],"picked":"Slimebound:HauntingLick","floor":8.0},{"not_picked":["Slimebound:SplitMire","Slimebound:ComboTackle"],"picked":"Slimebound:Repurpose","floor":10.0},{"not_picked":["Slimebound:LivingWall","Slimebound:SplitSpecialist"],"picked":"Slimebound:SamplingLick","floor":11.0},{"not_picked":["Slimebound:Prepare","Slimebound:LivingWall"],"picked":"Slimebound:HauntingLick","floor":12.0},{"not_picked":["Slimebound:SlimeSpikes","Slimebound:Replication"],"picked":"Slimebound:GoopSpray","floor":13.0},{"not_picked":["Slimebound:SlimeSpikes","Slimebound:SlimeBrawl"],"picked":"Slimebound:PressTheAttack","floor":14.0},{"not_picked":["Slimebound:SplitMire","Slimebound:HauntingLick"],"picked":"Slimebound:SlimeTap","floor":15.0},{"not_picked":["Slimebound:WasteNot","Slimebound:DuplicatedForm+1"],"picked":"Slimebound:MinionMaster+1","floor":16.0},{"not_picked":["Slimebound:SlimeSpikes","Slimebound:RollThrough+1"],"picked":"Slimebound:SplitLeeching","floor":19.0},{"not_picked":["Slimebound:SplitLeeching","Slimebound:LeechEnergy+1"],"picked":"Slimebound:SamplingLick","floor":20.0},{"not_picked":["Slimebound:Equalize","Slimebound:SplitMire","Slimebound:Replication+1"],"picked":"SKIP","floor":27.0},{"not_picked":["Slimebound:GoopTackle+1","Slimebound:PrepareCrush"],"picked":"Slimebound:Nibble","floor":29.0},{"not_picked":["Slimebound:ServeAndProtect","Slimebound:DisruptingSlam","Slimebound:SplitBruiser"],"picked":"SKIP","floor":30.0},{"not_picked":["Slimebound:SplitBruiser","Slimebound:SlimeSpikes"],"picked":"Slimebound:Schlurp","floor":32.0},{"not_picked":["Slimebound:MassRepurpose","Slimebound:Darklings"],"picked":"Slimebound:Teamwork","floor":33.0},{"not_picked":["Slimebound:GrowthPunch+1","Slimebound:Grow+1"],"picked":"Slimebound:GoopSpray+1","floor":36.0},{"not_picked":["infinitespire:Oblivion","infinitespire:UltimateForm"],"picked":"infinitespire:Fortify","floor":38.0},{"not_picked":["Slimebound:Grow+1","Slimebound:RollThrough"],"picked":"Slimebound:SlimeTap+1","floor":39},{"not_picked":["Slimebound:Dissolve+1","Slimebound:HauntingLick+1"],"picked":"Slimebound:PressTheAttack","floor":42},{"not_picked":["Slimebound:FormOfPuddle","Slimebound:ItLooksTasty"],"picked":"Slimebound:TongueLash","floor":43},{"not_picked":["Slimebound:SplitBruiser+1","Slimebound:Schlurp+1"],"picked":"Slimebound:SpikyOuterGoop+1","floor":45},{"not_picked":["Slimebound:Nibble+1","Slimebound:GoopTackle","Slimebound:ServeAndProtect+1"],"picked":"SKIP","floor":48},{"not_picked":["Slimebound:HauntingLick","Slimebound:ForwardTackle+1"],"picked":"Slimebound:SplitAcid+1","floor":49},{"not_picked":["Slimebound:Overexert+1","Slimebound:DouseInSlime"],"picked":"Slimebound:SelfFormingGoo+1","floor":50},{"not_picked":["Delirium","Replay:Hysterical Blindness"],"picked":"Hallucinations","floor":51},{"not_picked":["infinitespire:Pacifist","Spreading Infection"],"picked":"CommonCold","floor":51},{"not_picked":["Replay:Hysterical Blindness","Decay"],"picked":"Doubt","floor":51},{"not_picked":["Slimebound:SplitMire","Slimebound:LevelUp+1"],"picked":"Slimebound:LeadByExample+1","floor":53},{"not_picked":["Slimebound:LivingWall","Slimebound:GoopTackle","Slimebound:SplitMire"],"picked":"SKIP","floor":54},{"not_picked":["Slimebound:ForwardTackle","Slimebound:HauntingLick"],"picked":"Slimebound:RejuvenatingLick","floor":56},{"not_picked":["Sword Boomerang","Slimebound:SplitBruiser","Slimebound:ProtectTheBoss+1"],"picked":"SKIP","floor":61},{"not_picked":["Slimebound:Dissolve","Slimebound:RainOfGoop","Slimebound:DivideAndConquer"],"picked":"SKIP","floor":62},{"not_picked":["Slimebound:SamplingLick","Twin Strike"],"picked":"Slimebound:Recycling+1","floor":64},{"not_picked":["Slimebound:SplitAcid","Slimebound:PressTheAttack","Slimebound:FlameTackle"],"picked":"SKIP","floor":66},{"not_picked":["Slimebound:Recycling+1","Offering"],"picked":"Slimebound:Overexert+1","floor":67},{"not_picked":["Slimebound:SlimeSpikes","Slimebound:LeechingTouch"],"picked":"Slimebound:ProtectTheBoss+1","floor":70},{"not_picked":["Slimebound:Prepare+1","Slimebound:LeechingTouch+1","Slimebound:FinishingTackle"],"picked":"SKIP","floor":73},{"not_picked":["Slimebound:SplitSpecialist","Slimebound:HauntingLick","Slimebound:SlimeTap"],"picked":"SKIP","floor":75},{"not_picked":["Slimebound:Schlurp","Slimebound:Repurpose","Slimebound:SplitBruiser+1"],"picked":"SKIP","floor":77},{"not_picked":["Slimebound:LeechEnergy","Slimebound:FlameTackle"],"picked":"Slimebound:ProtectTheBoss+1","floor":78},{"not_picked":["Slimebound:Chomp+1","Slimebound:DouseInSlime","Slimebound:Nibble"],"picked":"SKIP","floor":79},{"not_picked":["Slimebound:PressTheAttack","Slimebound:Chomp"],"picked":"Slimebound:LeadByExample+1","floor":81},{"not_picked":["Slimebound:DivideAndConquer","Slimebound:Equalize","Slimebound:SlimeSpikes+1"],"picked":"SKIP","floor":83},{"not_picked":["Slimebound:MassRepurpose","Slimebound:MinionMaster+1"],"picked":"Slimebound:FirmFortitude","floor":84},{"not_picked":["Slimebound:SplitBruiser+1","Slimebound:LeechEnergy+1","Slimebound:ItLooksTasty+1"],"picked":"SKIP","floor":87},{"not_picked":["Slimebound:SplitLeeching+1","Slimebound:SpikyOuterGoop+1","Slimebound:ItLooksTasty"],"picked":"SKIP","floor":89},{"not_picked":["Slimebound:MegaLick","Slimebound:Grow+1","Slimebound:HauntingLick"],"picked":"SKIP","floor":91},{"not_picked":["Slimebound:LeechEnergy","Slimebound:LevelUp+1"],"picked":"Slimebound:Overexert+1","floor":92},{"not_picked":["Slimebound:PressTheAttack","Slimebound:ProtectTheBoss+1","Slimebound:ComboTackle+1"],"picked":"SKIP","floor":93},{"not_picked":["Slimebound:SlimeSpikes","Slimebound:SplitBruiser","Slimebound:LivingWall"],"picked":"SKIP","floor":95},{"not_picked":["Slimebound:ViciousTackle","Slimebound:GoopSpray+1","Slimebound:LeechLife"],"picked":"SKIP","floor":96},{"not_picked":["Slimebound:AcidTongue+1","Slimebound:SlimeBarrage+1","Slimebound:SlimeSpikes"],"picked":"SKIP","floor":98},{"not_picked":["Slimebound:RollThrough+1","Slimebound:LeechingTouch","Slimebound:Prepare+1"],"picked":"SKIP","floor":100},{"not_picked":["Slimebound:CheckThePlaybook","Slimebound:PrepareCrush"],"picked":"Slimebound:TagTeam","floor":101},{"not_picked":[],"picked":"Slimebound:SplitMire","floor":104},{"not_picked":["Slimebound:SplitLeeching"],"picked":"SKIP","floor":106},{"not_picked":["Slimebound:SplitBruiser"],"picked":"SKIP","floor":107},{"not_picked":["Slimebound:ItLooksTasty"],"picked":"SKIP","floor":108},{"not_picked":["Slimebound:Schlurp"],"picked":"SKIP","floor":109},{"not_picked":["Slimebound:HauntingLick"],"picked":"SKIP","floor":110},{"not_picked":["Slimebound:Repurpose"],"picked":"SKIP","floor":113},{"not_picked":["Slimebound:SplitAcid"],"picked":"SKIP","floor":116},{"not_picked":["Slimebound:Schlurp"],"picked":"SKIP","floor":117},{"not_picked":["ReplayTheSpireMod:Haul","infinitespire:Oblivion"],"picked":"infinitespire:UltimateForm","floor":119},{"not_picked":["Slimebound:GoopTackle"],"picked":"SKIP","floor":121},{"not_picked":["Slimebound:Equalize+1"],"picked":"SKIP","floor":123},{"not_picked":[],"picked":"Slimebound:LevelUp+1","floor":125},{"not_picked":["Slimebound:MegaLick+1"],"picked":"SKIP","floor":126},{"not_picked":[],"picked":"Slimebound:MegaLick+1","floor":126},{"not_picked":["Slimebound:LeechEnergy"],"picked":"SKIP","floor":127},{"not_picked":["Slimebound:HauntingLick"],"picked":"SKIP","floor":130},{"not_picked":["Slimebound:Dissolve"],"picked":"SKIP","floor":131},{"not_picked":["Slimebound:SplitMire"],"picked":"SKIP","floor":133},{"not_picked":["Slimebound:FinishingTackle"],"picked":"SKIP","floor":133},{"not_picked":["Slimebound:SlimeTap"],"picked":"SKIP","floor":134},{"not_picked":["Slimebound:PressTheAttack"],"picked":"SKIP","floor":134},{"not_picked":[],"picked":"Slimebound:LeechLife","floor":135},{"not_picked":["Slimebound:Grow+1"],"picked":"SKIP","floor":138},{"not_picked":["Slimebound:SplitSpecialist+1"],"picked":"SKIP","floor":138},{"not_picked":["Slimebound:SlimeBarrage"],"picked":"SKIP","floor":139},{"not_picked":["Slimebound:SlimeSpikes+1"],"picked":"SKIP","floor":139},{"not_picked":["Slimebound:GoopTackle+1"],"picked":"SKIP","floor":142},{"not_picked":["Slimebound:AcidTongue+1"],"picked":"SKIP","floor":142},{"not_picked":["Slimebound:LeechingTouch"],"picked":"SKIP","floor":143},{"not_picked":[],"picked":"Slimebound:LeadByExample+1","floor":144},{"not_picked":["Slimebound:LivingWall+1"],"picked":"SKIP","floor":144},{"not_picked":["Slimebound:ProtectTheBoss+1"],"picked":"SKIP","floor":145},{"not_picked":["Slimebound:GoopSpray+1"],"picked":"SKIP","floor":147},{"not_picked":["Slimebound:SplitMire+1"],"picked":"SKIP","floor":147},{"not_picked":["Slimebound:RollThrough+1"],"picked":"SKIP","floor":149},{"not_picked":["Slimebound:DisruptingSlam"],"picked":"SKIP","floor":149},{"not_picked":["Slimebound:DivideAndConquer"],"picked":"SKIP","floor":151},{"not_picked":["Slimebound:PressTheAttack"],"picked":"SKIP","floor":151},{"not_picked":[],"picked":"Slimebound:Teamwork","floor":152},{"not_picked":["Slimebound:LeechingTouch"],"picked":"SKIP","floor":154}],"player_experience":300028,"relics_obtained":[{"floor":7.0,"key":"Frozen Egg 2"},{"floor":10.0,"key":"Bronze Scales"},{"floor":11.0,"key":"Odd Mushroom"},{"floor":24.0,"key":"infinitespire:Lucky Rock"},{"floor":37.0,"key":"ReplayTheSpireMod:Ring of Challenge"},{"floor":37.0,"key":"Ring of Hypnosis"},{"floor":38.0,"key":"Ginger"},{"floor":39,"key":"CatCart"},{"floor":41,"key":"Regal Pillow"},{"floor":43,"key":"Grinning Jar"},{"floor":43,"key":"Blue Doll"},{"floor":88,"key":"Counterbalance"},{"floor":102,"key":"Centennial Puzzle"},{"floor":102,"key":"infinitespire:ShieldingShard"},{"floor":102,"key":"Turnip"},{"floor":112,"key":"Ornamental Fan"},{"floor":132,"key":"Prayer Wheel"},{"floor":132,"key":"InkBottle"},{"floor":150,"key":"Shovel"},{"floor":156,"key":"Molten Egg 2"}],"event_choices":[{"damage_healed":0.0,"max_hp_gain":0.0,"max_hp_loss":0.0,"gold_gain":0.0,"event_name":"Mushrooms","player_choice":"Fought Mushrooms","floor":11.0,"gold_loss":0.0,"damage_taken":0.0},{"damage_healed":23.0,"max_hp_gain":0.0,"max_hp_loss":0.0,"gold_gain":0.0,"event_name":"The Library","player_choice":"Heal","floor":28.0,"gold_loss":0.0,"damage_taken":0.0},{"damage_healed":23.0,"max_hp_gain":0.0,"max_hp_loss":0.0,"gold_gain":0.0,"event_name":"The Library","player_choice":"Heal","floor":38.0,"gold_loss":0.0,"damage_taken":0.0},{"damage_healed":0,"gold_gain":0,"player_choice":"Fight","damage_taken":0,"max_hp_gain":0,"max_hp_loss":0,"event_name":"OrinTheCat","floor":39,"gold_loss":0},{"damage_healed":0,"gold_gain":0,"player_choice":"Donut","damage_taken":0,"max_hp_gain":5,"max_hp_loss":0,"event_name":"Big Fish","floor":55,"gold_loss":0},{"damage_healed":28,"gold_gain":0,"player_choice":"Heal","damage_taken":0,"max_hp_gain":0,"max_hp_loss":0,"event_name":"The Library","floor":82,"gold_loss":0},{"damage_healed":0,"gold_gain":0,"player_choice":"Fight","damage_taken":0,"max_hp_gain":0,"max_hp_loss":0,"event_name":"Mysterious Sphere","floor":88,"gold_loss":0},{"cards_removed":["Slimebound:Defend_Slimebound"],"damage_healed":0,"gold_gain":0,"player_choice":"Removed Skill","damage_taken":0,"max_hp_gain":0,"max_hp_loss":0,"event_name":"Falling","floor":90,"gold_loss":0},{"damage_healed":0,"gold_gain":0,"player_choice":"Got Potions","damage_taken":0,"max_hp_gain":0,"max_hp_loss":0,"event_name":"Lab","floor":105,"gold_loss":0},{"damage_healed":28,"gold_gain":0,"player_choice":"Heal","damage_taken":0,"max_hp_gain":0,"max_hp_loss":0,"event_name":"The Library","floor":128,"gold_loss":0},{"cards_removed":["infinitespire:Fortify"],"damage_healed":0,"gold_gain":0,"player_choice":"Removed Skill","damage_taken":0,"max_hp_gain":0,"max_hp_loss":0,"event_name":"Falling","floor":140,"gold_loss":0},{"damage_healed":0,"gold_gain":0,"player_choice":"Fight","damage_taken":0,"max_hp_gain":0,"max_hp_loss":0,"event_name":"Mysterious Sphere","floor":150,"gold_loss":0}],"is_beta":false,"boss_relics":[{"not_picked":["bronze:MakeshiftBattery","ReplayTheSpireMod:SealedPack"],"picked":"Black Star"},{"not_picked":["ReplayTheSpireMod:DimensionalGlitch","Cursed Key"],"picked":"Sozu"},{"not_picked":["Astrolabe","Fusion Hammer"],"picked":"Replay:Ancient Bell"},{"not_picked":["Ancient Tea Set","MawBank"],"picked":"Gremlin Food"},{"not_picked":["Blue Candle","infinitespire:BottledMercury"],"picked":"Snack Pack"},{"not_picked":["FossilizedHelix","Old Coin"],"picked":"Ice Cream"},{"not_picked":["Fusion Hammer","Replay:Drink Me"],"picked":"bronze:MakeshiftBattery"},{"not_picked":["Kintsugi","Pandora\u0027s Box"],"picked":"SlaversCollar"},{"not_picked":["Honey Jar","SacredBark"],"picked":"Replay:Grab Bag"},{"not_picked":["Cursed Key","ChewingGum"],"picked":"Busted Crown"},{"not_picked":["Slimebound:TarBlob","ReplayTheSpireMod:Onyx Gauntlets"],"picked":"Replay:Bronze Core"},{"not_picked":["Runic Pyramid","Astrolabe"],"picked":"Calling Bell"},{"not_picked":["Runic Dome","Honey Jar"],"picked":"Cursed Key"},{"not_picked":["Pandora\u0027s Box","Astrolabe"],"picked":"Ring of Chaos"},{"not_picked":["Velvet Choker","Runic Pyramid"],"picked":"Empty Cage"}],"items_purged_floors":[30,71,76,124,146],"is_endless":true,"potions_floor_spawned":[4,8,11,13,15,19,20,29,32,38,39,43,48,50,61,62,67,73,77,79,81,83,87,92,93,95,98,104,106,113,118,127,130,131,133,134,139,144,148,149,154],"killed_by":"IC_STATUS_ARCHETYPE","ascension_level":0}}