{"host":"mw3dmj42qtkbha4b","time":1613136343,"event":{"mods":["BaseMod","Colored Map","Colored Powertips","DeckTracker","Minty Spire (QoL Compilation)","StSLib","SuperFastMode"],"gold_per_floor":[115,115,132,143,159,159,192,245,245,245,274,199,211,229,229,229,229],"floor_reached":16,"language":"KOR","playtime":393,"items_purged":[],"score":224,"play_id":"05844e35-0ead-473e-bb29-f54cce35949c","local_time":"20210212222543","is_ascension_mode":true,"campfire_choices":[{"data":"Eruption","floor":6.0,"key":"SMITH"},{"floor":10.0,"key":"REST"},{"data":"Wallop","floor":15.0,"key":"SMITH"}],"circlet_count":0,"master_deck":["AscendersBane","Strike_P+1","Strike_P","Strike_P+1","Strike_P","Defend_P","Defend_P","Defend_P","Eruption+1","Vigilance","ReachHeaven","Wallop+1"],"relics":["PureWater","Bronze Scales","Whetstone","Potion Belt","Pear"],"acts_visited":["Exordium"],"potions_floor_usage":[16],"damage_taken":[{"damage":4.0,"enemies":"Jaw Worm","floor":1.0,"turns":4.0},{"damage":0.0,"enemies":"2 Louse","floor":3.0,"turns":2.0},{"damage":12.0,"enemies":"Small Slimes","floor":4.0,"turns":2.0},{"damage":20.0,"enemies":"3 Louse","floor":5.0,"turns":3.0},{"damage":24.0,"enemies":"3 Sentries","floor":7.0,"turns":5.0},{"damage":16.0,"enemies":"Gremlin Nob","floor":11.0,"turns":3.0},{"damage":4.0,"enemies":"Exordium Wildlife","floor":13.0,"turns":3.0},{"damage":0.0,"enemies":"Blue Slaver","floor":14.0,"turns":2.0},{"damage":18,"enemies":"Hexaghost","floor":16,"turns":7}],"seed_played":"-4024544346853090785","potions_obtained":[{"floor":5.0,"key":"Weak Potion"},{"floor":13.0,"key":"SteroidPotion"},{"floor":14.0,"key":"StancePotion"}],"is_trial":false,"path_per_floor":["M","?","M","M","M","R","E","?","T","R","E","?","M","M","R","B"],"character_chosen":"WATCHER","items_purchased":[],"campfire_rested":1,"item_purchase_floors":[],"current_hp_per_floor":[57,62,62,50,30,30,6,6,6,27,21,21,17,17,17,0,0],"gold":229,"neow_bonus":"RANDOM_COMMON_RELIC","is_daily":false,"chose_seed":false,"campfire_upgraded":2,"win_rate":0.0,"timestamp":1613136343,"path_taken":["M","?","M","M","M","R","E","?","T","R","E","?","M","M","R","BOSS"],"items_purchased_type":[],"build_version":"2020-12-22","purchased_purges":0,"victory":false,"max_hp_per_floor":[68,73,73,73,73,73,73,73,73,73,83,83,83,83,83,83,83],"card_choices":[{"not_picked":["Protect","FollowUp","SashWhip"],"picked":"SKIP","floor":1.0},{"not_picked":["CarveReality","Crescendo"],"picked":"ReachHeaven","floor":3.0},{"not_picked":["Crescendo","Fasting2","CutThroughFate"],"picked":"SKIP","floor":4.0},{"not_picked":["Prostrate","ThirdEye","SashWhip"],"picked":"SKIP","floor":5.0},{"not_picked":["FlyingSleeves","BowlingBash"],"picked":"Wallop","floor":7.0},{"not_picked":["ForeignInfluence","DeceiveReality","DevaForm"],"picked":"SKIP","floor":11.0},{"not_picked":["SashWhip","ThirdEye","EmptyMind"],"picked":"SKIP","floor":13.0},{"not_picked":["Halt","JustLucky","Evaluate"],"picked":"SKIP","floor":14.0}],"player_experience":1813744,"relics_obtained":[{"floor":7.0,"key":"Whetstone"},{"floor":9.0,"key":"Potion Belt"},{"floor":11.0,"key":"Pear"}],"event_choices":[{"damage_healed":0.0,"max_hp_gain":5.0,"max_hp_loss":0.0,"gold_gain":0.0,"event_name":"Big Fish","player_choice":"Donut","floor":2.0,"gold_loss":0.0,"damage_taken":0.0},{"damage_healed":0.0,"max_hp_gain":0.0,"max_hp_loss":0.0,"gold_gain":53.0,"event_name":"Golden Wing","player_choice":"Gained Gold","floor":8.0,"gold_loss":0.0,"damage_taken":0.0},{"cards_removed":["Defend_P"],"damage_healed":0.0,"max_hp_gain":0.0,"max_hp_loss":0.0,"gold_gain":0.0,"event_name":"The Cleric","player_choice":"Card Removal","floor":12.0,"gold_loss":75.0,"damage_taken":0.0}],"is_beta":false,"boss_relics":[],"items_purged_floors":[],"is_endless":false,"potions_floor_spawned":[5,13,14],"killed_by":"Hexaghost","ascension_level":20}}