{"host":"8ztb9kwpjc2zof9s","time":1613108285,"event":{"mods":["BaseMod","Block Reminder","Curses Come First","Minty Spire (QoL Compilation)","Relic Stats","StSLib"],"gold_per_floor":[112,112,37,53,69,100,100,127,127,127,302,302,302,333,333,333,333],"floor_reached":16,"language":"ENG","playtime":569,"items_purged":["Parasite"],"score":180,"play_id":"d3eb32f3-f1b7-4b24-9207-2ecee0e54b84","local_time":"20210211213805","is_ascension_mode":true,"campfire_choices":[{"data":"1","floor":7,"key":"LIFT"},{"data":"2","floor":10,"key":"LIFT"},{"floor":13,"key":"REST"},{"floor":15,"key":"REST"}],"circlet_count":0,"master_deck":["AscendersBane","Strike_G","Strike_G","Strike_G","Strike_G","Strike_G","Defend_G","Defend_G","Defend_G","Defend_G","Defend_G","Survivor","Neutralize","PiercingWail","Bane","Poisoned Stab","Doubt","Backflip"],"relics":["Ring of the Snake","Girya","Akabeko","Lizard Tail","Ninja Scroll","Golden Idol","Juzu Bracelet"],"acts_visited":["Exordium"],"potions_floor_usage":[6,8],"damage_taken":[{"damage":0.0,"enemies":"2 Louse","floor":1.0,"turns":4.0},{"damage":4.0,"enemies":"Small Slimes","floor":4.0,"turns":6.0},{"damage":0.0,"enemies":"Jaw Worm","floor":5.0,"turns":6.0},{"damage":19,"enemies":"Lagavulin","floor":6,"turns":7},{"damage":30,"enemies":"3 Sentries","floor":8,"turns":11},{"damage":24,"enemies":"Lagavulin","floor":14,"turns":6},{"damage":66,"enemies":"Hexaghost","floor":16,"turns":14}],"seed_played":"7636572888177437642","potions_obtained":[{"floor":4.0,"key":"BlessingOfTheForge"},{"floor":5.0,"key":"Block Potion"},{"floor":8,"key":"SmokeBomb"}],"is_trial":false,"path_per_floor":["M","?","$","M","M","E","R","E","T","R","?","?","R","E","R","B"],"character_chosen":"THE_SILENT","items_purchased":[],"campfire_rested":2,"item_purchase_floors":[],"current_hp_per_floor":[63,68,68,64,64,45,45,15,15,15,15,15,35,11,31,0,0],"gold":333,"neow_bonus":"ONE_RARE_RELIC","is_daily":false,"chose_seed":false,"campfire_upgraded":0,"win_rate":0.0,"timestamp":1613108285,"path_taken":["M","?","$","M","M","E","R","E","T","R","?","?","R","E","R","BOSS"],"items_purchased_type":[],"build_version":"2020-12-22","purchased_purges":1,"victory":false,"max_hp_per_floor":[70,75,72,72,72,72,72,72,72,72,72,67,67,67,67,67,67],"relic_stats":{"Lizard Tail":33,"counters":[7,54],"Golden Idol":6,"Juzu Bracelet":0,"obtain_stats":[{"Girya":0,"Lizard Tail":8,"Ninja Scroll":9,"Golden Idol":12,"Juzu Bracelet":14,"Akabeko":6,"Ring of the Snake":0},{"Girya":0,"Lizard Tail":5,"Ninja Scroll":5,"Golden Idol":5,"Juzu Bracelet":6,"Akabeko":4,"Ring of the Snake":0},{"Girya":0,"Lizard Tail":34,"Ninja Scroll":34,"Golden Idol":34,"Juzu Bracelet":40,"Akabeko":23,"Ring of the Snake":0}],"Ring of the Snake":[14]},"card_choices":[{"not_picked":["Dodge and Roll","Choke"],"picked":"PiercingWail","floor":1.0},{"not_picked":["Prepared","Blade Dance"],"picked":"Bane","floor":4.0},{"not_picked":["Endless Agony","Outmaneuver"],"picked":"Poisoned Stab","floor":5.0},{"not_picked":["Choke","Caltrops","Malaise"],"picked":"SKIP","floor":6},{"not_picked":["Tactician","Calculated Gamble","Outmaneuver"],"picked":"SKIP","floor":8},{"not_picked":["Blade Dance","Sucker Punch"],"picked":"Backflip","floor":14}],"player_experience":291662,"relics_obtained":[{"floor":6,"key":"Akabeko"},{"floor":8,"key":"Lizard Tail"},{"floor":9,"key":"Ninja Scroll"},{"floor":14,"key":"Juzu Bracelet"}],"event_choices":[{"damage_healed":0.0,"max_hp_gain":5.0,"max_hp_loss":0.0,"gold_gain":0.0,"event_name":"Big Fish","player_choice":"Donut","floor":2.0,"gold_loss":0.0,"damage_taken":0.0},{"damage_healed":0,"gold_gain":175,"player_choice":"AGREE","damage_taken":0,"max_hp_gain":0,"max_hp_loss":0,"event_name":"Liars Game","floor":11,"gold_loss":0,"cards_obtained":["Doubt"]},{"damage_healed":0,"gold_gain":0,"player_choice":"Lose Max HP","damage_taken":0,"relics_obtained":["Golden Idol"],"max_hp_gain":0,"max_hp_loss":5,"event_name":"Golden Idol","floor":12,"gold_loss":0}],"is_beta":false,"boss_relics":[],"items_purged_floors":[3],"is_endless":false,"potions_floor_spawned":[4,5,8],"killed_by":"Hexaghost","ascension_level":11}}