{"host":"lh12ctku392olndb","time":1613090972,"event":{"mods":["Act Like it!","BaseMod","Colored Powertips","Conspire","Downfall","Halation","Hubris","Minty Spire (QoL Compilation)","Quick Restart","Replay The Spire","Somnambulant","StSLib","The Cursed","The Disciple","The Druid","The Exalted","The Marked","The Mystic","The Servant 0.9.4"],"gold_per_floor":[111,111,122,92,110,145,127,140,140,36,66,66,66,80,80,180,180,200,200,215,234,234,234],"floor_reached":22,"language":"ENG","playtime":1620,"items_purged":[],"score":248,"play_id":"e839d237-b948-4807-a987-c0d553f5bc54","local_time":"20210211194932","is_ascension_mode":true,"campfire_choices":[{"floor":12,"key":"REST"},{"floor":15,"key":"REST"}],"circlet_count":0,"master_deck":["TheCursedMod:Strike_TheCursed+1","TheCursedMod:Strike_TheCursed","TheCursedMod:Strike_TheCursed","TheCursedMod:Strike_TheCursed","TheCursedMod:Defend_TheCursed","TheCursedMod:Defend_TheCursed","TheCursedMod:Defend_TheCursed","TheCursedMod:Defend_TheCursed","TheCursedMod:CursedWand","TheCursedMod:CleanUpWorkshop+1","TheCursedMod:Dregs","TheCursedMod:HellsGateOpen","TheCursedMod:LuckyCharm","TheCursedMod:SurpriseAttack","TheCursedMod:CursedShiv","TheCursedMod:SurpriseAttack","TheCursedMod:HellfireBreathing","TheCursedMod:AbyssShockwave","TheCursedMod:AbyssShockwave","TheCursedMod:SpitefulStrike+1","TheCursedMod:FuryStrike","TheCursedMod:TroublousMinions","TheCursedMod:CollectTribute","TheCursedMod:SpitefulPray+1","TheCursedMod:SpitefulStrike","TheCursedMod:SpitefulStrike+1"],"relics":["TheCursedMod:BlackMagic101","Counterbalance","TheCursedMod:DemonicMark","conspire:DeflatedDodgeball","hubris:Metronome","TheCursedMod:FourLeafCloverCharm"],"acts_visited":["Exordium","TheCity"],"potions_floor_usage":[6,11,14,16,18,21,22],"damage_taken":[{"damage":8,"enemies":"Jaw Worm","floor":1,"turns":4},{"damage":0,"enemies":"Small Slimes","floor":3,"turns":3},{"damage":0,"enemies":"Cultist","floor":5,"turns":4},{"damage":9,"enemies":"Replay:BlueRogue","floor":6,"turns":5},{"damage":12,"enemies":"Exordium Thugs","floor":7,"turns":4},{"damage":10,"enemies":"conspire:2 RoseBushes","floor":8,"turns":5},{"damage":5,"enemies":"Lagavulin","floor":11,"turns":4},{"damage":0,"enemies":"3 Louse","floor":14,"turns":1},{"damage":38,"enemies":"Hexaghost","floor":16,"turns":8},{"damage":22,"enemies":"Shell Parasite","floor":18,"turns":4},{"damage":11,"enemies":"2 Thieves","floor":20,"turns":3},{"damage":13,"enemies":"Snecko","floor":21,"turns":4},{"damage":0,"enemies":"Cultist and Chosen","floor":22,"turns":4}],"seed_played":"3536072602346322003","potions_obtained":[{"floor":1,"key":"Strength Potion"},{"floor":4,"key":"Toxic Potion"},{"floor":4,"key":"BlessingOfTheForge"},{"floor":11,"key":"Strength Potion"},{"floor":14,"key":"Explosive Potion"},{"floor":16,"key":"Fire Potion"},{"floor":19,"key":"LifebloodPotion"},{"floor":19,"key":"BlessingOfTheForge"},{"floor":20,"key":"PowerPotion"}],"is_trial":false,"path_per_floor":["M","?","M","?","M","E","M","M","T","$","E","R","?","M","R","B",null,"M","?","M","M","M"],"character_chosen":"THE_CURSED","items_purchased":["TheCursedMod:AbyssShockwave","TheCursedMod:SpitefulStrike"],"campfire_rested":2,"item_purchase_floors":[10,10],"current_hp_per_floor":[60,46,46,46,46,37,25,15,15,15,10,30,30,30,50,12,54,32,32,21,8,8,8],"gold":234,"neow_bonus":"ONE_RARE_RELIC","is_daily":false,"chose_seed":false,"campfire_upgraded":0,"win_rate":0.0,"timestamp":1613090972,"path_taken":["M","?","M","?","M","E","?","M","T","?","E","R","?","M","R","BOSS","M","?","?","M","M"],"items_purchased_type":["Card","Card"],"build_version":"2020-12-22","purchased_purges":0,"victory":false,"max_hp_per_floor":[68,68,68,68,68,68,68,68,68,68,68,68,68,68,68,68,68,68,68,68,68,68,68],"card_choices":[{"not_picked":["TheCursedMod:Evocation","TheCursedMod:Stigma"],"picked":"TheCursedMod:HellsGateOpen","floor":1},{"not_picked":["TheCursedMod:RapidMovement","TheCursedMod:CircleOfCorruption"],"picked":"TheCursedMod:LuckyCharm","floor":3},{"not_picked":["TheCursedMod:CircleOfCorruption","TheCursedMod:EmpowerCircles"],"picked":"TheCursedMod:SurpriseAttack","floor":5},{"not_picked":["TheCursedMod:SaltUponWound","TheCursedMod:DemonicPact"],"picked":"TheCursedMod:CursedShiv","floor":6},{"not_picked":["TheCursedMod:CursedShiv","TheCursedMod:Stigma"],"picked":"TheCursedMod:SurpriseAttack","floor":7},{"not_picked":["TheCursedMod:TacticalStrike","TheCursedMod:SpitefulStrike"],"picked":"TheCursedMod:HellfireBreathing","floor":8},{"not_picked":["TheCursedMod:Wield","TheCursedMod:SmokeScreen"],"picked":"TheCursedMod:FuryStrike","floor":11},{"not_picked":["TheCursedMod:SpitefulPlan","TheCursedMod:CursedArmor"],"picked":"TheCursedMod:TroublousMinions","floor":14},{"not_picked":["TheCursedMod:UltimatePain","TheCursedMod:Neurasthenia"],"picked":"TheCursedMod:CollectTribute","floor":16},{"not_picked":["TheCursedMod:CursedAmulet","TheCursedMod:Stretching"],"picked":"TheCursedMod:SpitefulPray+1","floor":18},{"not_picked":["TheCursedMod:SpreadPlague+1","TheCursedMod:DoubleShield"],"picked":"TheCursedMod:SpitefulStrike","floor":20},{"not_picked":["TheCursedMod:ReleasedKnowledge","TheCursedMod:WearCloak"],"picked":"TheCursedMod:SpitefulStrike+1","floor":21}],"player_experience":113017,"relics_obtained":[{"floor":6,"key":"TheCursedMod:DemonicMark"},{"floor":9,"key":"conspire:DeflatedDodgeball"},{"floor":11,"key":"hubris:Metronome"}],"event_choices":[{"damage_healed":0,"gold_gain":0,"player_choice":"Entered Light","damage_taken":14,"max_hp_gain":0,"max_hp_loss":0,"event_name":"Shining Light","floor":2,"gold_loss":0,"cards_upgraded":["TheCursedMod:Strike_TheCursed","TheCursedMod:CleanUpWorkshop"]},{"damage_healed":0,"gold_gain":0,"player_choice":"Bought 2 Potions","damage_taken":0,"max_hp_gain":0,"max_hp_loss":0,"event_name":"The Woman in Blue","floor":4,"gold_loss":0},{"damage_healed":0,"gold_gain":0,"player_choice":"Got Potions","damage_taken":0,"max_hp_gain":0,"max_hp_loss":0,"event_name":"Lab","floor":19,"gold_loss":0}],"is_beta":false,"boss_relics":[{"not_picked":["conspire:SpecialSausage","Fusion Hammer"],"picked":"TheCursedMod:FourLeafCloverCharm"}],"items_purged_floors":[],"is_endless":false,"potions_floor_spawned":[1,11,14,16,20],"killed_by":"Cultist and Chosen","ascension_level":5}}