{"host":"6p0attdrtjqaih7v","time":1613155178,"event":{"mods":["2.2 Compatiblity","AchievementEnabler","Bard","BaseMod","Better Skull","Better Third Choice","Card Filter","Colored Powertips","Hermit","Highlight Path","Hubris","Key Reminder","Minty Spire (QoL Compilation)","Permanent Neow","Quick Restart","Random Character Button","Relic Filter","Relic Stats","Reliquary","Replay The Spire","Robot Space Explorer","StSLib","The Hayseed","The Witch"],"gold_per_floor":[119,73,91,106,121,121,146,34,108,108,108,127,127,153,153,254,254,266,21,21,40,53,53,78,78,78,88,102,135,135,152,152,249,249,266,327,28,28,46,46,72,92,92,92,127,145,160,189,189,189],"floor_reached":51,"language":"ENG","playtime":2571,"items_purged":["TheSimpletonMod:Strike_TheSimpleton","TheSimpletonMod:Defend_TheSimpleton"],"score":1040,"play_id":"666ca05b-e47d-4a45-93cb-fc5dc1e3392a","local_time":"20210212133938","is_ascension_mode":true,"campfire_choices":[{"data":"TheSimpletonMod:Rake","floor":6,"key":"SMITH"},{"data":"TheSimpletonMod:Rake","floor":11,"key":"SMITH"},{"data":"TheSimpletonMod:ReapAndSow","floor":13,"key":"SMITH"},{"data":"TheSimpletonMod:SeedCoat","floor":15,"key":"SMITH"},{"data":"TheSimpletonMod:BuzzBomb","floor":23,"key":"SMITH"},{"data":"TheSimpletonMod:Aerate","floor":25,"key":"SMITH"},{"floor":32,"key":"REST"},{"floor":40,"key":"REST"},{"floor":44,"key":"REST"},{"floor":49,"key":"REST"}],"circlet_count":0,"master_deck":["TheSimpletonMod:Defend_TheSimpleton","TheSimpletonMod:Defend_TheSimpleton","TheSimpletonMod:Defend_TheSimpleton","TheSimpletonMod:Haymaker","TheSimpletonMod:ReapAndSow+1","TheSimpletonMod:Rake+1","TheSimpletonMod:Fertilaser","TheSimpletonMod:Squash","TheSimpletonMod:CloseScrape","TheSimpletonMod:Fertilaser","TheSimpletonMod:Rake+1","TheSimpletonMod:RootDown","TheSimpletonMod:SeedCoat+1","Pot Of Greed","Pot Of Greed","TheSimpletonMod:BuzzBomb+1","TheSimpletonMod:BuzzBomb+1","TheSimpletonMod:Thresh+1","TheSimpletonMod:DoubleBarrel+1","TheSimpletonMod:GoToMarket+1","TheSimpletonMod:Aerate+1","Master of Strategy","Pot Of Greed","TheSimpletonMod:Swelter+1","TheSimpletonMod:VineRipen","TheSimpletonMod:Swelter+1","TheSimpletonMod:KeenEdge","TheSimpletonMod:Sunchoke+1","TheSimpletonMod:GoToMarket+1","TheSimpletonMod:SeedCoat+1","TheSimpletonMod:DoubleBarrel+1","TheSimpletonMod:VineRipen"],"relics":["TheSimpletonMod:NightSoil","TheSimpletonMod:TheHarvester","ReplayTheSpireMod:DimensionalGlitch","FossilizedHelix","keyreminder:keyreminder","Grinning Jar","Astrolabe","Incense Burner","Replay:Arrowhead","Red Mask","Fusion Hammer","hubris:TenFootPole","Lee\u0027s Waffle","Simple Rune","Calipers","Lantern","Blue Doll"],"acts_visited":["Exordium","TheCity","TheBeyond"],"potions_floor_usage":[7,7,12,16,21,27,29,33,42,50,50,50],"damage_taken":[{"damage":1,"enemies":"Cultist","floor":1,"turns":4},{"damage":0,"enemies":"Small Slimes","floor":3,"turns":3},{"damage":0,"enemies":"2 Louse","floor":4,"turns":2},{"damage":7,"enemies":"Looter","floor":5,"turns":3},{"damage":17,"enemies":"3 Sentries","floor":7,"turns":7},{"damage":0,"enemies":"3 Louse","floor":12,"turns":2},{"damage":12,"enemies":"Gremlin Nob","floor":14,"turns":4},{"damage":0,"enemies":"Slime Boss","floor":16,"turns":5},{"damage":6,"enemies":"Chosen","floor":18,"turns":3},{"damage":0,"enemies":"3 Byrds","floor":21,"turns":4},{"damage":13,"enemies":"Snake Plant","floor":22,"turns":4},{"damage":13,"enemies":"Book of Stabbing","floor":24,"turns":4},{"damage":0,"enemies":"Shelled Parasite and Fungi","floor":27,"turns":5},{"damage":11,"enemies":"Sentry and Sphere","floor":28,"turns":4},{"damage":0,"enemies":"Masked Bandits","floor":29,"turns":1},{"damage":0,"enemies":"Snake Plant","floor":31,"turns":5},{"damage":28,"enemies":"Champ","floor":33,"turns":13},{"damage":0,"enemies":"Orb Walker","floor":35,"turns":2},{"damage":3,"enemies":"3 Shapes","floor":39,"turns":6},{"damage":21,"enemies":"Nemesis","floor":41,"turns":8},{"damage":0,"enemies":"3 Darklings","floor":42,"turns":6},{"damage":1,"enemies":"Giant Head","floor":45,"turns":8},{"damage":8,"enemies":"Sphere and 2 Shapes","floor":46,"turns":4},{"damage":13,"enemies":"Writhing Mass","floor":47,"turns":8},{"damage":0,"enemies":"Nemesis","floor":48,"turns":7},{"damage":41,"enemies":"Time Eater","floor":50,"turns":17}],"seed_played":"-4835573316755203462","potions_obtained":[{"floor":1,"key":"EntropicBrew"},{"floor":7,"key":"AttackPotion"},{"floor":16,"key":"SteroidPotion"},{"floor":18,"key":"SmokeBomb"},{"floor":22,"key":"Energy Potion"},{"floor":35,"key":"EssenceOfSteel"},{"floor":36,"key":"Cursed Concoction"},{"floor":36,"key":"Block Potion"},{"floor":39,"key":"Dexterity Potion"},{"floor":45,"key":"Milkshake"}],"is_trial":false,"path_per_floor":["M","$","M","M","M","R","E","$","T","?","R","M","R","E","R","B",null,"M","$","?","M","M","R","E","R","T","M","M","?","?","M","R","B",null,"M","?","$","?","M","R","E","M","T","R","E","M","M","E","R","B",null],"character_chosen":"THE_SIMPLETON","items_purchased":["TheSimpletonMod:Fertilaser","TheSimpletonMod:Rake","TheSimpletonMod:Aerate","Master of Strategy","Block Potion","Lee\u0027s Waffle","Dexterity Potion"],"campfire_rested":4,"item_purchase_floors":[2,8,19,19,19,37,37],"current_hp_per_floor":[75,75,75,75,70,70,55,55,55,55,55,55,55,45,45,47,68,64,64,64,66,55,55,42,42,42,44,33,35,35,35,57,31,64,66,48,82,78,77,78,59,61,61,78,77,71,58,60,78,37],"gold":189,"neow_bonus":"BOSS_RELIC","is_daily":false,"chose_seed":false,"campfire_upgraded":6,"win_rate":0.0,"timestamp":1613155178,"path_taken":["M","?","M","M","M","R","E","$","T","?","R","M","R","E","R","BOSS","M","$","?","M","M","R","E","R","T","M","M","?","?","M","R","BOSS","M","?","$","?","M","R","E","M","T","R","E","M","?","E","R","BOSS"],"items_purchased_type":["Card","Card","Card","Card","Potion","Relic","Potion"],"build_version":"2020-12-22","purchased_purges":2,"victory":true,"max_hp_per_floor":[75,75,75,75,75,75,75,75,75,75,75,75,75,75,75,75,75,75,75,75,75,75,75,75,75,75,75,75,75,75,75,75,75,75,75,75,82,78,78,78,78,78,78,78,78,78,78,78,78,78],"relic_stats":{"Lee\u0027s Waffle":34,"counters":[26,138],"Astrolabe":["TheSimpletonMod:BuzzBomb","TheSimpletonMod:Thresh","TheSimpletonMod:DoubleBarrel"],"obtain_stats":[{"Lee\u0027s Waffle":37,"Lantern":45,"Calipers":43,"Astrolabe":17,"Blue Doll":48,"Incense Burner":24,"Replay:Arrowhead":26,"TheSimpletonMod:TheHarvester":0,"keyreminder:keyreminder":9,"Simple Rune":41,"Fusion Hammer":34,"TheSimpletonMod:SpudOfTheInnocent":0,"Red Mask":29,"hubris:TenFootPole":36,"Grinning Jar":14,"TheSimpletonMod:NightSoil":0,"ReplayTheSpireMod:DimensionalGlitch":0,"FossilizedHelix":7},{"Lee\u0027s Waffle":18,"Lantern":22,"Calipers":21,"Astrolabe":8,"Blue Doll":25,"Incense Burner":12,"Replay:Arrowhead":12,"TheSimpletonMod:TheHarvester":0,"keyreminder:keyreminder":5,"Simple Rune":20,"Fusion Hammer":17,"TheSimpletonMod:SpudOfTheInnocent":0,"Red Mask":15,"hubris:TenFootPole":18,"Grinning Jar":7,"TheSimpletonMod:NightSoil":0,"ReplayTheSpireMod:DimensionalGlitch":0,"FossilizedHelix":5},{"Lee\u0027s Waffle":75,"Lantern":102,"Calipers":94,"Astrolabe":30,"Blue Doll":121,"Incense Burner":45,"Replay:Arrowhead":45,"TheSimpletonMod:TheHarvester":0,"keyreminder:keyreminder":19,"Simple Rune":89,"Fusion Hammer":73,"TheSimpletonMod:SpudOfTheInnocent":0,"Red Mask":55,"hubris:TenFootPole":75,"Grinning Jar":25,"TheSimpletonMod:NightSoil":0,"ReplayTheSpireMod:DimensionalGlitch":0,"FossilizedHelix":19}]},"card_choices":[{"not_picked":["TheSimpletonMod:DoubleBarrel","TheSimpletonMod:SlashAndBurn"],"picked":"TheSimpletonMod:Rake","floor":1},{"not_picked":["TheSimpletonMod:ControlledBurn","TheSimpletonMod:ToughenUp"],"picked":"TheSimpletonMod:Squash","floor":3},{"not_picked":["TheSimpletonMod:SeedCoat","TheSimpletonMod:CullingStrike"],"picked":"TheSimpletonMod:CloseScrape","floor":4},{"not_picked":["TheSimpletonMod:Thresh","TheSimpletonMod:ToughenUp"],"picked":"TheSimpletonMod:Mulch","floor":5},{"not_picked":["TheSimpletonMod:Sunchoke","TheSimpletonMod:VineRipen"],"picked":"TheSimpletonMod:Fertilaser","floor":7},{"not_picked":["TheSimpletonMod:Sunchoke","TheSimpletonMod:Thresh"],"picked":"TheSimpletonMod:RootDown","floor":12},{"not_picked":["TheSimpletonMod:OnionBloom","TheSimpletonMod:BumperCrop"],"picked":"TheSimpletonMod:SeedCoat","floor":14},{"not_picked":["TheSimpletonMod:VolatileFumes","TheSimpletonMod:Surplus"],"picked":"TheSimpletonMod:BuzzBomb","floor":16},{"not_picked":["TheSimpletonMod:CloseScrape","TheSimpletonMod:Fertilaser"],"picked":"TheSimpletonMod:GoToMarket+1","floor":18},{"not_picked":["TheSimpletonMod:OnionBloom","TheSimpletonMod:Ferment"],"picked":"TheSimpletonMod:Swelter+1","floor":21},{"not_picked":["TheSimpletonMod:Germinate","TheSimpletonMod:Pruning","TheSimpletonMod:Swelter"],"picked":"SKIP","floor":22},{"not_picked":["TheSimpletonMod:Rototilling","TheSimpletonMod:CloseScrape+1","TheSimpletonMod:CullingStrike"],"picked":"SKIP","floor":24},{"not_picked":["TheSimpletonMod:Swelter","TheSimpletonMod:SaltTheEarth","TheSimpletonMod:SlashAndBurn+1"],"picked":"SKIP","floor":27},{"not_picked":["TheSimpletonMod:CullingStrike","TheSimpletonMod:Ferment+1"],"picked":"TheSimpletonMod:VineRipen","floor":28},{"not_picked":["TheSimpletonMod:FanTheFlames","TheSimpletonMod:SlashAndBurn+1"],"picked":"TheSimpletonMod:Swelter+1","floor":31},{"not_picked":["TheSimpletonMod:Sunseed","TheSimpletonMod:RootDown+1","TheSimpletonMod:CullingStrike+1"],"picked":"SKIP","floor":35},{"not_picked":["TheSimpletonMod:SpiceUp","TheSimpletonMod:Polyculture+1"],"picked":"TheSimpletonMod:KeenEdge","floor":36},{"not_picked":["TheSimpletonMod:SlashAndBurn","TheSimpletonMod:PestManagement+1"],"picked":"TheSimpletonMod:Sunchoke+1","floor":39},{"not_picked":["TheSimpletonMod:Biorefinement","TheSimpletonMod:DoubleBarrel"],"picked":"TheSimpletonMod:GoToMarket+1","floor":41},{"not_picked":["TheSimpletonMod:Mulch+1","TheSimpletonMod:Fertilaser+1"],"picked":"TheSimpletonMod:SeedCoat+1","floor":42},{"not_picked":["TheSimpletonMod:GoToMarket+1","TheSimpletonMod:SaladShooter+1","TheSimpletonMod:SoilSample+1"],"picked":"SKIP","floor":45},{"not_picked":["TheSimpletonMod:PestManagement+1","TheSimpletonMod:CloseScrape"],"picked":"TheSimpletonMod:DoubleBarrel+1","floor":46},{"not_picked":["TheSimpletonMod:CropRotation","TheSimpletonMod:PestManagement+1","TheSimpletonMod:KeenEdge"],"picked":"SKIP","floor":47},{"not_picked":["TheSimpletonMod:Rototilling+1","TheSimpletonMod:StockTheCellar"],"picked":"TheSimpletonMod:VineRipen","floor":48}],"player_experience":1111257,"relics_obtained":[{"floor":7,"key":"FossilizedHelix"},{"floor":14,"key":"Grinning Jar"},{"floor":24,"key":"Incense Burner"},{"floor":26,"key":"Replay:Arrowhead"},{"floor":29,"key":"Red Mask"},{"floor":36,"key":"hubris:TenFootPole"},{"floor":41,"key":"Simple Rune"},{"floor":43,"key":"Calipers"},{"floor":45,"key":"Lantern"},{"floor":48,"key":"Blue Doll"}],"event_choices":[{"damage_healed":0,"gold_gain":0,"player_choice":"Ignored","damage_taken":0,"max_hp_gain":0,"max_hp_loss":0,"event_name":"Vampires","floor":20,"gold_loss":0},{"damage_healed":0,"gold_gain":0,"player_choice":"Fought Bandits","damage_taken":0,"max_hp_gain":0,"max_hp_loss":0,"event_name":"Masked Bandits","floor":29,"gold_loss":0},{"damage_healed":0,"gold_gain":0,"player_choice":"Max HP","damage_taken":0,"max_hp_gain":0,"max_hp_loss":4,"event_name":"Winding Halls","floor":38,"gold_loss":0}],"is_beta":false,"boss_relics":[{"not_picked":["Philosopher\u0027s Stone","reliquary:KinkedSpring"],"picked":"Astrolabe"},{"not_picked":["Abe\u0027s Treasure","reliquary:RedCape"],"picked":"Fusion Hammer"}],"items_purged_floors":[8,37],"is_endless":false,"potions_floor_spawned":[1,7,16,18,22,24,35,39,45],"ascension_level":5}}