{"host":"bvp2uifzy1c463d9","time":1613166907,"event":{"mods":["AchievementEnabler","BaseMod","Block Reminder","Bossed Relics","ChefMod","Colored Map","Colored Powertips","Energized Spire","Hermit","Highlight Path","Hubris","Infinite Spire","Minty Spire (QoL Compilation)","Random Character Button","Relic Sorter","Relic Stats","Reliquary","Replay The Spire","StSLib","The Blue Laboratory","The Jungle","The Servant 0.9.4","Wandering Minibosses"],"gold_per_floor":[117,192,192,206,206,237,249,274,274,299,316,348,364,364,364,465,465,475,488,488,234,245,276,296,325,422,451,451,483,483,516,602,697,697,809,877,877,811,811],"floor_reached":38,"language":"ENG","playtime":1087,"items_purged":[],"score":1092,"play_id":"90893876-4b2d-497f-b179-d146f51f5800","local_time":"20210212155507","is_ascension_mode":true,"campfire_choices":[{"floor":28,"key":"REST"},{"floor":30,"key":"REST"}],"circlet_count":0,"master_deck":[],"relics":["Burning Blood","Replay:Baseball","Unceasing Top","Pantograph","Strawberry","Molten Egg 2","Boot","King of Hearts","Nunchaku","infinitespire:Beetle Shell","hubris:FruitBowl","Onion Ring","Juzu Bracelet","Medical Kit","hubris:Potato","Fusion Hammer","reliquary:HotPoker","hubris:MobiusCoin","Dream Catcher","reliquary:SilkGlove","reliquary:SharkskinSheath","Bronze Scales","Oddly Smooth Stone","infinitespire:CursedDice","Philosopher\u0027s Stone","infinitespire:EvilPickle"],"acts_visited":["Exordium","TheCity","TheBeyond"],"potions_floor_usage":[38,38,38],"damage_taken":[{"damage":0,"enemies":"2 Louse","floor":1,"turns":1},{"damage":0,"enemies":"Jaw Worm","floor":4,"turns":1},{"damage":0,"enemies":"3 Sentries","floor":6,"turns":1},{"damage":0,"enemies":"Cultist","floor":7,"turns":1},{"damage":0,"enemies":"Gremlin Nob","floor":8,"turns":1},{"damage":0,"enemies":"Lagavulin","floor":10,"turns":1},{"damage":0,"enemies":"Exordium Wildlife","floor":11,"turns":1},{"damage":0,"enemies":"Gremlin Nob","floor":12,"turns":1},{"damage":0,"enemies":"Exordium Thugs","floor":13,"turns":1},{"damage":0,"enemies":"Slime Boss","floor":16,"turns":1},{"damage":0,"enemies":"Chosen","floor":18,"turns":1},{"damage":0,"enemies":"Shell Parasite","floor":19,"turns":1},{"damage":0,"enemies":"Shelled Parasite and Fungi","floor":22,"turns":1},{"damage":0,"enemies":"Slavers","floor":23,"turns":1},{"damage":0,"enemies":"Snecko","floor":24,"turns":1},{"damage":0,"enemies":"Gremlin Leader","floor":25,"turns":1},{"damage":0,"enemies":"Book of Stabbing","floor":27,"turns":1},{"damage":0,"enemies":"Gremlin Leader","floor":29,"turns":1},{"damage":0,"enemies":"Replay:Snechameleon","floor":31,"turns":1},{"damage":0,"enemies":"Pondfish","floor":33,"turns":2},{"damage":0,"enemies":"3 Shapes","floor":35,"turns":1},{"damage":0,"enemies":"3 Darklings","floor":36,"turns":1},{"damage":104,"enemies":"4 Shapes","floor":38,"turns":6}],"seed_played":"-1112978357948466068","potions_obtained":[{"floor":4,"key":"EntropicBrew"},{"floor":7,"key":"LiquidBronze"},{"floor":11,"key":"blueLaboratory:PyrophylliteBrew"}],"is_trial":false,"path_per_floor":["M","?","T","M","?","E","M","E","T","E","M","E","M","$","R_BF","B",null,"M","M","?","$","M","E","M","E","T","E","R","E","R","E","R_BF","B",null,"M","M","?","M"],"character_chosen":"IRONCLAD","items_purchased":["hubris:FruitBowl","Onion Ring","Juzu Bracelet","Medical Kit","hubris:Potato","Ginger","hubris:MobiusCoin"],"campfire_rested":2,"item_purchase_floors":[14,14,14,14,14,14,21],"current_hp_per_floor":[88,77,77,83,83,89,95,95,95,95,95,95,95,1,29,60,95,95,95,95,95,95,95,95,95,95,95,95,95,95,95,95,95,95,95,95,95,0,0],"gold":811,"neow_bonus":"TEN_PERCENT_HP_BONUS","is_daily":false,"chose_seed":false,"campfire_upgraded":0,"win_rate":0.0,"timestamp":1613166907,"path_taken":["M","?","?","?","?","E","M","E","T","E","M","E","M","?","R_BF","BOSS","M","M","?","$","M","E","M","E","T","E","R","E","R","E","R_BF","BOSS","M","M","?","M"],"items_purchased_type":["Relic","Relic","Relic","Relic","Relic","Relic","Relic"],"build_version":"2020-12-22","purchased_purges":0,"victory":false,"max_hp_per_floor":[88,88,88,88,95,95,95,95,95,95,95,95,95,95,95,95,95,95,95,95,95,95,95,95,95,95,95,95,95,95,95,95,95,95,95,95,95,95,95],"relic_stats":{"Nunchaku":[9],"Dream Catcher":2,"counters":[23,29],"Pantograph":25,"Bronze Scales":[21],"Juzu Bracelet":0,"Boot":[16],"Medical Kit":[16],"obtain_stats":[{"reliquary:SilkGlove":25,"King of Hearts":9,"Juzu Bracelet":14,"Ginger":14,"Boot":8,"Burning Blood":0,"Nunchaku":10,"reliquary:HotPoker":20,"Dream Catcher":23,"Pantograph":3,"Strawberry":5,"Philosopher\u0027s Stone":34,"Fusion Hammer":17,"reliquary:SharkskinSheath":26,"hubris:MobiusCoin":21,"infinitespire:CursedDice":31,"Oddly Smooth Stone":29,"hubris:FruitBowl":14,"infinitespire:Beetle Shell":12,"Medical Kit":14,"infinitespire:EvilPickle":35,"Replay:Baseball":0,"Bronze Scales":27,"Molten Egg 2":6,"Onion Ring":14,"Unceasing Top":0,"hubris:Potato":14},{"reliquary:SilkGlove":16,"King of Hearts":5,"Juzu Bracelet":9,"Ginger":9,"Boot":5,"Burning Blood":0,"Nunchaku":6,"reliquary:HotPoker":12,"Dream Catcher":14,"Pantograph":1,"Strawberry":2,"Philosopher\u0027s Stone":20,"Fusion Hammer":10,"reliquary:SharkskinSheath":16,"hubris:MobiusCoin":12,"infinitespire:CursedDice":19,"Oddly Smooth Stone":18,"hubris:FruitBowl":9,"infinitespire:Beetle Shell":8,"Medical Kit":9,"infinitespire:EvilPickle":21,"Replay:Baseball":0,"Bronze Scales":17,"Molten Egg 2":3,"Onion Ring":9,"Unceasing Top":0,"hubris:Potato":9},{"reliquary:SilkGlove":16,"King of Hearts":5,"Juzu Bracelet":9,"Ginger":9,"Boot":5,"Burning Blood":0,"Nunchaku":6,"reliquary:HotPoker":12,"Dream Catcher":14,"Pantograph":1,"Strawberry":2,"Philosopher\u0027s Stone":21,"Fusion Hammer":10,"reliquary:SharkskinSheath":16,"hubris:MobiusCoin":12,"infinitespire:CursedDice":19,"Oddly Smooth Stone":18,"hubris:FruitBowl":9,"infinitespire:Beetle Shell":8,"Medical Kit":9,"infinitespire:EvilPickle":22,"Replay:Baseball":0,"Bronze Scales":17,"Molten Egg 2":3,"Onion Ring":9,"Unceasing Top":0,"hubris:Potato":9}],"Burning Blood":24,"Unceasing Top":[104]},"card_choices":[{"not_picked":["True Grit","Shrug It Off","Pommel Strike"],"picked":"SKIP","floor":1},{"not_picked":["Anger","Wild Strike","Body Slam"],"picked":"SKIP","floor":4},{"not_picked":["Havoc","ReplayTheSpireMod:Limb From Limb+1","Exhume"],"picked":"SKIP","floor":6},{"not_picked":["Havoc","ReplayTheSpireMod:Limb From Limb+1","Exhume"],"picked":"SKIP","floor":6},{"not_picked":["ReplayTheSpireMod:Corrosion Curse","Iron Wave+1","Headbutt+1"],"picked":"SKIP","floor":7},{"not_picked":["Clothesline+1","ReplayTheSpireMod:Stacked","Pommel Strike+1"],"picked":"SKIP","floor":8},{"not_picked":["Uppercut+1","True Grit","Blood for Blood+1"],"picked":"SKIP","floor":10},{"not_picked":["Reckless Charge+1","Cleave+1","Sword Boomerang+1"],"picked":"SKIP","floor":11},{"not_picked":["Reckless Charge+1","Seeing Red","Heavy Blade+1"],"picked":"SKIP","floor":12},{"not_picked":["Shockwave","True Grit","Shrug It Off"],"picked":"SKIP","floor":13},{"not_picked":["Run Through+1","Clothesline+1","Warcry"],"picked":"SKIP","floor":18},{"not_picked":["Thunderclap+1","Replay:Undeath\u0027s Touch+1","Twin Strike+1"],"picked":"SKIP","floor":19},{"not_picked":["hubris:ReadiedAction","Pommel Strike+1","Blood for Blood+1"],"picked":"SKIP","floor":22},{"not_picked":["Fire Breathing","Barricade","Replay:Undeath\u0027s Touch+1"],"picked":"SKIP","floor":23},{"not_picked":["Body Slam+1","Warcry","Havoc+1"],"picked":"SKIP","floor":24},{"not_picked":["Havoc","ReplayTheSpireMod:Muscle Training","Warcry"],"picked":"SKIP","floor":25},{"not_picked":["Shrug It Off","Warcry","Thunderclap+1"],"picked":"SKIP","floor":27},{"not_picked":["Headbutt+1","Twin Strike+1","Armaments"],"picked":"SKIP","floor":29},{"not_picked":["Sentinel","ReplayTheSpireMod:Strike From Hell+1","Ghostly Armor+1"],"picked":"SKIP","floor":31},{"not_picked":["Run Through+1","hubris:ReadiedAction+1","Body Slam+1"],"picked":"SKIP","floor":35},{"not_picked":["Run Through+1","hubris:ReadiedAction+1","Body Slam+1"],"picked":"SKIP","floor":35},{"not_picked":["Cleave+1","Replay:Undeath\u0027s Touch+1","Bludgeon+1"],"picked":"SKIP","floor":36}],"player_experience":304090,"relics_obtained":[{"floor":3,"key":"Pantograph"},{"floor":6,"key":"Molten Egg 2"},{"floor":8,"key":"Boot"},{"floor":9,"key":"King of Hearts"},{"floor":10,"key":"Nunchaku"},{"floor":12,"key":"infinitespire:Beetle Shell"},{"floor":23,"key":"Dream Catcher"},{"floor":25,"key":"reliquary:SilkGlove"},{"floor":26,"key":"reliquary:SharkskinSheath"},{"floor":27,"key":"Bronze Scales"},{"floor":29,"key":"Oddly Smooth Stone"},{"floor":31,"key":"infinitespire:CursedDice"}],"event_choices":[{"damage_healed":0,"gold_gain":75,"player_choice":"Gather Gold","damage_taken":11,"max_hp_gain":0,"max_hp_loss":0,"event_name":"World of Goop","floor":2,"gold_loss":0},{"damage_healed":0,"gold_gain":0,"player_choice":"Success","damage_taken":7,"relics_obtained":["Strawberry"],"max_hp_gain":0,"max_hp_loss":0,"event_name":"Scrap Ooze","floor":5,"gold_loss":0},{"damage_healed":0,"gold_gain":0,"player_choice":"Opened","damage_taken":0,"relics_obtained":["reliquary:HotPoker"],"max_hp_gain":0,"max_hp_loss":0,"event_name":"The Mausoleum","floor":20,"gold_loss":0},{"cards_removed":["Rampage"],"damage_healed":0,"gold_gain":0,"player_choice":"Card Removal","damage_taken":0,"max_hp_gain":0,"max_hp_loss":0,"event_name":"Wheel of Change","floor":37,"gold_loss":0}],"is_beta":false,"boss_relics":[{"not_picked":["reliquary:RedPaperclip","Replay:Fungal Core"],"picked":"Fusion Hammer"},{"not_picked":["Sozu","Replay:Grab Bag"],"picked":"Philosopher\u0027s Stone"}],"items_purged_floors":[],"is_endless":false,"potions_floor_spawned":[4,7,8,11,16,18,19,27,29,36],"killed_by":"4 Shapes","ascension_level":4}}