{"host":"no5f9c6q31porkj5","time":1613125684,"event":{"mods":["BaseMod","Marisa£¨Ùöéë¡¡Øª×âÞÞ£©","Minty Spire (QoL Compilation)","StSLib","Td1madao Mod","The Cursed","The Gatherer","The Runesmith"],"gold_per_floor":[212,136,136,136,150,165,165,176,245,245,102,119,219,235,235,339,339,354,18,18,0,0,0,18,36,36,36,36,36,36],"floor_reached":29,"language":"KOR","playtime":1269,"items_purged":[],"score":213,"play_id":"063622cf-50ca-411a-85ee-37529739c819","local_time":"20210212192804","is_ascension_mode":false,"campfire_choices":[{"data":"Anger","floor":10,"key":"SMITH"},{"floor":15,"key":"REST"},{"data":"Defend_R","floor":23,"key":"SMITH"},{"floor":27,"key":"REST"}],"circlet_count":0,"master_deck":["Strike_R","Strike_R+1","Strike_R","Strike_R","Strike_R","Defend_R","Defend_R+1","Defend_R+1","Defend_R","Dual Wield","Flex+1","Anger+1","Flex","Inflame","Feed","Twin Strike","Heavy Blade","Finesse"],"relics":["Burning Blood","SacredBark","Kunai","InkBottle","Nloth\u0027s Gift"],"acts_visited":["Exordium","TheCity"],"potions_floor_usage":[16],"damage_taken":[{"damage":10,"enemies":"Jaw Worm","floor":1,"turns":4},{"damage":9,"enemies":"Cultist","floor":5,"turns":4},{"damage":0,"enemies":"Small Slimes","floor":6,"turns":2},{"damage":9,"enemies":"Exordium Wildlife","floor":8,"turns":4},{"damage":2,"enemies":"2 Fungi Beasts","floor":12,"turns":3},{"damage":10,"enemies":"Lots of Slimes","floor":14,"turns":5},{"damage":27,"enemies":"Slime Boss","floor":16,"turns":8},{"damage":24,"enemies":"2 Thieves","floor":18,"turns":4},{"damage":33,"enemies":"3 Byrds","floor":24,"turns":6},{"damage":23,"enemies":"3 Cultists","floor":25,"turns":6},{"damage":45,"enemies":"Snake Plant","floor":29,"turns":4}],"seed_played":"-8233860468061891551","potions_obtained":[{"floor":1,"key":"Dexterity Potion"},{"floor":12,"key":"BlessingOfTheForge"},{"floor":14,"key":"Fire Potion"},{"floor":24,"key":"SteroidPotion"}],"is_trial":false,"path_per_floor":["M","$","?","?","M","M","?","M","T","R","$","M","?","M","R","B",null,"M","$","?","?","?","R","M","M","T","R","?","M"],"character_chosen":"IRONCLAD","items_purchased":["Flex","Armaments","Inflame","Feed","Finesse","Kunai"],"campfire_rested":2,"item_purchase_floors":[2,2,11,11,19,19],"current_hp_per_floor":[76,76,76,80,77,80,64,61,61,61,61,65,65,64,83,62,83,65,65,65,65,65,65,38,21,21,45,45,0,0],"gold":36,"neow_bonus":"HUNDRED_GOLD","is_daily":false,"chose_seed":false,"campfire_upgraded":2,"win_rate":0.0,"timestamp":1613125684,"path_taken":["M","$","?","?","M","?","?","M","T","R","?","M","?","M","R","BOSS","M","?","?","?","?","R","?","M","T","R","?","?"],"items_purchased_type":["Card","Card","Card","Card","Card","Relic"],"build_version":"2020-12-22","purchased_purges":0,"victory":false,"max_hp_per_floor":[80,80,80,80,80,80,80,80,80,80,80,80,80,83,83,83,83,83,83,83,83,83,83,83,83,83,83,83,83,83],"card_choices":[{"not_picked":["Iron Wave","Thunderclap"],"picked":"Dual Wield","floor":1},{"not_picked":["Headbutt","Iron Wave"],"picked":"Anger","floor":5},{"not_picked":["Perfected Strike","Feel No Pain","Offering"],"picked":"SKIP","floor":6},{"not_picked":["Headbutt","Cleave"],"picked":"Flex","floor":8},{"not_picked":["Warcry","Headbutt","Searing Blow"],"picked":"SKIP","floor":12},{"not_picked":["Clothesline","Carnage"],"picked":"Twin Strike","floor":14},{"not_picked":["Sword Boomerang","Headbutt+1"],"picked":"Heavy Blade","floor":18},{"not_picked":["Blood for Blood","Feel No Pain+1","Searing Blow"],"picked":"SKIP","floor":24},{"not_picked":["Sever Soul","Clash","Juggernaut"],"picked":"SKIP","floor":25}],"player_experience":116538,"relics_obtained":[{"floor":9,"key":"Ornamental Fan"},{"floor":26,"key":"InkBottle"}],"event_choices":[{"damage_healed":0,"gold_gain":0,"player_choice":"Grow","damage_taken":0,"max_hp_gain":0,"max_hp_loss":0,"event_name":"Living Wall","floor":3,"gold_loss":0,"cards_upgraded":["Defend_R"]},{"cards_removed":["Armaments"],"damage_healed":5,"gold_gain":0,"player_choice":"Offered Common","damage_taken":0,"max_hp_gain":0,"max_hp_loss":0,"event_name":"Bonfire Elementals","floor":4,"gold_loss":0},{"cards_removed":["Armaments"],"damage_healed":5,"gold_gain":0,"player_choice":"Offered Special","damage_taken":0,"max_hp_gain":0,"max_hp_loss":0,"event_name":"Bonfire Elementals","floor":4,"gold_loss":0},{"damage_healed":0,"gold_gain":0,"player_choice":"Entered Light","damage_taken":16,"max_hp_gain":0,"max_hp_loss":0,"event_name":"Shining Light","floor":7,"gold_loss":0,"cards_upgraded":["Flex","Strike_R"]},{"damage_healed":0,"gold_gain":100,"player_choice":"Pray","damage_taken":0,"max_hp_gain":0,"max_hp_loss":0,"event_name":"Golden Shrine","floor":13,"gold_loss":0},{"damage_healed":0,"gold_gain":0,"player_choice":"Ignored","damage_taken":0,"max_hp_gain":0,"max_hp_loss":0,"event_name":"Ghosts","floor":20,"gold_loss":0},{"damage_healed":0,"gold_gain":0,"player_choice":"Paid Fearfully","damage_taken":0,"max_hp_gain":0,"max_hp_loss":0,"event_name":"Masked Bandits","floor":21,"gold_loss":18},{"cards_removed":["Bash"],"damage_healed":0,"gold_gain":0,"player_choice":"Purged","damage_taken":0,"max_hp_gain":0,"max_hp_loss":0,"event_name":"Purifier","floor":22,"gold_loss":0},{"damage_healed":0,"gold_gain":0,"player_choice":"Traded Relic","damage_taken":0,"relics_obtained":["Nloth\u0027s Gift"],"max_hp_gain":0,"max_hp_loss":0,"event_name":"N\u0027loth","floor":28,"relics_lost":["Ornamental Fan"],"gold_loss":0}],"is_beta":false,"boss_relics":[{"not_picked":["Runesmith:UraniumAnvil","Philosopher\u0027s Stone"],"picked":"SacredBark"}],"items_purged_floors":[],"is_endless":false,"potions_floor_spawned":[1,12,14,24],"killed_by":"Snake Plant","ascension_level":0}}