{"host":"b7j598ve05halrwk","time":1613105720,"event":{"mods":["2.2 Compatiblity","BaseMod","Block Reminder","DeckTracker","Minty Spire (QoL Compilation)","Relic Stats","Slay the Relics Exporter","StSLib","ojb\u0027s Better Paths Mod","ojb\u0027s Info Mod"],"gold_per_floor":[13,25,25,45,57,57,83,8,31,41,74,100,111,143,143,218,218,238,250,430,448,5,22,32,32,32],"floor_reached":25,"language":"ENG","playtime":1806,"items_purged":["Strike_R"],"score":441,"play_id":"e99c8f30-376b-49c0-a13d-57c5f5da802c","local_time":"20210211235520","is_ascension_mode":true,"campfire_choices":[{"data":"Bash","floor":6.0,"key":"SMITH"},{"data":"Fire Breathing","floor":15.0,"key":"SMITH"}],"circlet_count":0,"master_deck":["AscendersBane","Strike_R","Strike_R","Strike_R","Defend_R","Defend_R","Defend_R","Defend_R","Bash+1","Immolate","Sever Soul","Metallicize","Impervious","Anger","Rage","Shrug It Off","Headbutt","True Grit","Brutality","Fire Breathing+1","Exhume","Offering","Dual Wield","Shrug It Off+1","Infernal Blade","Reckless Charge"],"relics":["Burning Blood","Boot","Bag of Preparation","Toy Ornithopter","Odd Mushroom","Strawberry","Philosopher\u0027s Stone","Strange Spoon","Incense Burner"],"acts_visited":["Exordium","TheCity"],"potions_floor_usage":[21,21,21,25,25],"damage_taken":[{"damage":1.0,"enemies":"Cultist","floor":1.0,"turns":4.0},{"damage":0.0,"enemies":"2 Louse","floor":2.0,"turns":3.0},{"damage":4.0,"enemies":"Jaw Worm","floor":4.0,"turns":4.0},{"damage":14.0,"enemies":"Large Slime","floor":5.0,"turns":6.0},{"damage":22.0,"enemies":"Gremlin Nob","floor":7.0,"turns":4.0},{"damage":2.0,"enemies":"Red Slaver","floor":10.0,"turns":6.0},{"damage":0.0,"enemies":"3 Sentries","floor":11.0,"turns":3.0},{"damage":0.0,"enemies":"The Mushroom Lair","floor":12.0,"turns":2.0},{"damage":1.0,"enemies":"Lots of Slimes","floor":13.0,"turns":2.0},{"damage":22.0,"enemies":"Gremlin Nob","floor":14.0,"turns":4.0},{"damage":42.0,"enemies":"Hexaghost","floor":16.0,"turns":11.0},{"damage":7,"enemies":"Chosen","floor":18,"turns":4},{"damage":10,"enemies":"Spheric Guardian","floor":19,"turns":3},{"damage":14,"enemies":"3 Cultists","floor":21,"turns":4},{"damage":31,"enemies":"Shelled Parasite and Fungi","floor":23,"turns":7},{"damage":10,"enemies":"Centurion and Healer","floor":24,"turns":14},{"damage":41,"enemies":"Gremlin Leader","floor":25,"turns":5}],"seed_played":"-9187456648742045390","potions_obtained":[{"floor":1.0,"key":"Weak Potion"},{"floor":2.0,"key":"SkillPotion"},{"floor":4.0,"key":"FearPotion"},{"floor":10.0,"key":"BlessingOfTheForge"},{"floor":11.0,"key":"EntropicBrew"},{"floor":12.0,"key":"Swift Potion"},{"floor":18,"key":"LiquidBronze"},{"floor":24,"key":"Swift Potion"}],"is_trial":false,"path_per_floor":["M","M","?","M","M","R","E","$","T","M","E","?","M","E","R","B",null,"M","M","?","M","$","M","M","E"],"character_chosen":"IRONCLAD","items_purchased":["Strange Spoon","Incense Burner"],"campfire_rested":0,"item_purchase_floors":[22,22],"current_hp_per_floor":[73,75,75,75,67,67,51,51,51,55,61,67,75,66,66,30,69,68,64,45,52,52,27,23,0,0],"gold":32,"neow_bonus":"THREE_RARE_CARDS","is_daily":false,"chose_seed":false,"campfire_upgraded":2,"win_rate":0.0,"timestamp":1613105720,"path_taken":["M","?","?","?","M","R","E","?","T","M","E","?","M","E","R","BOSS","M","M","?","?","$","?","M","E"],"items_purchased_type":["Relic","Relic"],"build_version":"2020-12-22","purchased_purges":1,"victory":false,"max_hp_per_floor":[75,75,75,75,75,75,75,75,75,75,75,75,75,82,82,82,82,82,82,82,82,82,82,82,82,82],"relic_stats":{"Strange Spoon":[10],"counters":[17,86],"Bag of Preparation":[24],"Boot":[8],"obtain_stats":[{"Strange Spoon":22,"Strawberry":14,"Philosopher\u0027s Stone":17,"Bag of Preparation":9,"Incense Burner":22,"Odd Mushroom":12,"Boot":7,"Burning Blood":0,"Toy Ornithopter":11},{"Strange Spoon":14,"Strawberry":10,"Philosopher\u0027s Stone":11,"Bag of Preparation":5,"Incense Burner":14,"Odd Mushroom":8,"Boot":5,"Burning Blood":0,"Toy Ornithopter":7},{"Strange Spoon":60,"Strawberry":38,"Philosopher\u0027s Stone":49,"Bag of Preparation":21,"Incense Burner":60,"Odd Mushroom":32,"Boot":21,"Burning Blood":0,"Toy Ornithopter":30}],"Burning Blood":88,"Toy Ornithopter":30},"card_choices":[{"not_picked":["Berserk","Corruption"],"picked":"Immolate","floor":0.0},{"not_picked":["True Grit","Pommel Strike"],"picked":"Sever Soul","floor":1.0},{"not_picked":["Rampage","Hemokinesis"],"picked":"Metallicize","floor":2.0},{"not_picked":["Clash","Havoc"],"picked":"Anger","floor":4.0},{"not_picked":["Carnage","Intimidate"],"picked":"Rage","floor":5.0},{"not_picked":["Twin Strike","Infernal Blade"],"picked":"Shrug It Off","floor":7.0},{"not_picked":["Warcry","Thunderclap"],"picked":"Headbutt","floor":10.0},{"not_picked":["Headbutt","Flex"],"picked":"True Grit","floor":11.0},{"not_picked":["Flex","Sword Boomerang"],"picked":"Brutality","floor":12.0},{"not_picked":["Armaments","Pommel Strike"],"picked":"Fire Breathing","floor":13.0},{"not_picked":["Headbutt","Intimidate"],"picked":"Exhume","floor":14.0},{"not_picked":["Berserk","Corruption"],"picked":"Offering","floor":16.0},{"not_picked":["Sword Boomerang","Warcry"],"picked":"Dual Wield","floor":18},{"not_picked":["Searing Blow+1","Sword Boomerang","Thunderclap"],"picked":"SKIP","floor":19},{"not_picked":["Perfected Strike","Uppercut"],"picked":"Shrug It Off+1","floor":21},{"not_picked":["Sword Boomerang","Heavy Blade"],"picked":"Infernal Blade","floor":23},{"not_picked":["Body Slam+1","Offering"],"picked":"Reckless Charge","floor":24}],"player_experience":1137014,"relics_obtained":[{"floor":7.0,"key":"Boot"},{"floor":9.0,"key":"Bag of Preparation"},{"floor":11.0,"key":"Toy Ornithopter"},{"floor":12.0,"key":"Odd Mushroom"},{"floor":14.0,"key":"Strawberry"}],"event_choices":[{"damage_healed":0.0,"max_hp_gain":0.0,"max_hp_loss":0.0,"gold_gain":0.0,"cards_transformed":["Strike_R"],"event_name":"Transmorgrifier","player_choice":"Transformed","floor":3.0,"gold_loss":0.0,"damage_taken":0.0,"cards_obtained":["Impervious"]},{"damage_healed":0.0,"max_hp_gain":0.0,"max_hp_loss":0.0,"gold_gain":0.0,"event_name":"Mushrooms","player_choice":"Fought Mushrooms","floor":12.0,"gold_loss":0.0,"damage_taken":0.0},{"damage_healed":0,"gold_gain":180,"player_choice":"GOLD GOLD ","damage_taken":19,"max_hp_gain":0,"max_hp_loss":0,"event_name":"Knowing Skull","floor":20,"potions_obtained":[],"gold_loss":0,"cards_obtained":[]}],"is_beta":false,"boss_relics":[{"not_picked":["Black Blood","Empty Cage"],"picked":"Philosopher\u0027s Stone"}],"items_purged_floors":[8],"is_endless":false,"potions_floor_spawned":[1,2,4,10,11,12,18,24],"killed_by":"Gremlin Leader","ascension_level":15}}