{"host":"vflj39ie5n27t074","time":1613094488,"event":{"mods":["BaseMod","BetterRewards","Bossed Relics","Colored Map","Colored Powertips","Downfall","Hubris","Infinite Spire","Marisa????????","Minty Spire (QoL Compilation)","Replay The Spire","SIMod","StSLib","The Bug Knight","The Jungle","The Mystic","The Servant 0.9.4"],"gold_per_floor":[116,116,116,134,150,150,150,150,220,220,220,236,236,255,255,255,255],"floor_reached":16,"language":"ENG","playtime":619,"items_purged":[],"score":90,"play_id":"4d157e88-b9dc-4454-bf8a-62bef453a905","local_time":"20210211194808","is_ascension_mode":false,"campfire_choices":[{"data":"ConcertedEfforts","floor":6,"key":"SMITH"},{"data":"Lasso","floor":8,"key":"SMITH"},{"data":"ServeMeal","floor":11,"key":"SMITH"},{"data":"BehindTheScene","floor":15,"key":"SMITH"}],"circlet_count":0,"master_deck":["Strike_AJ","Strike_TS+1","Strike_RR","Strike_RD","Defend_TS+1","Defend_PP","Defend_FS","Defend_AJ","ConcertedEfforts+1","HarmonyShield","ServeMeal+1","AllByMyself","Lasso+1","Batlization","BehindTheScene+1","PartyTime","FollowTherRainbow+1","Tornado","AppleFever"],"relics":["The_element_of_harmony","Golden Idol","hubris:MobiusCoin","infinitespire:Lucky Rock"],"acts_visited":["Exordium"],"potions_floor_usage":[],"damage_taken":[{"damage":0,"enemies":"Small Slimes","floor":1,"turns":3},{"damage":5,"enemies":"Cultist","floor":4,"turns":5},{"damage":5,"enemies":"2 Louse","floor":5,"turns":3},{"damage":7,"enemies":"Large Slime","floor":12,"turns":6},{"damage":8,"enemies":"Red Slaver","floor":14,"turns":4},{"damage":57,"enemies":"Fading Forest","floor":16,"turns":7}],"seed_played":"9004131060090828576","potions_obtained":[{"floor":3,"key":"FearPotion"},{"floor":3,"key":"SmokeBomb"},{"floor":3,"key":"Toxic Potion"},{"floor":4,"key":"EntropicBrew"}],"is_trial":false,"path_per_floor":["M","?","?","M","M","R","?","R","T","?","R","M","?","M","R","B"],"character_chosen":"TWI_CLASS","items_purchased":[],"campfire_rested":0,"item_purchase_floors":[],"current_hp_per_floor":[90,72,72,67,62,62,62,62,62,62,62,55,55,47,47,0,0],"gold":255,"neow_bonus":"TEN_PERCENT_HP_BONUS","is_daily":false,"chose_seed":false,"campfire_upgraded":4,"win_rate":0.0,"timestamp":1613094488,"path_taken":["M","?","?","M","?","R","?","R","T","?","R","?","?","M","R","BOSS"],"items_purchased_type":[],"build_version":"2020-12-22","purchased_purges":0,"victory":false,"max_hp_per_floor":[90,90,90,90,90,90,83,83,83,83,83,83,83,83,83,83,83],"card_choices":[{"not_picked":["Smile"],"picked":"ServeMeal","floor":1},{"not_picked":["Yay"],"picked":"AllByMyself","floor":1},{"not_picked":["Charge"],"picked":"Lasso","floor":4},{"not_picked":["Mischief"],"picked":"Batlization","floor":4},{"not_picked":["ThunderCloud"],"picked":"BehindTheScene","floor":5},{"not_picked":["KillingWithKindness","HideCarefully"],"picked":"SKIP","floor":5},{"not_picked":["PartyCana"],"picked":"PartyTime","floor":12},{"not_picked":["FarmExpert"],"picked":"FollowTherRainbow","floor":12},{"not_picked":["FriendOfNature"],"picked":"Tornado","floor":14},{"not_picked":["Winterwrapup"],"picked":"AppleFever","floor":14}],"player_experience":136383,"relics_obtained":[{"floor":9,"key":"hubris:MobiusCoin"}],"event_choices":[{"damage_healed":0,"gold_gain":0,"player_choice":"Entered Light","damage_taken":18,"max_hp_gain":0,"max_hp_loss":0,"event_name":"Shining Light","floor":2,"gold_loss":0,"cards_upgraded":["Defend_TS","Strike_TS"]},{"damage_healed":0,"gold_gain":0,"player_choice":"Got Potions","damage_taken":0,"max_hp_gain":0,"max_hp_loss":0,"event_name":"Lab","floor":3,"gold_loss":0},{"damage_healed":0,"gold_gain":0,"player_choice":"Lose Max HP","damage_taken":0,"relics_obtained":["Golden Idol"],"max_hp_gain":0,"max_hp_loss":7,"event_name":"Golden Idol","floor":7,"gold_loss":0},{"damage_healed":0,"gold_gain":0,"player_choice":"Gave Potion","damage_taken":0,"relics_obtained":["infinitespire:Lucky Rock"],"max_hp_gain":0,"max_hp_loss":0,"event_name":"WeMeetAgain","floor":10,"gold_loss":0}],"is_beta":false,"boss_relics":[],"items_purged_floors":[],"is_endless":false,"potions_floor_spawned":[4],"killed_by":"Fading Forest","ascension_level":0}}