{"host":"Sylvester","time":1613098833,"event":{"mods":["AchievementEnabler","BaseMod","Filter the Spire","Lobotomy","Minty Spire (QoL Compilation)","Replay The Spire","StSLib"],"gold_per_floor":[119,134,149,149,162,162,217,244,325,360,441,451,463,476,476,476,476],"floor_reached":16,"language":"ENG","playtime":524,"items_purged":[],"score":278,"play_id":"0d5817f0-4a4b-4376-b27e-3f437fe43d44","local_time":"20210211190033","is_ascension_mode":true,"campfire_choices":[{"data":"Phantasmal Killer","floor":6,"key":"SMITH"},{"floor":15,"key":"REST"}],"circlet_count":0,"master_deck":["AscendersBane","Strike_G","Strike_G","Strike_G","Strike_G","Strike_G","Defend_G","Defend_G","Defend_G","Defend_G","Survivor","Neutralize","BlackAim","Strike_R","Phantasmal Killer+1","Bane","Dagger Throw","Catalyst","Die Die Die+1","Blade Dance","Blade Dance","PiercingWail","Prepared","Bouncing Flask","Toxin Wave"],"relics":["Ring of the Snake","StoneCalendar","Boot","Onion Ring","Snack Pack"],"acts_visited":["Exordium"],"potions_floor_usage":[8,13,14],"damage_taken":[{"damage":0.0,"enemies":"2 Louse","floor":1.0,"turns":4.0},{"damage":0.0,"enemies":"Jaw Worm","floor":2.0,"turns":6.0},{"damage":2.0,"enemies":"Small Slimes","floor":3.0,"turns":4.0},{"damage":0,"enemies":"Looter","floor":5,"turns":3},{"damage":6,"enemies":"3 Sentries","floor":7,"turns":3},{"damage":12,"enemies":"Gremlin Nob","floor":8,"turns":2},{"damage":10,"enemies":"3 Sentries","floor":10,"turns":5},{"damage":0,"enemies":"2 Fungi Beasts","floor":12,"turns":3},{"damage":0,"enemies":"Blue Slaver","floor":13,"turns":1},{"damage":6,"enemies":"Looter","floor":14,"turns":3},{"damage":29,"enemies":"The Guardian","floor":16,"turns":5}],"seed_played":"-3073380859751384275","potions_obtained":[{"floor":1.0,"key":"DuplicationPotion"},{"floor":3.0,"key":"Death Potion"},{"floor":10,"key":"Weak Potion"}],"is_trial":false,"path_per_floor":["M","M","M","?","M","R","?","E","T","E","?","M","M","M","R","B"],"character_chosen":"THE_SILENT","items_purchased":[],"campfire_rested":1,"item_purchase_floors":[],"current_hp_per_floor":[59,59,57,57,57,57,51,39,39,29,3,5,7,3,22,0,0],"gold":476,"neow_bonus":"THREE_RARE_CARDS","is_daily":false,"chose_seed":false,"campfire_upgraded":1,"win_rate":0.0,"timestamp":1613098833,"path_taken":["M","M","M","?","M","R","?","E","T","E","?","?","M","M","R","BOSS"],"items_purchased_type":[],"build_version":"2020-11-17","purchased_purges":0,"victory":false,"max_hp_per_floor":[66,66,66,66,66,66,66,66,66,66,66,66,66,66,66,66,66],"card_choices":[{"not_picked":["ReplayTheSpireMod:Necrosis","Envenom"],"picked":"Phantasmal Killer","floor":0.0},{"not_picked":["Distraction","Acrobatics"],"picked":"Bane","floor":1.0},{"not_picked":["Calculated Gamble","ReplayTheSpireMod:Exploit Weakness"],"picked":"Dagger Throw","floor":2.0},{"not_picked":["ReplayTheSpireMod:Tripwire","Backflip"],"picked":"Catalyst","floor":3.0},{"not_picked":["Deadly Poison","Outmaneuver","Eviscerate"],"picked":"SKIP","floor":5},{"not_picked":["Bane","PiercingWail"],"picked":"Blade Dance","floor":8},{"not_picked":["Flying Knee","Sucker Punch","Flechettes"],"picked":"SKIP","floor":10},{"not_picked":["Poisoned Stab","Phantasmal Killer"],"picked":"Blade Dance","floor":11},{"not_picked":["ReplayTheSpireMod:Exploit Weakness","Concentrate"],"picked":"PiercingWail","floor":11},{"not_picked":["Acrobatics","Dagger Spray"],"picked":"Prepared","floor":11},{"not_picked":["Heel Hook","Deadly Poison","Underhanded Strike"],"picked":"SKIP","floor":12},{"not_picked":["Sucker Punch","Toxin Wave"],"picked":"Bouncing Flask","floor":13},{"not_picked":["Eviscerate","Dagger Throw"],"picked":"Toxin Wave","floor":14}],"player_experience":241948,"relics_obtained":[{"floor":7,"key":"StoneCalendar"},{"floor":8,"key":"Boot"},{"floor":9,"key":"Onion Ring"},{"floor":10,"key":"Snack Pack"}],"event_choices":[{"damage_healed":0,"gold_gain":0,"player_choice":"Searched \u00272\u0027 times","damage_taken":0,"max_hp_gain":0,"max_hp_loss":0,"event_name":"Dead Adventurer","floor":7,"gold_loss":0}],"is_beta":true,"boss_relics":[],"items_purged_floors":[],"is_endless":false,"potions_floor_spawned":[1,3,7,10],"killed_by":"The Guardian","ascension_level":20}}