{"host":"fnk117zi8wf5078t","time":1613120271,"event":{"mods":["AchievementEnabler","BaseMod","Colored Map","Minty Spire (QoL Compilation)","Rare Cards Sparkle","SuperFastMode","everything is the same but u backflip on backflip"],"gold_per_floor":[114,114,114,39,49,49,64,78,78,78,27,43,53,53,53,178,178,118,118],"floor_reached":18,"language":"KOR","playtime":482,"items_purged":["Regret"],"score":243,"play_id":"f3e9700f-edfc-4f32-9770-2aa67cc5d4a8","local_time":"20210212175751","is_ascension_mode":true,"campfire_choices":[{"floor":6.0,"key":"REST"},{"floor":10,"key":"REST"},{"floor":15,"key":"REST"}],"circlet_count":0,"master_deck":["AscendersBane","Strike_B","Strike_B","Strike_B","Defend_B","Defend_B","Defend_B","Defend_B","Zap","Dualcast","Apotheosis","Defragment","Heatsinks","Darkness+1","Steam Power+1","Turbo+1","Doom and Gloom","Reboot+1"],"relics":["Cracked Core","Toxic Egg 2","Question Card","Golden Idol","Snecko Eye"],"acts_visited":["Exordium","TheCity"],"potions_floor_usage":[16],"damage_taken":[{"damage":5.0,"enemies":"Small Slimes","floor":1.0,"turns":3.0},{"damage":7.0,"enemies":"2 Louse","floor":5.0,"turns":3.0},{"damage":6.0,"enemies":"Cultist","floor":7.0,"turns":3.0},{"damage":22,"enemies":"2 Fungi Beasts","floor":8,"turns":3},{"damage":0,"enemies":"Large Slime","floor":12,"turns":5},{"damage":6,"enemies":"Looter","floor":13,"turns":3},{"damage":12,"enemies":"Slime Boss","floor":16,"turns":8},{"damage":36,"enemies":"2 Thieves","floor":18,"turns":3}],"seed_played":"9213223572794580067","potions_obtained":[{"floor":8,"key":"AttackPotion"},{"floor":16,"key":"LiquidBronze"}],"is_trial":false,"path_per_floor":["M","?","?","$","M","R","M","M","T","R","$","M","M","?","R","B",null,"M"],"character_chosen":"DEFECT","items_purchased":["Turbo+1"],"campfire_rested":3,"item_purchase_floors":[11],"current_hp_per_floor":[45,45,45,45,38,60,54,32,32,54,54,54,48,48,68,56,66,30,30],"gold":118,"neow_bonus":"RANDOM_COLORLESS_2","is_daily":false,"chose_seed":false,"campfire_upgraded":0,"win_rate":0.0,"timestamp":1613120271,"path_taken":["M","?","?","$","M","R","M","M","T","R","$","M","?","?","R","BOSS","M"],"items_purchased_type":["Card"],"build_version":"2020-12-22","purchased_purges":1,"victory":false,"max_hp_per_floor":[75,75,75,75,75,75,75,75,75,75,75,75,75,69,69,69,69,69,69],"card_choices":[{"not_picked":["Violence","Thinking Ahead"],"picked":"Apotheosis","floor":0.0},{"not_picked":["Rebound","Leap","Streamline"],"picked":"SKIP","floor":1.0},{"not_picked":["Barrage","Compile Driver"],"picked":"Heatsinks","floor":5.0},{"not_picked":["Scrape","Streamline"],"picked":"Darkness+1","floor":7.0},{"not_picked":["Cold Snap","Beam Cell"],"picked":"Steam Power+1","floor":8},{"not_picked":["Redo+1","Self Repair","Rebound"],"picked":"Doom and Gloom","floor":12},{"not_picked":["Reprogram+1","Rebound","Barrage","Sweeping Beam"],"picked":"SKIP","floor":13},{"not_picked":["Buffer","Thunder Strike","Hyperbeam"],"picked":"Reboot+1","floor":16}],"player_experience":431879,"relics_obtained":[{"floor":9,"key":"Question Card"}],"event_choices":[{"damage_healed":0.0,"max_hp_gain":0.0,"max_hp_loss":0.0,"gold_gain":0.0,"event_name":"Big Fish","player_choice":"Box","floor":2.0,"gold_loss":0.0,"damage_taken":0.0,"relics_obtained":["Toxic Egg 2"],"cards_obtained":["Regret"]},{"damage_healed":0.0,"max_hp_gain":0.0,"max_hp_loss":0.0,"gold_gain":0.0,"cards_transformed":["Strike_B"],"event_name":"Transmorgrifier","player_choice":"Transformed","floor":3.0,"gold_loss":0.0,"damage_taken":0.0,"cards_obtained":["Defragment"]},{"damage_healed":0,"gold_gain":0,"player_choice":"Lose Max HP","damage_taken":0,"relics_obtained":["Golden Idol"],"max_hp_gain":0,"max_hp_loss":6,"event_name":"Golden Idol","floor":14,"gold_loss":0}],"is_beta":false,"boss_relics":[{"not_picked":["Coffee Dripper","Velvet Choker"],"picked":"Snecko Eye"}],"items_purged_floors":[4],"is_endless":false,"potions_floor_spawned":[8,16],"killed_by":"2 Thieves","ascension_level":12}}