{"host":"k7udt7atmcuzf6l0","time":1613097153,"event":{"mods":["AchievementEnabler","BaseMod","BetterRewards","Colored Map","Colored Powertips","Highlight Path","Minty Spire (QoL Compilation)","Quick Restart","Rare Cards Sparkle","Relic Stats","StSLib","UnlockEverythingMod"],"gold_per_floor":[109,120,69,81,81,81,110,110,136,136,153,228,244,272,272,369,369,369,224,194,194,194,194,194,194,194,194,109,109,109,109],"floor_reached":30,"language":"ZHS","playtime":531,"items_purged":[],"score":310,"play_id":"90c4a392-3df5-4b42-956e-b0b528923864","local_time":"20210212103233","is_ascension_mode":false,"campfire_choices":[{"data":"Flex","floor":6.0,"key":"SMITH"},{"data":"Inflame","floor":8.0,"key":"SMITH"},{"data":"Sword Boomerang","floor":10.0,"key":"SMITH"},{"data":"Flex","floor":15.0,"key":"SMITH"},{"data":"Offering","floor":23,"key":"SMITH"},{"data":"Blade Dance","floor":27,"key":"SMITH"}],"circlet_count":0,"master_deck":["Strike_R","Strike_R","Strike_R","Strike_R","Strike_R","Defend_R+1","Defend_R","Defend_R+1","Defend_R","Bash","Sword Boomerang+1","Headbutt","Flex+1","Thunderclap","Inflame+1","Flex+1","Offering+1","Cold Snap+1","Slice","Acrobatics","Blade Dance+1","Panacea+1"],"relics":["Burning Blood","NeowsBlessing","Omamori","War Paint","Pocketwatch","Ectoplasm","PrismaticShard","Dream Catcher","Red Skull","Art of War"],"acts_visited":["Exordium","TheCity"],"potions_floor_usage":[21,22,22,24,25],"damage_taken":[{"damage":0.0,"enemies":"Jaw Worm","floor":1.0,"turns":1.0},{"damage":0.0,"enemies":"Cultist","floor":2.0,"turns":1.0},{"damage":0.0,"enemies":"2 Louse","floor":4.0,"turns":1.0},{"damage":26.0,"enemies":"Lagavulin","floor":7.0,"turns":5.0},{"damage":4.0,"enemies":"Gremlin Gang","floor":11.0,"turns":3.0},{"damage":10.0,"enemies":"Lots of Slimes","floor":13.0,"turns":3.0},{"damage":0.0,"enemies":"Gremlin Nob","floor":14.0,"turns":2.0},{"damage":34.0,"enemies":"The Guardian","floor":16.0,"turns":6.0},{"damage":19.0,"enemies":"3 Byrds","floor":18.0,"turns":4.0},{"damage":10,"enemies":"Shell Parasite","floor":21,"turns":2},{"damage":6,"enemies":"3 Cultists","floor":22,"turns":3},{"damage":30,"enemies":"Snake Plant","floor":24,"turns":3},{"damage":21,"enemies":"Centurion and Healer","floor":25,"turns":4},{"damage":24,"enemies":"Book of Stabbing","floor":29,"turns":3}],"seed_played":"8803770194138668803","potions_obtained":[{"floor":2.0,"key":"Ancient Potion"},{"floor":4.0,"key":"LiquidBronze"},{"floor":14.0,"key":"AttackPotion"},{"floor":20,"key":"CultistPotion"},{"floor":20,"key":"ColorlessPotion"},{"floor":21,"key":"Fire Potion"},{"floor":22,"key":"Fruit Juice"},{"floor":29,"key":"Fire Potion"}],"is_trial":false,"path_per_floor":["M","M","$","M","?","R","E","R","T","R","M","?","M","E","R","B",null,"M","$","?","M","M","R","M","M","T","R","?","E","?"],"character_chosen":"IRONCLAD","items_purchased":["Flex","PrismaticShard"],"campfire_rested":0,"item_purchase_floors":[3,19],"current_hp_per_floor":[80,80,80,80,85,85,65,65,65,65,67,59,55,61,61,33,85,72,72,72,68,68,68,49,34,34,34,34,16,0,0],"gold":109,"neow_bonus":"THREE_ENEMY_KILL","is_daily":false,"chose_seed":false,"campfire_upgraded":6,"win_rate":0.0,"timestamp":1613097153,"path_taken":["M","M","$","M","?","R","E","R","T","R","M","?","?","E","R","BOSS","M","$","?","M","?","R","M","?","T","R","?","E","?"],"items_purchased_type":["Card","Relic"],"build_version":"2020-12-22","purchased_purges":0,"victory":false,"max_hp_per_floor":[80,80,80,80,85,85,85,85,85,85,85,85,85,85,85,85,85,85,85,85,85,85,85,90,90,90,90,90,90,95,95],"relic_stats":{"Dream Catcher":0,"counters":[14,41],"Ectoplasm":134,"Art of War":[0],"War Paint":["Defend_R","Defend_R"],"obtain_stats":[{"Dream Catcher":26,"NeowsBlessing":0,"Ectoplasm":17,"Omamori":7,"Art of War":29,"War Paint":9,"PrismaticShard":19,"Burning Blood":0,"Red Skull":28,"Pocketwatch":14},{"Dream Catcher":13,"NeowsBlessing":0,"Ectoplasm":8,"Omamori":4,"Art of War":14,"War Paint":4,"PrismaticShard":9,"Burning Blood":0,"Red Skull":13,"Pocketwatch":7},{"Dream Catcher":38,"NeowsBlessing":0,"Ectoplasm":22,"Omamori":8,"Art of War":41,"War Paint":8,"PrismaticShard":26,"Burning Blood":0,"Red Skull":38,"Pocketwatch":16}],"Burning Blood":66,"Pocketwatch":[9]},"card_choices":[{"not_picked":["Warcry","Armaments"],"picked":"Sword Boomerang","floor":1.0},{"not_picked":["Reckless Charge","Seeing Red"],"picked":"Headbutt","floor":2.0},{"not_picked":["Metallicize","Cleave"],"picked":"Thunderclap","floor":4.0},{"not_picked":["Body Slam","Armaments"],"picked":"Inflame","floor":7.0},{"not_picked":["Sentinel","Impervious"],"picked":"Flex","floor":11.0},{"not_picked":["Warcry","Dropkick","Headbutt"],"picked":"SKIP","floor":13.0},{"not_picked":["Dropkick","Body Slam","Headbutt"],"picked":"SKIP","floor":14.0},{"not_picked":["Juggernaut","Fiend Fire"],"picked":"Offering","floor":16.0},{"not_picked":["Burning Pact","Wild Strike","Feel No Pain+1"],"picked":"SKIP","floor":18.0},{"not_picked":["Rebound","Chill"],"picked":"Cold Snap+1","floor":21},{"not_picked":["EmptyBody","Disarm"],"picked":"Slice","floor":22},{"not_picked":["Clothesline","Meteor Strike"],"picked":"Acrobatics","floor":24},{"not_picked":["PiercingWail","Headbutt"],"picked":"Blade Dance","floor":25},{"not_picked":["CrushJoints","Ball Lightning"],"picked":"Panacea+1","floor":29}],"player_experience":103792,"relics_obtained":[{"floor":7.0,"key":"Omamori"},{"floor":9.0,"key":"War Paint"},{"floor":14.0,"key":"Pocketwatch"},{"floor":26,"key":"Dream Catcher"},{"floor":29,"key":"Art of War"}],"event_choices":[{"damage_healed":0.0,"max_hp_gain":5.0,"max_hp_loss":0.0,"gold_gain":0.0,"event_name":"Big Fish","player_choice":"Donut","floor":5.0,"gold_loss":0.0,"damage_taken":0.0},{"damage_healed":0.0,"max_hp_gain":0.0,"max_hp_loss":0.0,"gold_gain":75.0,"event_name":"FaceTrader","player_choice":"Touch","floor":12.0,"gold_loss":0.0,"damage_taken":8.0},{"damage_healed":0,"gold_gain":0,"player_choice":"Bought 2 Potions","damage_taken":0,"max_hp_gain":0,"max_hp_loss":0,"event_name":"The Woman in Blue","floor":20,"gold_loss":0},{"damage_healed":0,"gold_gain":0,"player_choice":"Obtained Relic","damage_taken":0,"relics_obtained":["Red Skull"],"max_hp_gain":0,"max_hp_loss":0,"event_name":"Addict","floor":28,"gold_loss":85},{"damage_healed":0,"gold_gain":0,"player_choice":"Shed Blood","damage_taken":23,"max_hp_gain":5,"max_hp_loss":0,"event_name":"Forgotten Altar","floor":30,"gold_loss":0}],"is_beta":false,"boss_relics":[{"not_picked":["SlaversCollar","Astrolabe"],"picked":"Ectoplasm"}],"items_purged_floors":[],"is_endless":false,"potions_floor_spawned":[2,4,14,21,22,29],"ascension_level":0}}