{"host":"19r1ww88x2tc73i0","time":1613151659,"event":{"mods":["BaseMod","BetterRewards","Colored Map","Minty Spire (QoL Compilation)","Relic Stats","StSLib","SuperFastMode","slay the spire mod where everything is the same but ironclad has a cowboy hat"],"gold_per_floor":[112,112,37,53,53,79,91,91,118,118,118,147,157,183,183,183,183],"floor_reached":16,"language":"ENG","playtime":313,"items_purged":["Strike_G"],"score":286,"play_id":"70444d56-aa10-4fc2-b3b7-ef41eb1d6021","local_time":"25640213004059","is_ascension_mode":true,"campfire_choices":[{"data":"Caltrops","floor":11.0,"key":"SMITH"},{"data":"Neutralize","floor":15.0,"key":"SMITH"}],"circlet_count":0,"master_deck":["AscendersBane","Strike_G","Strike_G","Strike_G","Strike_G","Defend_G","Defend_G+1","Defend_G","Defend_G","Defend_G","Survivor+1","Neutralize+1","Cloak And Dagger+1","Infinite Blades","Caltrops+1","Calculated Gamble","Blade Dance","Terror","Dagger Spray"],"relics":["Ring of the Snake","NeowsBlessing","Nunchaku","Anchor","Art of War","Boot"],"acts_visited":["Exordium"],"potions_floor_usage":[],"damage_taken":[{"damage":0.0,"enemies":"Jaw Worm","floor":1.0,"turns":1.0},{"damage":0.0,"enemies":"Small Slimes","floor":4.0,"turns":1.0},{"damage":0.0,"enemies":"3 Sentries","floor":6.0,"turns":1.0},{"damage":0.0,"enemies":"2 Louse","floor":7.0,"turns":3.0},{"damage":19.0,"enemies":"Gremlin Nob","floor":12.0,"turns":5.0},{"damage":1.0,"enemies":"Blue Slaver","floor":13.0,"turns":3.0},{"damage":3.0,"enemies":"3 Sentries","floor":14.0,"turns":8.0},{"damage":16,"enemies":"The Guardian","floor":16,"turns":4}],"seed_played":"4561496927293609252","potions_obtained":[{"floor":6.0,"key":"EssenceOfSteel"},{"floor":7.0,"key":"Block Potion"},{"floor":12.0,"key":"EssenceOfSteel"}],"is_trial":false,"path_per_floor":["M","?","$","M","?","E","M","$","T","?","R","E","M","E","R","B"],"character_chosen":"THE_SILENT","items_purchased":[],"campfire_rested":0,"item_purchase_floors":[],"current_hp_per_floor":[59,39,39,39,39,39,39,39,39,39,39,20,19,16,16,0,0],"gold":183,"neow_bonus":"THREE_ENEMY_KILL","is_daily":false,"chose_seed":false,"campfire_upgraded":2,"win_rate":0.0,"timestamp":1613151659,"path_taken":["M","?","$","M","?","E","M","$","T","?","R","E","?","E","R","BOSS"],"items_purchased_type":[],"build_version":"2020-12-22","purchased_purges":1,"victory":false,"max_hp_per_floor":[66,66,66,66,66,66,66,66,66,66,66,66,66,66,66,66,66],"relic_stats":{"Nunchaku":[6],"counters":[8,26],"Art of War":[0],"Boot":[4],"obtain_stats":[{"Nunchaku":6,"Anchor":9,"NeowsBlessing":0,"Art of War":12,"Boot":14,"Ring of the Snake":0},{"Nunchaku":3,"Anchor":4,"NeowsBlessing":0,"Art of War":5,"Boot":7,"Ring of the Snake":0},{"Nunchaku":3,"Anchor":6,"NeowsBlessing":0,"Art of War":11,"Boot":22,"Ring of the Snake":0}],"Ring of the Snake":[16]},"card_choices":[{"not_picked":["Backflip","Riddle With Holes"],"picked":"Cloak And Dagger","floor":1.0},{"not_picked":["Deflect","Quick Slash"],"picked":"Infinite Blades","floor":4.0},{"not_picked":["Slice","Cloak And Dagger"],"picked":"Caltrops","floor":6.0},{"not_picked":["Poisoned Stab","Underhanded Strike"],"picked":"Calculated Gamble","floor":7.0},{"not_picked":["Infinite Blades","Endless Agony"],"picked":"Blade Dance","floor":12.0},{"not_picked":["Cloak And Dagger","Bullet Time"],"picked":"Terror","floor":13.0},{"not_picked":["Well Laid Plans","Predator"],"picked":"Dagger Spray","floor":14.0}],"player_experience":1060596,"relics_obtained":[{"floor":6.0,"key":"Nunchaku"},{"floor":9.0,"key":"Anchor"},{"floor":12.0,"key":"Art of War"},{"floor":14.0,"key":"Boot"}],"event_choices":[{"damage_healed":0.0,"max_hp_gain":0.0,"max_hp_loss":0.0,"gold_gain":0.0,"event_name":"Shining Light","player_choice":"Entered Light","floor":2.0,"gold_loss":0.0,"damage_taken":20.0,"cards_upgraded":["Defend_G","Survivor"]},{"damage_healed":0.0,"max_hp_gain":0.0,"max_hp_loss":0.0,"gold_gain":0.0,"event_name":"Scrap Ooze","player_choice":"Fled","floor":5.0,"gold_loss":0.0,"damage_taken":0.0},{"damage_healed":0.0,"max_hp_gain":0.0,"max_hp_loss":0.0,"gold_gain":0.0,"event_name":"Living Wall","player_choice":"Grow","floor":10.0,"gold_loss":0.0,"damage_taken":0.0,"cards_upgraded":["Cloak And Dagger"]}],"is_beta":false,"boss_relics":[],"items_purged_floors":[3],"is_endless":false,"potions_floor_spawned":[6,7,12],"killed_by":"The Guardian","ascension_level":20}}