{"host":"knk89g45d3vzr5fm","time":1613169341,"event":{"mods":["2.2 Compatiblity","BaseMod","Downfall","Minty Spire (QoL Compilation)","Relic Stats","Reliquary","Replay The Spire","StSLib","The Marked"],"gold_per_floor":[99,112,112,130,146,162,162,162,162,162,162],"floor_reached":9,"language":"FRA","playtime":792,"items_purged":[],"score":72,"play_id":"819acb68-ba66-46d4-8c4d-cf33770007df","local_time":"20210212233541","is_ascension_mode":true,"campfire_choices":[],"circlet_count":0,"master_deck":["sneckomod:Strike","sneckomod:Strike","sneckomod:Defend","sneckomod:Defend","sneckomod:Defend","sneckomod:TailWhip","sneckomod:SnekBite","sneckomod:UnlimitedRolls","hexamod:AdvancingGuard","sneckomod:UnknownDraw","sneckomod:SnakeSap","Barricade","sneckomod:Memorize"],"relics":["sneckomod:SneckoSoul","reliquary:PurpleTingedLeaf"],"acts_visited":["Exordium"],"potions_floor_usage":[],"damage_taken":[{"damage":4,"enemies":"2 Louse","floor":2,"turns":4},{"damage":0,"enemies":"Cultist","floor":4,"turns":4},{"damage":11,"enemies":"Jaw Worm","floor":5,"turns":5},{"damage":16,"enemies":"3 Louse","floor":6,"turns":8},{"damage":51,"enemies":"3 Sentries","floor":9,"turns":8}],"seed_played":"1594664790554160620","potions_obtained":[{"floor":6,"key":"Languid Potion"}],"is_trial":false,"path_per_floor":["R","M","?","M","M","M","T","?","E"],"character_chosen":"THE_SNECKO","items_purchased":[],"campfire_rested":0,"item_purchase_floors":[],"current_hp_per_floor":[81,77,77,77,66,50,50,50,0,0,0],"gold":162,"neow_bonus":"ONE_RANDOM_RARE_CARD","is_daily":false,"chose_seed":false,"campfire_upgraded":0,"win_rate":0.0,"timestamp":1613169341,"path_taken":["R","M","?","M","M","M","T","?","E"],"items_purchased_type":[],"build_version":"2020-12-22","purchased_purges":0,"victory":false,"max_hp_per_floor":[90,90,90,90,90,90,90,90,90,90,90],"relic_stats":{"counters":[5,29],"obtain_stats":[{"sneckomod:SneckoSoul":0,"reliquary:PurpleTingedLeaf":7},{"sneckomod:SneckoSoul":0,"reliquary:PurpleTingedLeaf":4},{"sneckomod:SneckoSoul":0,"reliquary:PurpleTingedLeaf":21}]},"card_choices":[{"not_picked":["sneckomod:DiceBlock","sneckomod:ImprovisedAttack"],"picked":"sneckomod:UnknownDraw","floor":2},{"not_picked":["sneckomod:UnknownClassBLUE","sneckomod:QuickMove"],"picked":"sneckomod:Memorize","floor":4},{"not_picked":["sneckomod:TrashToTreasure","sneckomod:UnknownStrength"],"picked":"sneckomod:SnakeSap","floor":5},{"not_picked":["sneckomod:ImprovisedGuard","sneckomod:Nope"],"picked":"sneckomod:Memorize","floor":6}],"player_experience":2122775,"relics_obtained":[{"floor":7,"key":"reliquary:PurpleTingedLeaf"}],"event_choices":[{"cards_removed":["sneckomod:Strike"],"damage_healed":0,"gold_gain":0,"player_choice":"Offered Basic","damage_taken":0,"max_hp_gain":0,"max_hp_loss":0,"event_name":"Bonfire Elementals","floor":8,"gold_loss":0}],"is_beta":false,"boss_relics":[],"items_purged_floors":[],"is_endless":false,"potions_floor_spawned":[6],"killed_by":"3 Sentries","ascension_level":7}}