{"host":"86nc795wsqxyrbm0","time":1613089882,"event":{"mods":["AchievementEnabler","BaseMod","Colored Map","Minty Spire (QoL Compilation)","StSLib"],"gold_per_floor":[114,132,132,147,157,157,175,175,175,175,185,220,233,249,249,350,350,363,374,384,384,394,394,394],"floor_reached":23,"language":"ENG","playtime":1362,"items_purged":[],"score":279,"play_id":"fc3bb2b5-6f22-4ea0-88d9-d4c241486c40","local_time":"20210212003122","is_ascension_mode":true,"campfire_choices":[{"data":"Glass Knife","floor":6,"key":"SMITH"},{"floor":8,"key":"REST"},{"data":"Noxious Fumes","floor":10,"key":"SMITH"},{"data":"Deadly Poison","floor":15,"key":"SMITH"}],"circlet_count":0,"master_deck":["Strike_G","Strike_G","Strike_G","Strike_G","Defend_G","Defend_G","Defend_G","Defend_G","Defend_G","Survivor","Neutralize","Glass Knife+1","Dagger Throw","Deadly Poison+1","Noxious Fumes+1","Backflip","Calculated Gamble","Crippling Poison","Burst","Escape Plan","Poisoned Stab","Backstab"],"relics":["Ring of the Snake","Bag of Marbles","Snake Skull","Black Star","Nilry\u0027s Codex"],"acts_visited":["Exordium","TheCity"],"potions_floor_usage":[16,18,19,22,22,23],"damage_taken":[{"damage":1,"enemies":"Jaw Worm","floor":1,"turns":6},{"damage":0,"enemies":"Cultist","floor":2,"turns":3},{"damage":1,"enemies":"Small Slimes","floor":4,"turns":2},{"damage":1,"enemies":"3 Louse","floor":5,"turns":3},{"damage":15,"enemies":"Large Slime","floor":7,"turns":4},{"damage":0,"enemies":"Exordium Wildlife","floor":11,"turns":4},{"damage":5,"enemies":"Gremlin Nob","floor":12,"turns":3},{"damage":0,"enemies":"Blue Slaver","floor":13,"turns":1},{"damage":0,"enemies":"Large Slime","floor":14,"turns":4},{"damage":22,"enemies":"The Guardian","floor":16,"turns":8},{"damage":0,"enemies":"Chosen","floor":18,"turns":4},{"damage":0,"enemies":"Shell Parasite","floor":19,"turns":6},{"damage":24,"enemies":"Centurion and Healer","floor":20,"turns":8},{"damage":9,"enemies":"3 Cultists","floor":22,"turns":5},{"damage":11,"enemies":"Gremlin Leader","floor":23,"turns":2}],"seed_played":"-7819615182053807449","potions_obtained":[{"floor":7,"key":"Block Potion"},{"floor":11,"key":"EssenceOfSteel"},{"floor":12,"key":"Fire Potion"},{"floor":16,"key":"PowerPotion"},{"floor":19,"key":"ColorlessPotion"},{"floor":22,"key":"LiquidMemories"}],"is_trial":false,"path_per_floor":["M","M","?","M","M","R","M","R","T","R","M","E","M","M","R","B",null,"M","M","M","?","M","E"],"character_chosen":"THE_SILENT","items_purchased":[],"campfire_rested":1,"item_purchase_floors":[],"current_hp_per_floor":[44,44,44,43,42,42,27,48,48,48,48,43,43,43,43,21,58,58,58,34,18,9,0,0],"gold":394,"neow_bonus":"THREE_RARE_CARDS","is_daily":false,"chose_seed":false,"campfire_upgraded":3,"win_rate":0.0,"timestamp":1613089882,"path_taken":["M","M","?","?","M","R","M","R","T","R","M","E","M","M","R","BOSS","M","M","M","?","M","E"],"items_purchased_type":[],"build_version":"2020-12-22","purchased_purges":0,"victory":false,"max_hp_per_floor":[70,70,70,70,70,70,70,70,70,70,70,70,70,70,70,70,70,70,70,70,70,70,70,70],"card_choices":[{"not_picked":["A Thousand Cuts","After Image"],"picked":"Glass Knife","floor":0},{"not_picked":["Blade Dance","Acrobatics"],"picked":"Dagger Throw","floor":1},{"not_picked":["Dagger Spray","Skewer"],"picked":"Deadly Poison","floor":2},{"not_picked":["Deflect","Predator"],"picked":"Noxious Fumes","floor":4},{"not_picked":["Masterful Stab","Prepared","Underhanded Strike"],"picked":"SKIP","floor":5},{"not_picked":["Bane","Dodge and Roll"],"picked":"Backflip","floor":7},{"not_picked":["Dagger Throw","Sucker Punch","Backflip"],"picked":"SKIP","floor":11},{"not_picked":["Underhanded Strike","Skewer"],"picked":"Calculated Gamble","floor":12},{"not_picked":["Finisher","Dagger Spray"],"picked":"Crippling Poison","floor":13},{"not_picked":["A Thousand Cuts","Underhanded Strike","Dodge and Roll"],"picked":"SKIP","floor":14},{"not_picked":["Doppelganger","Venomology"],"picked":"Burst","floor":16},{"not_picked":["Acrobatics","Cloak And Dagger","Flying Knee"],"picked":"SKIP","floor":18},{"not_picked":["Prepared","Quick Slash"],"picked":"Escape Plan","floor":19},{"not_picked":["Tactician+1","Sucker Punch"],"picked":"Poisoned Stab","floor":20},{"not_picked":["Quick Slash","Heel Hook"],"picked":"Backstab","floor":22}],"player_experience":555845,"relics_obtained":[{"floor":9,"key":"Bag of Marbles"},{"floor":12,"key":"Snake Skull"},{"floor":21,"key":"Nilry\u0027s Codex"}],"event_choices":[{"cards_removed":["Strike_G"],"damage_healed":0,"gold_gain":0,"player_choice":"Purged","damage_taken":0,"max_hp_gain":0,"max_hp_loss":0,"event_name":"Purifier","floor":3,"gold_loss":0},{"damage_healed":0,"gold_gain":0,"player_choice":"Obtained Book","damage_taken":16,"max_hp_gain":0,"max_hp_loss":0,"event_name":"Cursed Tome","floor":21,"gold_loss":0}],"is_beta":false,"boss_relics":[{"not_picked":["WristBlade","SlaversCollar"],"picked":"Black Star"}],"items_purged_floors":[],"is_endless":false,"potions_floor_spawned":[7,11,12,13,16,19,22],"killed_by":"Gremlin Leader","ascension_level":8}}