{"host":"nsc6ozq3atyrdr3m","time":1613141035,"event":{"mods":["BaseMod","Colored Map","Minty Spire (QoL Compilation)"],"gold_per_floor":[119,119,119,119,132,132,165,185,185,214,214,214,227,227,227,227,227],"floor_reached":16,"language":"FRA","playtime":222,"items_purged":[],"score":266,"play_id":"029fc7e0-2587-4897-9ac5-d4a66a4f47cf","local_time":"20210212154355","is_ascension_mode":true,"campfire_choices":[{"data":"Bash","floor":6,"key":"SMITH"},{"data":"Pommel Strike","floor":11,"key":"SMITH"},{"data":"Sword Boomerang","floor":15,"key":"SMITH"}],"circlet_count":0,"master_deck":["AscendersBane","Strike_R","Strike_R","Strike_R","Strike_R","Strike_R","Defend_R","Defend_R","Defend_R","Defend_R+1","Bash+1","Flex+1","Clash","Seeing Red","Pommel Strike+1","Sword Boomerang+1","Flex+1"],"relics":["Burning Blood","NeowsBlessing","Bottled Lightning","Meat on the Bone","Pen Nib"],"acts_visited":["Exordium"],"potions_floor_usage":[10,10],"damage_taken":[{"damage":0,"enemies":"Cultist","floor":1,"turns":1},{"damage":0,"enemies":"2 Louse","floor":5,"turns":1},{"damage":0,"enemies":"Gremlin Nob","floor":7,"turns":1},{"damage":6,"enemies":"Jaw Worm","floor":8,"turns":4},{"damage":35,"enemies":"Lagavulin","floor":10,"turns":5},{"damage":13,"enemies":"Looter","floor":13,"turns":4},{"damage":53,"enemies":"Hexaghost","floor":16,"turns":7}],"seed_played":"-5548508149767432735","potions_obtained":[{"floor":4,"key":"SneckoOil"},{"floor":4,"key":"SpeedPotion"},{"floor":7,"key":"ColorlessPotion"},{"floor":8,"key":"LiquidMemories"}],"is_trial":false,"path_per_floor":["M","?","$","?","M","R","E","M","T","E","R","?","M","?","R","B"],"character_chosen":"IRONCLAD","items_purchased":[],"campfire_rested":0,"item_purchase_floors":[],"current_hp_per_floor":[74,51,51,51,57,57,63,63,63,46,46,46,51,51,51,0,0],"gold":227,"neow_bonus":"THREE_ENEMY_KILL","is_daily":false,"chose_seed":false,"campfire_upgraded":3,"win_rate":0.0,"timestamp":1613141035,"path_taken":["M","?","$","?","M","R","E","?","T","E","R","?","M","?","R","BOSS"],"items_purchased_type":[],"build_version":"2020-12-22","purchased_purges":0,"victory":false,"max_hp_per_floor":[75,75,75,75,75,75,75,75,75,75,75,75,75,75,75,75,75],"card_choices":[{"not_picked":["Cleave","Wild Strike"],"picked":"Flex","floor":1},{"not_picked":["Wild Strike","Havoc"],"picked":"Clash","floor":5},{"not_picked":["Second Wind","Anger"],"picked":"Seeing Red","floor":7},{"not_picked":["Twin Strike","Rampage"],"picked":"Pommel Strike","floor":8},{"not_picked":["Warcry","Rampage"],"picked":"Sword Boomerang","floor":10},{"not_picked":["Pommel Strike","Thunderclap"],"picked":"Flex","floor":13}],"player_experience":394600,"relics_obtained":[{"floor":7,"key":"Bottled Lightning"},{"floor":9,"key":"Meat on the Bone"},{"floor":10,"key":"Pen Nib"}],"event_choices":[{"damage_healed":0,"gold_gain":0,"player_choice":"Entered Light","damage_taken":23,"max_hp_gain":0,"max_hp_loss":0,"event_name":"Shining Light","floor":2,"gold_loss":0,"cards_upgraded":["Defend_R","Flex"]},{"damage_healed":0,"gold_gain":0,"player_choice":"Got Potions","damage_taken":0,"max_hp_gain":0,"max_hp_loss":0,"event_name":"Lab","floor":4,"gold_loss":0},{"damage_healed":0,"gold_gain":0,"player_choice":"Ignored","damage_taken":0,"max_hp_gain":0,"max_hp_loss":0,"event_name":"Liars Game","floor":12,"gold_loss":0},{"damage_healed":0,"gold_gain":0,"player_choice":"Upgraded","damage_taken":0,"max_hp_gain":0,"max_hp_loss":0,"event_name":"Upgrade Shrine","floor":14,"gold_loss":0,"cards_upgraded":["Flex"]}],"is_beta":false,"boss_relics":[],"items_purged_floors":[],"is_endless":false,"potions_floor_spawned":[7,8],"killed_by":"Hexaghost","ascension_level":20}}