{"host":"17trt2gvjgnh9jmc","time":1613143536,"event":{"mods":["AchievementEnabler","BaseMod","Bestiary","Colored Map","Minty Spire (QoL Compilation)","Relic Stats"],"gold_per_floor":[117,130,130,130,150,183,196,196,196,212,225,225,225],"floor_reached":12,"language":"ENG","playtime":1856,"items_purged":[],"score":94,"play_id":"ee505d0e-9425-420e-9473-165326869f99","local_time":"20210212162536","is_ascension_mode":true,"campfire_choices":[{"floor":8,"key":"REST"}],"circlet_count":0,"master_deck":["Strike_R","Strike_R","Strike_R","Strike_R","Defend_R","Defend_R","Defend_R","Defend_R","Bash","Headbutt","Spot Weakness","Sword Boomerang","Metallicize","Twin Strike","Heavy Blade","Sever Soul"],"relics":["Runic Pyramid","Blue Candle","Bottled Lightning"],"acts_visited":["Exordium"],"potions_floor_usage":[],"damage_taken":[{"damage":0,"enemies":"Small Slimes","floor":1,"turns":3},{"damage":12,"enemies":"Jaw Worm","floor":2,"turns":2},{"damage":0,"enemies":"2 Louse","floor":5,"turns":2},{"damage":26,"enemies":"Gremlin Nob","floor":6,"turns":4},{"damage":5,"enemies":"Blue Slaver","floor":7,"turns":5},{"damage":19,"enemies":"Gremlin Gang","floor":10,"turns":5},{"damage":22,"enemies":"Lots of Slimes","floor":11,"turns":4},{"damage":19,"enemies":"Lagavulin","floor":12,"turns":6}],"seed_played":"242202815930646939","potions_obtained":[{"floor":6,"key":"Regen Potion"},{"floor":7,"key":"DistilledChaos"},{"floor":10,"key":"PowerPotion"}],"is_trial":false,"path_per_floor":["M","M","?","?","M","E","M","R","T","M","M","E"],"character_chosen":"IRONCLAD","items_purchased":[],"campfire_rested":1,"item_purchase_floors":[],"current_hp_per_floor":[80,68,61,66,66,40,35,60,60,41,19,0,0],"gold":225,"neow_bonus":"BOSS_RELIC","is_daily":false,"chose_seed":false,"campfire_upgraded":0,"win_rate":0.0,"timestamp":1613143536,"path_taken":["M","M","?","?","M","E","M","R","T","M","M","E"],"items_purchased_type":[],"build_version":"2020-12-22","purchased_purges":0,"victory":false,"max_hp_per_floor":[80,80,80,85,85,85,85,85,85,85,85,85,85],"relic_stats":{"counters":[8,31],"Blue Candle":[0],"obtain_stats":[{"Blue Candle":6,"Bottled Lightning":9,"Burning Blood":0,"Runic Pyramid":0},{"Blue Candle":4,"Bottled Lightning":5,"Burning Blood":0,"Runic Pyramid":0},{"Blue Candle":11,"Bottled Lightning":16,"Burning Blood":0,"Runic Pyramid":0}]},"card_choices":[{"not_picked":["Body Slam","Clash"],"picked":"Headbutt","floor":1},{"not_picked":["Rampage","Disarm"],"picked":"Spot Weakness","floor":2},{"not_picked":["Body Slam","Anger"],"picked":"Sword Boomerang","floor":5},{"not_picked":["Clothesline","Havoc"],"picked":"Metallicize","floor":6},{"not_picked":["Flex","Spot Weakness"],"picked":"Twin Strike","floor":7},{"not_picked":["Dropkick","Flex"],"picked":"Heavy Blade","floor":10},{"not_picked":["Body Slam","Power Through"],"picked":"Sever Soul","floor":11}],"player_experience":468169,"relics_obtained":[{"floor":6,"key":"Blue Candle"},{"floor":9,"key":"Bottled Lightning"}],"event_choices":[{"cards_removed":["Strike_R"],"damage_healed":0,"gold_gain":0,"player_choice":"Card Removal","damage_taken":7,"max_hp_gain":0,"max_hp_loss":0,"event_name":"Golden Wing","floor":3,"gold_loss":0},{"damage_healed":0,"gold_gain":0,"player_choice":"Donut","damage_taken":0,"max_hp_gain":5,"max_hp_loss":0,"event_name":"Big Fish","floor":4,"gold_loss":0}],"is_beta":false,"boss_relics":[],"items_purged_floors":[],"is_endless":false,"potions_floor_spawned":[6,7,10],"killed_by":"Lagavulin","ascension_level":3}}