{"host":"d73an99q9oevilk5","time":1613092619,"event":{"mods":["2.2 Compatiblity","AchievementEnabler","Act Like it!","Aspiration","BaseMod","Beaked The Cultist","Better Third Choice","BetterRewards","Colored Map","Colored Powertips","Conspire","Downfall","GifTheSpireLib","GungeonMod","Halation","Hubris","Infinite Spire","Marisa????????","Mimic Mod","Minty Spire (QoL Compilation)","Quick Restart","Relic Sorter","Reliquary","Replay The Spire","Shop Mod","Spikes Relics","StSLib","Stuff the Spire","The Bug Knight","The Cursed","The Jungle","The Necromancer","The Saiyan","Waifu the Spire","egg","slay the spire mod where everything is the same but ironclad has a cowboy hat"],"gold_per_floor":[118,118,118,118,118,118,128,146,193,193,210,210,310,324,324,419,419,419,431,431,431,431,431],"floor_reached":22,"language":"ENG","playtime":995,"items_purged":[],"score":274,"play_id":"8c7c9660-92cd-47c3-a8d8-b926a1c09781","local_time":"20210211181659","is_ascension_mode":false,"campfire_choices":[{"floor":6.0,"key":"REST"},{"data":"beaked:Ceremony","floor":12.0,"key":"SMITH"},{"floor":15.0,"key":"DIG"}],"circlet_count":0,"master_deck":["beaked:Strike_Y+1","beaked:Strike_Y","beaked:Strike_Y+1","beaked:Strike_Y+1","beaked:Strike_Y","beaked:Strike_Y","beaked:Defend_Y","beaked:Defend_Y","beaked:Defend_Y","beaked:Defend_Y","beaked:Ceremony+1","beaked:Ceremony","beaked:Ceremony","Sadistic Nature","beaked:HuntressSpirit","beaked:KnowThyFoe","beaked:MachineEssence","beaked:Hexing"],"relics":["beaked:MendingPlumage","DemoMod:AgedBell","halation:Thesaurus","Membership Card","hubris:EvacipatedBox","StuffTheSpire:OldFever","reliquary:Firecrackers","hubris:Backtick","hubris:OldNail","hubris:Towel"],"acts_visited":["Exordium","TheCity"],"potions_floor_usage":[22],"damage_taken":[{"damage":9.0,"enemies":"Small Slimes","floor":1.0,"turns":4.0},{"damage":10.0,"enemies":"Jaw Worm","floor":7.0,"turns":4.0},{"damage":24.0,"enemies":"infinitespire:Voidling","floor":8.0,"turns":4.0},{"damage":7.0,"enemies":"2 Fungi Beasts","floor":11.0,"turns":5.0},{"damage":14.0,"enemies":"conspire:2 RoseBushes","floor":14.0,"turns":8.0},{"damage":32.0,"enemies":"The Guardian","floor":16.0,"turns":11.0},{"damage":42.0,"enemies":"3 Byrds","floor":18.0,"turns":5.0},{"damage":22.0,"enemies":"Chosen","floor":19.0,"turns":7.0},{"damage":19,"enemies":"Centurion and Healer","floor":22,"turns":2}],"seed_played":"-8019364705057307424","potions_obtained":[{"floor":0.0,"key":"Strength Potion"},{"floor":0.0,"key":"SmokeBomb"},{"floor":0.0,"key":"DemoMod:LeadSkinPotion"},{"floor":1.0,"key":"DuplicationPotion"},{"floor":8.0,"key":"Weak Potion"},{"floor":16.0,"key":"SteroidPotion"}],"is_trial":false,"path_per_floor":["M","?","?","$","?","R","M","M","T","?","M","R","?","M","R_BF","B",null,"M","M","?","?","M"],"character_chosen":"BEAKED_THE_CULTIST","items_purchased":["Cauldron","Sadistic Nature","halation:Thesaurus","hubris:EvacipatedBox"],"campfire_rested":1,"item_purchase_floors":[0,0,4,4],"current_hp_per_floor":[45,45,45,16,6,21,22,16,16,16,21,21,21,27,27,24,50,16,10,10,10,0,0],"gold":431,"neow_bonus":"","is_daily":false,"chose_seed":false,"campfire_upgraded":1,"win_rate":0.0,"timestamp":1613092619,"path_taken":["M","?","?","?","?","R","M","?","T","?","M","R","?","?","R_BF","BOSS","M","M","?","?","M"],"items_purchased_type":["Relic","Card","Relic","Relic"],"build_version":"2020-12-22","purchased_purges":0,"victory":false,"max_hp_per_floor":[50,50,50,50,50,50,50,50,50,50,50,50,50,50,50,50,50,50,50,50,50,50,50],"card_choices":[{"not_picked":["beaked:Insight","beaked:TuckingFeathers","beaked:Recite"],"picked":"SKIP","floor":1.0},{"not_picked":["beaked:SurvivalInstinct","beaked:DigDeep","ReplayTheSpireMod:RavenHex"],"picked":"SKIP","floor":7.0},{"not_picked":["beaked:Devastation","beaked:DesperateSwing","beaked:Cower"],"picked":"SKIP","floor":8.0},{"not_picked":["beaked:FeelMyPain","beaked:BraceForImpact"],"picked":"beaked:HuntressSpirit","floor":11.0},{"not_picked":["beaked:Redirect","beaked:Resilience"],"picked":"beaked:KnowThyFoe","floor":14.0},{"not_picked":["beaked:FakeOut","beaked:Brainwash"],"picked":"beaked:MachineEssence","floor":16.0},{"not_picked":["beaked:Daydream+1","beaked:Windmill+1"],"picked":"beaked:Hexing","floor":19.0}],"player_experience":1897848,"relics_obtained":[{"floor":9.0,"key":"StuffTheSpire:OldFever"},{"floor":15.0,"key":"reliquary:Firecrackers"}],"event_choices":[{"damage_healed":0.0,"max_hp_gain":0.0,"max_hp_loss":0.0,"gold_gain":0.0,"event_name":"The Cleric","player_choice":"Leave","floor":2.0,"gold_loss":0.0,"damage_taken":0.0},{"damage_healed":16.0,"max_hp_gain":0.0,"max_hp_loss":50.0,"gold_gain":0.0,"event_name":"betterThird:BetterShining","player_choice":"Upgrade","floor":5.0,"gold_loss":0.0,"damage_taken":10.0,"cards_upgraded":["beaked:Strike_Y","beaked:Strike_Y"]},{"damage_healed":0.0,"max_hp_gain":0.0,"max_hp_loss":0.0,"gold_gain":0.0,"event_name":"Golden Wing","player_choice":"Ignored","floor":10.0,"gold_loss":0.0,"damage_taken":0.0},{"damage_healed":0.0,"max_hp_gain":0.0,"max_hp_loss":0.0,"gold_gain":100.0,"event_name":"Golden Shrine","player_choice":"Pray","floor":13.0,"gold_loss":0.0,"damage_taken":0.0}],"is_beta":false,"boss_relics":[{"not_picked":["reliquary:Ember","SacredBark","reliquary:KinkedSpring"],"picked":"hubris:Backtick"}],"items_purged_floors":[],"is_endless":false,"potions_floor_spawned":[1,8,14,16,18],"killed_by":"Centurion and Healer","ascension_level":0}}