{"host":"1w6a2rjjfnt8te8e","time":1613142378,"event":{"mods":["AchievementEnabler","BaseMod","Colored Powertips","Googly Eyes","Highlight Path","Minty Spire (QoL Compilation)","Quick Restart","Relic Stats","StSLib"],"gold_per_floor":[109,126,126,40,40,40,72,87,142,142,142,153,78,91,91,192,192,208,236,209,189,203,229,229,255,255,255,285,13,31,43,43,143,143,155,172,189,205,59,59,91,144,144,144,144,177,46,57,57,57],"floor_reached":51,"language":"ENG","playtime":1330,"items_purged":["Anger","Strike_R","Strike_R"],"score":1193,"play_id":"00f385fc-03a1-4460-b7ec-eb80940c92a2","local_time":"20210212230618","is_ascension_mode":true,"campfire_choices":[{"data":"Searing Blow","floor":6.0,"key":"SMITH"},{"data":"Searing Blow+1","floor":10.0,"key":"SMITH"},{"data":"Searing Blow+2","floor":15.0,"key":"SMITH"},{"data":"Searing Blow+3","floor":24.0,"key":"SMITH"},{"floor":27.0,"key":"REST"},{"data":"Searing Blow+4","floor":32.0,"key":"SMITH"},{"data":"Searing Blow+5","floor":40.0,"key":"SMITH"},{"data":"Searing Blow+6","floor":44.0,"key":"SMITH"},{"data":"Whirlwind","floor":49.0,"key":"SMITH"}],"circlet_count":0,"master_deck":["Strike_R","Strike_R","Strike_R+1","Defend_R","Defend_R","Defend_R","Defend_R","Bash","Whirlwind+1","Shrug It Off+1","Searing Blow+8","Bludgeon","Flame Barrier","True Grit","Whirlwind+1","Limit Break","Immolate","Thunderclap+1","Parasite","Inflame","Uppercut","True Grit+1","Havoc+1","Inflame+1","Uppercut"],"relics":["Snecko Eye","Lantern","MealTicket","Charon\u0027s Ashes","Black Star","Red Mask","Sundial","Smiling Mask","Pantograph","Boot","Blood Vial","InkBottle","Paper Frog","Membership Card","PreservedInsect","Philosopher\u0027s Stone","Medical Kit","Oddly Smooth Stone","Meat on the Bone","Dead Branch","HornCleat","Frozen Egg 2","Letter Opener","Chemical X"],"acts_visited":["Exordium","TheCity","TheBeyond"],"potions_floor_usage":[50,50,50,50,50,50],"damage_taken":[{"damage":10.0,"enemies":"Small Slimes","floor":1.0,"turns":4.0},{"damage":3.0,"enemies":"2 Louse","floor":2.0,"turns":3.0},{"damage":20.0,"enemies":"Gremlin Nob","floor":7.0,"turns":4.0},{"damage":0.0,"enemies":"Cultist","floor":8.0,"turns":2.0},{"damage":0.0,"enemies":"Exordium Thugs","floor":12.0,"turns":2.0},{"damage":0.0,"enemies":"Large Slime","floor":14.0,"turns":2.0},{"damage":2.0,"enemies":"Slime Boss","floor":16.0,"turns":4.0},{"damage":0.0,"enemies":"2 Thieves","floor":18.0,"turns":2.0},{"damage":32.0,"enemies":"Masked Bandits","floor":19.0,"turns":4.0},{"damage":0.0,"enemies":"Chosen","floor":22.0,"turns":3.0},{"damage":1.0,"enemies":"Gremlin Leader","floor":23.0,"turns":4.0},{"damage":33.0,"enemies":"Book of Stabbing","floor":25.0,"turns":5.0},{"damage":0.0,"enemies":"Gremlin Leader","floor":28.0,"turns":3.0},{"damage":0.0,"enemies":"Snecko","floor":30.0,"turns":2.0},{"damage":0.0,"enemies":"Centurion and Healer","floor":31.0,"turns":3.0},{"damage":51.0,"enemies":"Champ","floor":33.0,"turns":6.0},{"damage":0.0,"enemies":"Orb Walker","floor":35.0,"turns":2.0},{"damage":0.0,"enemies":"3 Shapes","floor":36.0,"turns":1.0},{"damage":1.0,"enemies":"Writhing Mass","floor":37.0,"turns":3.0},{"damage":27.0,"enemies":"Transient","floor":38.0,"turns":5.0},{"damage":18.0,"enemies":"Nemesis","floor":41.0,"turns":3.0},{"damage":13.0,"enemies":"2 Orb Walkers","floor":42.0,"turns":3.0},{"damage":0.0,"enemies":"Giant Head","floor":46.0,"turns":4.0},{"damage":0.0,"enemies":"Sphere and 2 Shapes","floor":48.0,"turns":2.0},{"damage":51,"enemies":"Awakened One","floor":50,"turns":6}],"seed_played":"3191941203386296923","potions_obtained":[{"floor":7.0,"key":"ElixirPotion"},{"floor":8.0,"key":"SteroidPotion"},{"floor":14.0,"key":"Block Potion"},{"floor":16.0,"key":"BlessingOfTheForge"},{"floor":19.0,"key":"EssenceOfSteel"},{"floor":21.0,"key":"EntropicBrew"},{"floor":22.0,"key":"Swift Potion"},{"floor":25.0,"key":"Fire Potion"},{"floor":31.0,"key":"Swift Potion"}],"is_trial":false,"path_per_floor":["M","M","?","$","?","R","E","M","T","R","?","M","$","M","R","B",null,"M","?","$","?","M","E","R","E","T","R","E","$","M","M","R","B",null,"M","M","M","M","$","R","E","?","T","R","?","E","$","M","R","B",null],"character_chosen":"IRONCLAD","items_purchased":["Shrug It Off","Searing Blow","True Grit","Membership Card","PreservedInsect","Medical Kit","Uppercut","Chemical X","Inflame+1","Uppercut"],"campfire_rested":1,"item_purchase_floors":[4,4,20,29,29,39,39,47,47,47],"current_hp_per_floor":[62,59,59,59,43,43,23,23,23,23,23,23,38,38,38,36,69,69,37,52,52,52,51,51,18,18,42,44,59,61,63,63,29,67,69,71,72,47,62,62,46,47,47,47,47,49,64,66,66,45],"gold":57,"neow_bonus":"BOSS_RELIC","is_daily":false,"chose_seed":false,"campfire_upgraded":8,"win_rate":0.0,"timestamp":1613142378,"path_taken":["M","M","?","$","?","R","E","M","T","R","?","?","?","M","R","BOSS","M","?","$","?","?","E","R","E","T","R","E","$","M","M","R","BOSS","M","M","M","M","$","R","E","?","T","R","?","E","$","?","R","BOSS"],"items_purchased_type":["Card","Card","Card","Relic","Relic","Relic","Card","Relic","Card","Card"],"build_version":"2020-12-22","purchased_purges":3,"victory":true,"max_hp_per_floor":[80,80,80,80,80,80,80,80,80,80,80,80,80,80,80,80,80,80,80,80,80,80,80,80,80,80,80,80,80,80,80,80,80,80,80,80,80,80,80,80,80,80,80,80,80,80,80,80,80,80],"relic_stats":{"counters":[25,82],"Dead Branch":[8],"Charon\u0027s Ashes":[49],"PreservedInsect":180,"Letter Opener":[5],"Smiling Mask":13,"Boot":[11],"Medical Kit":[2],"Blood Vial":26,"Sundial":[8],"Pantograph":27,"Snecko Eye":[137,125,141,138],"MealTicket":75,"Black Star":5,"Chemical X":[5],"obtain_stats":[{"Lantern":7,"Smiling Mask":23,"Boot":25,"Burning Blood":0,"Blood Vial":26,"HornCleat":43,"Sundial":23,"Pantograph":25,"MealTicket":9,"Philosopher\u0027s Stone":34,"Red Mask":19,"Chemical X":47,"InkBottle":28,"Paper Frog":28,"Dead Branch":42,"Oddly Smooth Stone":41,"Charon\u0027s Ashes":11,"PreservedInsect":29,"Letter Opener":46,"Frozen Egg 2":46,"Medical Kit":39,"Snecko Eye":0,"Black Star":17,"Membership Card":29,"Meat on the Bone":41},{"Lantern":3,"Smiling Mask":11,"Boot":12,"Burning Blood":0,"Blood Vial":12,"HornCleat":22,"Sundial":11,"Pantograph":12,"MealTicket":4,"Philosopher\u0027s Stone":16,"Red Mask":9,"Chemical X":23,"InkBottle":13,"Paper Frog":13,"Dead Branch":22,"Oddly Smooth Stone":21,"Charon\u0027s Ashes":4,"PreservedInsect":13,"Letter Opener":23,"Frozen Egg 2":23,"Medical Kit":20,"Snecko Eye":0,"Black Star":7,"Membership Card":13,"Meat on the Bone":21},{"Lantern":11,"Smiling Mask":34,"Boot":39,"Burning Blood":0,"Blood Vial":39,"HornCleat":70,"Sundial":34,"Pantograph":39,"MealTicket":13,"Philosopher\u0027s Stone":53,"Red Mask":27,"Chemical X":74,"InkBottle":42,"Paper Frog":42,"Dead Branch":70,"Oddly Smooth Stone":67,"Charon\u0027s Ashes":13,"PreservedInsect":42,"Letter Opener":74,"Frozen Egg 2":74,"Medical Kit":64,"Snecko Eye":0,"Black Star":21,"Membership Card":42,"Meat on the Bone":67}],"InkBottle":[14],"Meat on the Bone":12},"card_choices":[{"not_picked":["Clash","Flex"],"picked":"Anger","floor":1.0},{"not_picked":["Perfected Strike","Body Slam"],"picked":"Whirlwind","floor":2.0},{"not_picked":["Second Wind","Headbutt","Intimidate"],"picked":"SKIP","floor":7.0},{"not_picked":["Headbutt","Burning Pact","Anger"],"picked":"SKIP","floor":8.0},{"not_picked":["Cleave","Perfected Strike","Sword Boomerang"],"picked":"SKIP","floor":12.0},{"not_picked":["Sentinel","Armaments","Fire Breathing"],"picked":"SKIP","floor":14.0},{"not_picked":["Double Tap","Juggernaut"],"picked":"Bludgeon","floor":16.0},{"not_picked":["Headbutt","Iron Wave"],"picked":"Flame Barrier","floor":18.0},{"not_picked":["Headbutt","Havoc"],"picked":"Whirlwind","floor":22.0},{"not_picked":["Second Wind+1","Barricade","Limit Break"],"picked":"SKIP","floor":23.0},{"not_picked":["Second Wind+1","Barricade"],"picked":"Limit Break","floor":23.0},{"not_picked":["Sentinel","Disarm"],"picked":"Immolate","floor":25.0},{"not_picked":["Shrug It Off","Anger+1","Warcry"],"picked":"SKIP","floor":28.0},{"not_picked":["Fire Breathing","Heavy Blade+1"],"picked":"Thunderclap+1","floor":30.0},{"not_picked":["Uppercut","Perfected Strike","Rage"],"picked":"SKIP","floor":31.0},{"not_picked":["Entrench","Havoc+1","Combust"],"picked":"SKIP","floor":35.0},{"not_picked":["Headbutt","Wild Strike","Seeing Red+1"],"picked":"SKIP","floor":36.0},{"not_picked":["Perfected Strike","Whirlwind+1"],"picked":"Inflame","floor":37.0},{"not_picked":["Shrug It Off+1","Infernal Blade","Sword Boomerang"],"picked":"SKIP","floor":38.0},{"not_picked":["Burning Pact+1","Second Wind"],"picked":"True Grit+1","floor":41.0},{"not_picked":["True Grit+1","Twin Strike"],"picked":"Havoc+1","floor":42.0},{"not_picked":["Warcry","Armaments","Iron Wave"],"picked":"SKIP","floor":46.0},{"not_picked":["Combust+1","Entrench","Sentinel"],"picked":"SKIP","floor":48.0}],"player_experience":323039,"relics_obtained":[{"floor":7.0,"key":"Lantern"},{"floor":9.0,"key":"MealTicket"},{"floor":19.0,"key":"Red Mask"},{"floor":23.0,"key":"Sundial"},{"floor":23.0,"key":"Smiling Mask"},{"floor":25.0,"key":"Pantograph"},{"floor":25.0,"key":"Boot"},{"floor":26.0,"key":"Blood Vial"},{"floor":28.0,"key":"InkBottle"},{"floor":28.0,"key":"Paper Frog"},{"floor":41.0,"key":"Oddly Smooth Stone"},{"floor":41.0,"key":"Meat on the Bone"},{"floor":42.0,"key":"Dead Branch"},{"floor":43.0,"key":"HornCleat"},{"floor":46.0,"key":"Frozen Egg 2"},{"floor":46.0,"key":"Letter Opener"}],"event_choices":[{"damage_healed":0.0,"max_hp_gain":0.0,"max_hp_loss":0.0,"gold_gain":0.0,"event_name":"Living Wall","player_choice":"Grow","floor":3.0,"gold_loss":0.0,"damage_taken":0.0,"cards_upgraded":["Whirlwind"]},{"damage_healed":0.0,"max_hp_gain":0.0,"max_hp_loss":0.0,"gold_gain":0.0,"event_name":"Shining Light","player_choice":"Entered Light","floor":5.0,"gold_loss":0.0,"damage_taken":16.0,"cards_upgraded":["Strike_R","Shrug It Off"]},{"damage_healed":0.0,"max_hp_gain":0.0,"max_hp_loss":0.0,"gold_gain":0.0,"event_name":"WeMeetAgain","player_choice":"Gave Potion","floor":11.0,"gold_loss":0.0,"damage_taken":0.0,"relics_obtained":["Charon\u0027s Ashes"]},{"damage_healed":0.0,"max_hp_gain":0.0,"max_hp_loss":0.0,"gold_gain":0.0,"event_name":"Masked Bandits","player_choice":"Fought Bandits","floor":19.0,"gold_loss":0.0,"damage_taken":0.0},{"damage_healed":0.0,"max_hp_gain":0.0,"max_hp_loss":0.0,"gold_gain":0.0,"event_name":"The Woman in Blue","player_choice":"Bought 1 Potion","floor":21.0,"gold_loss":0.0,"damage_taken":0.0},{"damage_healed":0.0,"max_hp_gain":0.0,"max_hp_loss":0.0,"gold_gain":0.0,"event_name":"Mysterious Sphere","player_choice":"Fight","floor":42.0,"gold_loss":0.0,"damage_taken":0.0},{"damage_healed":0.0,"max_hp_gain":0.0,"max_hp_loss":0.0,"gold_gain":0.0,"event_name":"Accursed Blacksmith","player_choice":"Forge","floor":45.0,"gold_loss":0.0,"damage_taken":0.0,"cards_upgraded":["Searing Blow"]}],"is_beta":false,"boss_relics":[{"not_picked":["Busted Crown","Empty Cage"],"picked":"Black Star"},{"not_picked":["Tiny House","Calling Bell"],"picked":"Philosopher\u0027s Stone"}],"items_purged_floors":[13,29,39],"is_endless":false,"potions_floor_spawned":[7,8,14,16,19,22,25,31,37,38,48],"ascension_level":9}}