{"host":"uv5ws9rdk87e8i5k","time":1613102333,"event":{"mods":["AchievementEnabler","BaseMod","Colored Map","Minty Spire (QoL Compilation)","Permanent Neow","Quick Restart","StSLib","SuperFastMode","The Necromancer"],"gold_per_floor":[111,129,145,162,162,162,190,201,248,277,352,367,402,414,414,414,414],"floor_reached":16,"language":"ENG","playtime":596,"items_purged":[],"score":164,"play_id":"42df2fe2-3a67-47ff-8600-f2a19d43eddb","local_time":"20210211215853","is_ascension_mode":true,"campfire_choices":[{"data":"Genetic Algorithm","floor":6,"key":"SMITH"},{"data":"Electrodynamics","floor":15,"key":"SMITH"}],"circlet_count":0,"master_deck":["Strike_B","Strike_B","Strike_B","Strike_B","Defend_B","Defend_B","Defend_B","Defend_B","Zap","Dualcast","Compile Driver","Genetic Algorithm+1","Chill","Cold Snap","Steam Power","Electrodynamics+1","Tempest"],"relics":["Nuclear Battery","Calipers","PreservedInsect","White Beast Statue","Gremlin Horn","Bag of Preparation"],"acts_visited":["Exordium"],"potions_floor_usage":[7,10,13,16,16],"damage_taken":[{"damage":3,"enemies":"2 Louse","floor":1,"turns":3},{"damage":2,"enemies":"Jaw Worm","floor":2,"turns":3},{"damage":7,"enemies":"Small Slimes","floor":3,"turns":3},{"damage":1,"enemies":"Blue Slaver","floor":4,"turns":4},{"damage":28,"enemies":"Gremlin Nob","floor":7,"turns":4},{"damage":0,"enemies":"2 Fungi Beasts","floor":8,"turns":4},{"damage":0,"enemies":"3 Sentries","floor":10,"turns":7},{"damage":1,"enemies":"3 Louse","floor":12,"turns":2},{"damage":1,"enemies":"Gremlin Nob","floor":13,"turns":3},{"damage":0,"enemies":"Exordium Thugs","floor":14,"turns":3},{"damage":47,"enemies":"The Guardian","floor":16,"turns":12}],"seed_played":"3821475133820943484","potions_obtained":[{"floor":1,"key":"DistilledChaos"},{"floor":4,"key":"SneckoOil"},{"floor":7,"key":"Explosive Potion"},{"floor":10,"key":"Strength Potion"},{"floor":12,"key":"Weak Potion"},{"floor":13,"key":"Energy Potion"},{"floor":14,"key":"Regen Potion"}],"is_trial":false,"path_per_floor":["M","M","M","M","?","R","E","M","T","E","T","M","E","M","R","B"],"character_chosen":"DEFECT","items_purchased":[],"campfire_rested":0,"item_purchase_floors":[],"current_hp_per_floor":[72,70,63,62,62,62,34,34,34,34,34,33,32,32,32,0,0],"gold":414,"neow_bonus":"BOSS_RELIC","is_daily":false,"chose_seed":false,"campfire_upgraded":2,"win_rate":0.0,"timestamp":1613102333,"path_taken":["M","M","M","M","?","R","E","M","T","E","?","M","E","M","R","BOSS"],"items_purchased_type":[],"build_version":"2020-12-22","purchased_purges":0,"victory":false,"max_hp_per_floor":[75,75,75,75,75,75,75,75,75,75,75,75,75,75,75,75,75],"card_choices":[{"not_picked":["Fusion","Stack"],"picked":"Compile Driver","floor":1},{"not_picked":["Ball Lightning","Tempest"],"picked":"Genetic Algorithm","floor":2},{"not_picked":["Blizzard","Hologram"],"picked":"Chill","floor":3},{"not_picked":["Leap","Undo"],"picked":"Cold Snap","floor":4},{"not_picked":["Fusion","Scrape","Genetic Algorithm"],"picked":"SKIP","floor":7},{"not_picked":["Cold Snap","Consume"],"picked":"Steam Power","floor":8},{"not_picked":["Leap","Stack"],"picked":"Electrodynamics","floor":10},{"not_picked":["Steam","Leap","Darkness"],"picked":"SKIP","floor":12},{"not_picked":["Rebound","Leap"],"picked":"Tempest","floor":13},{"not_picked":["Reinforced Body","Auto Shields","Rebound"],"picked":"SKIP","floor":14}],"player_experience":148231,"relics_obtained":[{"floor":7,"key":"Calipers"},{"floor":9,"key":"PreservedInsect"},{"floor":10,"key":"White Beast Statue"},{"floor":11,"key":"Gremlin Horn"},{"floor":13,"key":"Bag of Preparation"}],"event_choices":[{"damage_healed":0,"gold_gain":0,"player_choice":"Ignored","damage_taken":0,"max_hp_gain":0,"max_hp_loss":0,"event_name":"Liars Game","floor":5,"gold_loss":0}],"is_beta":false,"boss_relics":[],"items_purged_floors":[],"is_endless":false,"potions_floor_spawned":[1,4,7,10,12,13,14],"killed_by":"The Guardian","ascension_level":2}}