{"host":"fnndj664xgd3vavt","time":1613153740,"event":{"mods":["AchievementEnabler","BaseMod","Colored Powertips","DeckTracker","Downfall","Highlight Path","Infinite Spire","Marisa????????","Minty Spire (QoL Compilation)","Quick Restart","Random Character Button","Replay The Spire","StSLib","The Servant 0.9.4"],"gold_per_floor":[173,190,100,100,200,211,237,263,286,286,307,328,328,328,353,353,353,353],"floor_reached":16,"language":"ENG","playtime":808,"items_purged":[],"score":94,"play_id":"a84fe921-fe08-43a3-b6a2-5132abbf36ab","local_time":"20210212131540","is_ascension_mode":false,"campfire_choices":[],"circlet_count":0,"master_deck":["hexamod:Strike","hexamod:Strike","hexamod:Strike+1","hexamod:Defend","hexamod:Defend+1","hexamod:Defend+1","hexamod:Defend","hexamod:Sear","hexamod:Float","hexamod:ExtraCrispy","hexamod:NightmareStrike","hexamod:ThirdSeal","hexamod:HeatMetal","hexamod:SecondSeal","hexamod:SixthSeal","hexamod:AdvancingGuard","hexamod:SoulSteal+1","hexamod:GhostShield","hexamod:SpectersWail","hexamod:Rewind","hexamod:FlamesFromBeyond"],"relics":["hexamod:SpiritBrand","Lizard Tail","downfall:GremlinWheel","ReplayTheSpireMod:TigerMarble","Boot"],"acts_visited":["Exordium"],"potions_floor_usage":[12],"damage_taken":[{"damage":5.0,"enemies":"Cultist","floor":2.0,"turns":4.0},{"damage":0.0,"enemies":"downfall:FleeingMerchant","floor":3.0,"turns":4.0},{"damage":66.0,"enemies":"downfall:FleeingMerchant","floor":5.0,"turns":6.0},{"damage":3.0,"enemies":"Small Slimes","floor":6.0,"turns":3.0},{"damage":5,"enemies":"2 Louse","floor":8,"turns":3},{"damage":14,"enemies":"Exordium Wildlife","floor":9,"turns":6},{"damage":7,"enemies":"Blue Slaver","floor":11,"turns":5},{"damage":0,"enemies":"Exordium Thugs","floor":12,"turns":4},{"damage":32,"enemies":"Large Slime","floor":15,"turns":5},{"damage":9,"enemies":"WA_ARCHETYPE_RETAIN","floor":16,"turns":1}],"seed_played":"-3109412714206186407","potions_obtained":[{"floor":8,"key":"Adrenaline Potion"},{"floor":9,"key":"FairyPotion"},{"floor":11,"key":"LiquidBronze"},{"floor":12,"key":"FearPotion"},{"floor":15,"key":"Adrenaline Potion"}],"is_trial":false,"path_per_floor":["R","M","$","?","?","M","T","M","M","T","M","M","?","?","M","B"],"character_chosen":"THE_SPIRIT","items_purchased":["hexamod:ThirdSeal"],"campfire_rested":0,"item_purchase_floors":[3],"current_hp_per_floor":[49,44,44,44,35,32,32,27,13,13,6,6,6,3,5,0,0,0],"gold":353,"neow_bonus":"ONE_RARE_RELIC","is_daily":false,"chose_seed":false,"campfire_upgraded":0,"win_rate":0.0,"timestamp":1613153740,"path_taken":["R","M","$","?","?","?","T","M","M","?","M","M","?","?","M","BOSS"],"items_purchased_type":["Card"],"build_version":"2020-12-22","purchased_purges":0,"victory":false,"max_hp_per_floor":[70,70,70,70,70,70,70,70,70,70,70,70,70,70,70,70,70,70],"card_choices":[{"not_picked":["hexamod:ThermalTransfer","hexamod:ChargedBarrage"],"picked":"hexamod:ExtraCrispy","floor":2.0},{"not_picked":["hexamod:BacktrackSmack","hexamod:InspiringFlames"],"picked":"hexamod:NightmareStrike","floor":3.0},{"not_picked":["hexamod:NightmareStrike","hexamod:SpectersWail"],"picked":"hexamod:HeatMetal","floor":5.0},{"not_picked":["hexamod:HeatMetal","hexamod:Incineration"],"picked":"hexamod:SecondSeal","floor":6},{"not_picked":["hexamod:GhostLash","hexamod:RetreatToShadows"],"picked":"hexamod:SixthSeal","floor":8},{"not_picked":["hexamod:SpectersWail","hexamod:HeatMetal"],"picked":"hexamod:AdvancingGuard","floor":8},{"not_picked":["hexamod:HauntingEcho","hexamod:FastForward"],"picked":"hexamod:SoulSteal","floor":9},{"not_picked":["hexamod:ThermalTransfer","hexamod:InspiringFlames","hexamod:FastForward"],"picked":"SKIP","floor":9},{"not_picked":["hexamod:TimeOfNeed","hexamod:SwordOfDarkness"],"picked":"hexamod:GhostShield","floor":11},{"not_picked":["hexamod:FastForward","hexamod:SpectersWail","hexamod:ShieldOfDarkness"],"picked":"SKIP","floor":11},{"not_picked":["hexamod:FastForward","hexamod:SpectersWail","hexamod:ShieldOfDarkness"],"picked":"SKIP","floor":11},{"not_picked":["hexamod:PhantomFireball","hexamod:ExtraCrispy"],"picked":"hexamod:SpectersWail","floor":12},{"not_picked":["hexamod:SwordOfDarkness","hexamod:AdvancingGuard","hexamod:RainOfEmbers"],"picked":"SKIP","floor":12},{"not_picked":["hexamod:RetreatToShadows","hexamod:ChargedBarrage"],"picked":"hexamod:Rewind","floor":15},{"not_picked":["hexamod:GhostOfSpirePresent","hexamod:FastForward"],"picked":"hexamod:FlamesFromBeyond","floor":15}],"player_experience":310361,"relics_obtained":[{"floor":5.0,"key":"downfall:GremlinWheel"},{"floor":7,"key":"ReplayTheSpireMod:TigerMarble"},{"floor":10,"key":"Boot"}],"event_choices":[{"damage_healed":0,"gold_gain":0,"player_choice":"Fled","damage_taken":3,"max_hp_gain":0,"max_hp_loss":0,"event_name":"Scrap Ooze","floor":14,"gold_loss":0}],"is_beta":false,"boss_relics":[],"items_purged_floors":[],"is_endless":false,"potions_floor_spawned":[8,9,11,12,15],"killed_by":"WA_ARCHETYPE_RETAIN","ascension_level":0}}