{"host":"sc0o2qwpf9j16a4i","time":1613154979,"event":{"mods":["AchievementEnabler","BaseMod","BetterRewards","Block Reminder","Colored Map","Colored Powertips","Custom Start","Highlight Path","Minty Spire (QoL Compilation)","Relic Stats"],"gold_per_floor":[118,129,54,73,73,73,92,118,145,179,189,189,7,18,18,92,92,109,124,139,139,139,139,157,157,157],"floor_reached":25,"language":"ENG","playtime":628,"items_purged":[],"score":430,"play_id":"9c7ef273-e9a7-432a-948d-2b73f7fcff8d","local_time":"20210212203619","is_ascension_mode":true,"campfire_choices":[{"floor":6,"key":"REST"},{"floor":12,"key":"REST"},{"floor":15,"key":"RECALL"}],"circlet_count":0,"master_deck":["AscendersBane","Strike_R","Strike_R","Strike_R","Defend_R","Defend_R","Defend_R","Defend_R","Bash","Thunderclap","Cleave","Metallicize","Intimidate","Shrug It Off","Clothesline","Metallicize","Reaper","Impervious","Headbutt","Armaments","Bludgeon","Battle Trance","J.A.X.","Clothesline"],"relics":["Fusion Hammer","MealTicket","Bag of Preparation","Bag of Marbles","Coffee Dripper"],"acts_visited":["Exordium","TheCity"],"potions_floor_usage":[8,16,25],"damage_taken":[{"damage":9,"enemies":"2 Louse","floor":1,"turns":3},{"damage":7,"enemies":"Jaw Worm","floor":2,"turns":4},{"damage":1,"enemies":"Cultist","floor":4,"turns":3},{"damage":4,"enemies":"Blue Slaver","floor":7,"turns":5},{"damage":2,"enemies":"Lagavulin","floor":8,"turns":7},{"damage":13,"enemies":"Gremlin Nob","floor":10,"turns":4},{"damage":0,"enemies":"2 Fungi Beasts","floor":11,"turns":2},{"damage":9,"enemies":"Gremlin Gang","floor":14,"turns":3},{"damage":23,"enemies":"Slime Boss","floor":16,"turns":8},{"damage":3,"enemies":"Chosen","floor":18,"turns":4},{"damage":0,"enemies":"Spheric Guardian","floor":19,"turns":4},{"damage":5,"enemies":"3 Cultists","floor":20,"turns":5},{"damage":33,"enemies":"Snake Plant","floor":24,"turns":4},{"damage":65,"enemies":"Slavers","floor":25,"turns":4}],"seed_played":"-517727741474727908","potions_obtained":[{"floor":7,"key":"ColorlessPotion"},{"floor":8,"key":"CultistPotion"},{"floor":14,"key":"FairyPotion"},{"floor":19,"key":"BlessingOfTheForge"}],"is_trial":false,"path_per_floor":["M","M","?","M","?","R","M","E","T","E","M","R","$","M","R","B",null,"M","M","M","?","?","R","M","E"],"character_chosen":"IRONCLAD","items_purchased":["Impervious","Headbutt"],"campfire_rested":2,"item_purchase_floors":[13,13],"current_hp_per_floor":[59,52,52,51,51,73,69,67,67,54,54,75,75,66,66,53,70,73,73,70,70,49,49,19,0,0],"gold":157,"neow_bonus":"BOSS_RELIC","is_daily":false,"chose_seed":false,"campfire_upgraded":0,"win_rate":0.0,"timestamp":1613154979,"path_taken":["M","M","?","M","?","R","M","E","T","E","M","R","$","M","R","BOSS","M","M","M","?","?","R","M","E"],"items_purchased_type":["Card","Card"],"build_version":"2020-12-22","purchased_purges":0,"victory":false,"max_hp_per_floor":[75,75,75,75,75,75,75,75,75,75,75,75,75,75,75,75,75,75,75,75,75,80,80,80,80,80],"relic_stats":{"counters":[14,60],"MealTicket":0,"Bag of Preparation":[18],"obtain_stats":[{"MealTicket":8,"Fusion Hammer":0,"Bag of Preparation":9,"Bag of Marbles":10,"Coffee Dripper":17,"Burning Blood":0},{"MealTicket":5,"Fusion Hammer":0,"Bag of Preparation":5,"Bag of Marbles":6,"Coffee Dripper":9,"Burning Blood":0},{"MealTicket":22,"Fusion Hammer":0,"Bag of Preparation":22,"Bag of Marbles":26,"Coffee Dripper":39,"Burning Blood":0}]},"card_choices":[{"not_picked":["Havoc","Iron Wave"],"picked":"Thunderclap","floor":1},{"not_picked":["Ghostly Armor","Iron Wave"],"picked":"Cleave","floor":2},{"not_picked":["Bloodletting","Burning Pact"],"picked":"Metallicize","floor":4},{"not_picked":["Reckless Charge","Ghostly Armor"],"picked":"Shrug It Off","floor":7},{"not_picked":["Rage","Body Slam"],"picked":"Clothesline","floor":8},{"not_picked":["Pommel Strike","Flex"],"picked":"Metallicize","floor":10},{"not_picked":["Shrug It Off","Burning Pact"],"picked":"Reaper","floor":11},{"not_picked":["Seeing Red","Anger"],"picked":"Armaments","floor":14},{"not_picked":["Juggernaut","Limit Break"],"picked":"Bludgeon","floor":16},{"not_picked":["Pommel Strike","Wild Strike"],"picked":"Battle Trance","floor":18},{"not_picked":["Warcry","Rupture","Heavy Blade"],"picked":"SKIP","floor":19},{"not_picked":["Entrench","Seeing Red","Cleave"],"picked":"SKIP","floor":20},{"not_picked":["Blood for Blood","Thunderclap+1"],"picked":"Clothesline","floor":24}],"player_experience":1380893,"relics_obtained":[{"floor":8,"key":"MealTicket"},{"floor":9,"key":"Bag of Preparation"},{"floor":10,"key":"Bag of Marbles"}],"event_choices":[{"cards_removed":["Strike_R"],"damage_healed":0,"gold_gain":0,"player_choice":"Card Removal","damage_taken":0,"max_hp_gain":0,"max_hp_loss":0,"event_name":"The Cleric","floor":3,"gold_loss":75},{"damage_healed":0,"gold_gain":0,"cards_transformed":["Strike_R"],"player_choice":"Transformed","damage_taken":0,"max_hp_gain":0,"max_hp_loss":0,"event_name":"Transmorgrifier","floor":5,"gold_loss":0,"cards_obtained":["Intimidate"]},{"damage_healed":0,"gold_gain":0,"player_choice":"Obtain J.A.X.","damage_taken":0,"max_hp_gain":0,"max_hp_loss":0,"event_name":"Drug Dealer","floor":21,"gold_loss":0,"cards_obtained":["J.A.X."]},{"damage_healed":0,"gold_gain":0,"player_choice":"Shed Blood","damage_taken":26,"max_hp_gain":5,"max_hp_loss":0,"event_name":"Forgotten Altar","floor":22,"gold_loss":0}],"is_beta":false,"boss_relics":[{"not_picked":["Pandora\u0027s Box","Calling Bell"],"picked":"Coffee Dripper"}],"items_purged_floors":[],"is_endless":false,"potions_floor_spawned":[7,8,14,19],"killed_by":"Slavers","ascension_level":20}}