{"host":"xg4r5pv6chpuampg","time":1613150543,"event":{"mods":["AchievementEnabler","BaseMod","Googly Eyes","Minty Spire (QoL Compilation)"],"gold_per_floor":[111,8,19,29,29,29,59,59,132,175,202,202,217,229,229,340,340,353,365,277,277,327,327,366,366,366],"floor_reached":25,"language":"ENG","playtime":833,"items_purged":[],"score":231,"play_id":"67d5c0d2-76c4-47f3-836b-99b35276de92","local_time":"20210212202223","is_ascension_mode":false,"campfire_choices":[{"floor":6,"key":"REST"},{"floor":8,"key":"REST"},{"floor":12,"key":"REST"},{"floor":15,"key":"REST"},{"floor":23,"key":"REST"}],"circlet_count":0,"master_deck":["Strike_B","Strike_B","Strike_B","Defend_B","Defend_B","Defend_B","Defend_B","Zap","Dualcast","Capacitor","Defragment","Redo","Conserve Battery","Rebound","Ball Lightning+1","Loop","Electrodynamics","Streamline+1","Melter+1","Conserve Battery"],"relics":["Cracked Core","PreservedInsect","Smiling Mask","Molten Egg 2","CeramicFish","SlaversCollar","Centennial Puzzle"],"acts_visited":["Exordium","TheCity"],"potions_floor_usage":[16,25,25,25],"damage_taken":[{"damage":5,"enemies":"Small Slimes","floor":1,"turns":3},{"damage":8,"enemies":"Jaw Worm","floor":3,"turns":4},{"damage":6,"enemies":"2 Louse","floor":4,"turns":2},{"damage":44,"enemies":"Lagavulin","floor":7,"turns":7},{"damage":22,"enemies":"3 Sentries","floor":10,"turns":7},{"damage":13,"enemies":"Exordium Wildlife","floor":11,"turns":5},{"damage":9,"enemies":"3 Louse","floor":13,"turns":3},{"damage":8,"enemies":"2 Fungi Beasts","floor":14,"turns":3},{"damage":19,"enemies":"The Guardian","floor":16,"turns":9},{"damage":10,"enemies":"Chosen","floor":18,"turns":4},{"damage":28,"enemies":"2 Thieves","floor":19,"turns":3},{"damage":39,"enemies":"Book of Stabbing","floor":24,"turns":4},{"damage":10,"enemies":"Snake Plant","floor":25,"turns":1}],"seed_played":"7047738261895266590","potions_obtained":[{"floor":1,"key":"FocusPotion"},{"floor":4,"key":"Weak Potion"},{"floor":7,"key":"Weak Potion"},{"floor":19,"key":"Explosive Potion"},{"floor":24,"key":"BlessingOfTheForge"}],"is_trial":false,"path_per_floor":["M","$","M","M","?","R","E","R","T","E","M","R","M","M","R","B",null,"M","M","$","?","T","R","E","M"],"character_chosen":"DEFECT","items_purchased":["Defragment","Redo","Streamline+1","Melter+1"],"campfire_rested":5,"item_purchase_floors":[2,2,20,20],"current_hp_per_floor":[70,70,62,56,49,71,27,49,49,27,14,36,27,19,41,22,75,65,37,37,23,23,47,8,0,0],"gold":366,"neow_bonus":"RANDOM_COMMON_RELIC","is_daily":false,"chose_seed":false,"campfire_upgraded":0,"win_rate":0.0,"timestamp":1613150543,"path_taken":["M","$","M","M","?","R","E","R","T","E","M","R","M","M","R","BOSS","M","M","$","?","?","R","E","M"],"items_purchased_type":["Card","Card","Card","Card"],"build_version":"2020-12-22","purchased_purges":0,"victory":false,"max_hp_per_floor":[75,75,75,75,75,75,75,75,75,75,75,75,75,75,75,75,75,75,75,75,80,80,80,80,80,80],"card_choices":[{"not_picked":["Steam","Cold Snap"],"picked":"Capacitor","floor":1},{"not_picked":["Coolheaded","BootSequence"],"picked":"Conserve Battery","floor":3},{"not_picked":["Rip and Tear","Cold Snap","Redo"],"picked":"SKIP","floor":4},{"not_picked":["Cold Snap","Auto Shields"],"picked":"Rebound","floor":7},{"not_picked":["Gash+1","Redo"],"picked":"Ball Lightning+1","floor":10},{"not_picked":["Force Field","Hello World"],"picked":"Loop","floor":11},{"not_picked":["Cold Snap+1","Beam Cell+1","Sweeping Beam+1"],"picked":"SKIP","floor":13},{"not_picked":["Turbo","Sweeping Beam+1","Hologram"],"picked":"SKIP","floor":14},{"not_picked":["Echo Form","Thunder Strike+1"],"picked":"Electrodynamics","floor":16},{"not_picked":["Gash+1","Skim+1","Beam Cell+1"],"picked":"SKIP","floor":18},{"not_picked":["Skim","Beam Cell+1","Conserve Battery"],"picked":"SKIP","floor":19},{"not_picked":["Darkness+1","Rebound+1"],"picked":"Conserve Battery","floor":24}],"player_experience":118122,"relics_obtained":[{"floor":7,"key":"Smiling Mask"},{"floor":9,"key":"Molten Egg 2"},{"floor":10,"key":"CeramicFish"},{"floor":24,"key":"Centennial Puzzle"}],"event_choices":[{"cards_removed":["Strike_B"],"damage_healed":0,"gold_gain":0,"player_choice":"Card Removal","damage_taken":7,"max_hp_gain":0,"max_hp_loss":0,"event_name":"Golden Wing","floor":5,"gold_loss":0},{"damage_healed":0,"gold_gain":0,"player_choice":"Shed Blood","damage_taken":19,"max_hp_gain":5,"max_hp_loss":0,"event_name":"Forgotten Altar","floor":21,"gold_loss":0}],"is_beta":false,"boss_relics":[{"not_picked":["Busted Crown","Inserter"],"picked":"SlaversCollar"}],"items_purged_floors":[],"is_endless":false,"potions_floor_spawned":[1,4,7,14,19,24],"killed_by":"Snake Plant","ascension_level":0}}