{"host":"zjc1tzo4ovig5lll","time":1613154682,"event":{"mods":["AchievementEnabler","Aspiration","BaseMod","Beaked The Cultist","Better Altar","Better Match","Better Note","Better Sensory Stone","Colored Map","Colored Powertips","Conspire","Energized Spire","Friendly Minions","GifTheSpireLib","Halation","Hermit","Hubris","Minty Spire (QoL Compilation)","Rare Cards Sparkle","Reliquary","Replay The Spire","StSLib","The Blue Laboratory","The Bug Knight","The Construct","The Jungle","everything is the same but u backflip on backflip"],"gold_per_floor":[113,113,113,38,38,66,66,97,174,174,203,47,60,95,95,196,196,213,213,247,247,247,247,282,295,322,336,353,353,269,287,287,392,392,403,415,426,426,439,439,464,464,464,491,501,518,530,557,557,557,557,557,154,185,185],"floor_reached":56,"language":"ENG","playtime":3241,"items_purged":[],"score":1810,"play_id":"f9700cb1-8d9f-424d-a89b-4c75e7d3a851","local_time":"20210212203122","is_ascension_mode":true,"campfire_choices":[{"data":"beaked:Ceremony","floor":7.0,"key":"SMITH"},{"data":"beaked:KnowThyFoe","floor":10.0,"key":"SMITH"},{"floor":15.0,"key":"RECALL"},{"data":"beaked:AwakenedForm","floor":23.0,"key":"SMITH"},{"data":"beaked:AwakenedForm","floor":32.0,"key":"SMITH"},{"data":"conspire:Banana","floor":40.0,"key":"SMITH"},{"data":"conspire:Banana","floor":42.0,"key":"SMITH"},{"data":"beaked:Ceremony","floor":52.0,"key":"SMITH"}],"circlet_count":0,"master_deck":["beaked:Strike_Y+1","beaked:Strike_Y+1","beaked:Strike_Y+1","beaked:Strike_Y+1","beaked:Strike_Y+1","beaked:Strike_Y+1","beaked:Defend_Y+1","beaked:Defend_Y+1","beaked:Defend_Y+1","beaked:Defend_Y+1","beaked:Ceremony","beaked:Ceremony+1","beaked:Ceremony+1","beaked:Insight","beaked:MachineSpirit+1","beaked:Insight","beaked:KnowThyFoe+1","beaked:Insight","beaked:AwakenedForm+1","beaked:AwakenedForm+1","beaked:Insight","beaked:Insight","beaked:Poke+1","beaked:Poke+1","beaked:Poke+1","beaked:Poke+1","beaked:Poke+1","beaked:Poke+1","beaked:Poke+1","beaked:Poke+1","beaked:Poke+1","beaked:Poke+1","beaked:Poke+1","beaked:Poke+1","beaked:Poke+1","beaked:Poke+1","beaked:Poke+1","beaked:Poke+1","beaked:Poke+1","beaked:Poke+1","beaked:Poke+1","conspire:Banana+1","conspire:Banana+1","conspire:Banana","conspire:Banana","conspire:Banana","conspire:Banana","conspire:Banana","conspire:Banana","conspire:Banana","conspire:Banana","beaked:BraceForImpact+1","beaked:BraceForImpact+1","beaked:BraceForImpact+1","beaked:BraceForImpact+1","beaked:BraceForImpact+1","beaked:Insight+1","beaked:Insight+1","beaked:Insight+1","beaked:Insight+1","Finesse","Finesse","Finesse","Finesse","Finesse","Finesse","Finesse","Finesse","Finesse","Finesse","Finesse","Finesse","Finesse","Finesse","Finesse","Finesse","Finesse","Finesse","Finesse","Finesse","Finesse"],"relics":["beaked:MendingPlumage","NeowsBlessing","hubris:Icosahedron","TungstenRod","aspiration:FrozenJewel","Centennial Puzzle","halation:NonexistentMirror","reliquary:RedPaperclip","MutagenicStrength","Red Mask","TungstenRod","halation:PinkSoulGem","hubris:MedicalManual","White Beast Statue","reliquary:RoseTintedGlasses","aspiration:StickyExplosives_weak","halation:EternalFortune","aspiration:EmptySkull","reliquary:Boomerang","Replay:PocketPolymizer"],"acts_visited":["Exordium","TheCity","TheBeyond","TheEnding"],"potions_floor_usage":[55,55,55,55,55,55],"damage_taken":[{"damage":0.0,"enemies":"2 Louse","floor":1.0,"turns":1.0},{"damage":0.0,"enemies":"Gremlin Nob","floor":6.0,"turns":1.0},{"damage":0.0,"enemies":"3 Sentries","floor":8.0,"turns":3.0},{"damage":39.0,"enemies":"Gremlin Nob","floor":11.0,"turns":5.0},{"damage":6.0,"enemies":"Small Slimes","floor":13.0,"turns":4.0},{"damage":25.0,"enemies":"conspire:MimicChest","floor":14.0,"turns":6.0},{"damage":35.0,"enemies":"Fading Forest","floor":16.0,"turns":11.0},{"damage":8.0,"enemies":"Spheric Guardian","floor":18.0,"turns":3.0},{"damage":40.0,"enemies":"Masked Bandits","floor":20.0,"turns":7.0},{"damage":21.0,"enemies":"conspire:Head Lice","floor":24.0,"turns":6.0},{"damage":2.0,"enemies":"Shell Parasite","floor":25.0,"turns":4.0},{"damage":21.0,"enemies":"Centurion and Healer","floor":27.0,"turns":4.0},{"damage":6.0,"enemies":"3 Cultists","floor":28.0,"turns":5.0},{"damage":9.0,"enemies":"Shelled Parasite and Fungi","floor":31.0,"turns":4.0},{"damage":28.0,"enemies":"Collector","floor":33.0,"turns":5.0},{"damage":30.0,"enemies":"3 Shapes","floor":35.0,"turns":6.0},{"damage":2.0,"enemies":"Orb Walker","floor":36.0,"turns":3.0},{"damage":29.0,"enemies":"4 Shapes","floor":37.0,"turns":5.0},{"damage":83.0,"enemies":"Writhing Mass","floor":39.0,"turns":6.0},{"damage":32.0,"enemies":"Nemesis","floor":41.0,"turns":5.0},{"damage":5.0,"enemies":"Giant Head","floor":44.0,"turns":5.0},{"damage":8.0,"enemies":"Maw","floor":45.0,"turns":6.0},{"damage":16.0,"enemies":"Jaw Worm Horde","floor":46.0,"turns":4.0},{"damage":36.0,"enemies":"3 Darklings","floor":47.0,"turns":5.0},{"damage":28.0,"enemies":"HollowMod:StalkingDevout","floor":48.0,"turns":4.0},{"damage":123.0,"enemies":"Awakened One","floor":50.0,"turns":6.0},{"damage":50.0,"enemies":"Shield and Spear","floor":54.0,"turns":4.0},{"damage":70,"enemies":"The Heart","floor":55,"turns":5}],"seed_played":"6347835937680110571","potions_obtained":[{"floor":14.0,"key":"Dexterity Potion"},{"floor":36.0,"key":"Fire Potion"},{"floor":39.0,"key":"Fire Potion"},{"floor":54.0,"key":"EntropicBrew"}],"is_trial":false,"path_per_floor":["M","?","?","?","?","E","R","E","T","R","E","$","M","?","R","B",null,"M","?","?","?","$","R","E","M","T","M","M","?","$","M","R","B",null,"M","M","M","?","M","R","E","R","T","E","M","M","M","E","R_BF","B",null,"R","$","E","B",null],"character_chosen":"BEAKED_THE_CULTIST","items_purchased":["halation:NonexistentMirror","conspire:Banana","aspiration:EmptySkull","reliquary:Boomerang","Finesse"],"campfire_rested":0,"item_purchase_floors":[12,30,53,53,53],"current_hp_per_floor":[50,50,50,50,50,50,50,50,50,50,18,18,33,35,35,37,47,44,44,44,44,44,44,50,50,50,46,50,50,50,60,60,70,70,70,83,91,91,59,59,100,100,100,127,139,151,163,175,178,183,188,188,188,202,214],"gold":185,"neow_bonus":"THREE_ENEMY_KILL","is_daily":false,"chose_seed":false,"campfire_upgraded":7,"win_rate":0.0,"timestamp":1613154682,"path_taken":["M","?","?","?","?","E","R","E","T","R","E","?","?","?","R","BOSS","M","?","?","?","$","R","E","M","T","M","M","?","$","?","R","BOSS","M","M","?","?","M","R","E","R","T","E","M","M","M","E","R_BF","BOSS","R","$","E","BOSS"],"items_purchased_type":["Relic","Card","Relic","Relic","Card"],"build_version":"2020-12-22","purchased_purges":0,"victory":true,"max_hp_per_floor":[50,50,50,50,50,50,50,50,50,50,50,50,50,50,50,50,50,50,50,50,50,50,50,50,50,50,50,50,50,50,60,60,70,70,79,84,94,94,104,104,115,115,115,127,139,151,163,175,178,190,190,190,190,202,214],"card_choices":[{"not_picked":["beaked:WarriorEssence","beaked:Poke","beaked:Windmill"],"picked":"SKIP","floor":1.0},{"not_picked":["beaked:Struggle+1","beaked:WarriorSpirit+1"],"picked":"beaked:MachineSpirit+1","floor":4.0},{"not_picked":["beaked:FakeOut","beaked:Pecker"],"picked":"beaked:Insight","floor":6.0},{"not_picked":["beaked:Overexert","beaked:WarriorEssence"],"picked":"beaked:KnowThyFoe","floor":8.0},{"not_picked":["beaked:SurvivalInstinct","beaked:Mantra"],"picked":"beaked:Insight","floor":11.0},{"not_picked":["beaked:CrazyRituals","beaked:Recite","beaked:Devastation"],"picked":"SKIP","floor":13.0},{"not_picked":["beaked:DarkPact","beaked:SacrificialScars"],"picked":"beaked:AwakenedForm","floor":16.0},{"not_picked":["beaked:Resilience","beaked:Insight+1","beaked:Poke+1"],"picked":"SKIP","floor":18.0},{"not_picked":["beaked:Evade","beaked:Tradeoff"],"picked":"beaked:Insight","floor":20.0},{"not_picked":["ReplayTheSpireMod:Owlgaze","beaked:SurvivalInstinct"],"picked":"beaked:Poke+1","floor":24.0},{"not_picked":["beaked:Tradeoff+1","beaked:Resilience","beaked:VigorBurst"],"picked":"SKIP","floor":25.0},{"not_picked":["beaked:Roost+1","beaked:BraceForImpact","beaked:Windmill+1"],"picked":"SKIP","floor":27.0},{"not_picked":["beaked:Daydream","beaked:Insight"],"picked":"beaked:Poke+1","floor":28.0},{"not_picked":["beaked:Poke","beaked:Recite","beaked:Cower"],"picked":"SKIP","floor":31.0},{"not_picked":["beaked:Devastation","beaked:Evade","beaked:FeelMyPain+1"],"picked":"SKIP","floor":35.0},{"not_picked":["beaked:Struggle+1","beaked:HuntressSpirit","beaked:Recite+1"],"picked":"SKIP","floor":36.0},{"not_picked":["beaked:Roost","beaked:Cower+1"],"picked":"beaked:BraceForImpact+1","floor":37.0},{"not_picked":["beaked:CursingBlood+1","beaked:Evade","beaked:WindBringer"],"picked":"SKIP","floor":39.0},{"not_picked":["beaked:DigDeeper","beaked:Flinch"],"picked":"beaked:Insight+1","floor":41.0},{"not_picked":["beaked:Roost+1","beaked:StickSmack","beaked:MimicMachine"],"picked":"SKIP","floor":44.0},{"not_picked":["beaked:Hexing+1","beaked:Tweet+1","beaked:Poke+1"],"picked":"SKIP","floor":45.0},{"not_picked":["beaked:WarriorSpirit+1","beaked:StickSmack+1","beaked:Insight+1"],"picked":"SKIP","floor":46.0},{"not_picked":["beaked:Daydream","beaked:WarriorSpirit","beaked:Cower"],"picked":"SKIP","floor":47.0},{"not_picked":["beaked:FeelMyPain","beaked:SacrificialAttack+1","beaked:Resilience+1"],"picked":"SKIP","floor":48.0},{"not_picked":["beaked:SurvivalInstinct+1","beaked:Struggle","beaked:Daydream"],"picked":"SKIP","floor":54.0}],"player_experience":720670,"relics_obtained":[{"floor":6.0,"key":"Replay:Winged Headress"},{"floor":8.0,"key":"TungstenRod"},{"floor":9.0,"key":"aspiration:FrozenJewel"},{"floor":11.0,"key":"Centennial Puzzle"},{"floor":14.0,"key":"reliquary:IridiumChain"},{"floor":20.0,"key":"Red Mask"},{"floor":24.0,"key":"reliquary:SculptingSteel"},{"floor":41.0,"key":"hubris:MedicalManual"},{"floor":43.0,"key":"White Beast Statue"},{"floor":44.0,"key":"reliquary:RoseTintedGlasses"},{"floor":48.0,"key":"aspiration:StickyExplosives_weak"},{"floor":54.0,"key":"Replay:PocketPolymizer"}],"event_choices":[{"damage_healed":0.0,"max_hp_gain":0.0,"max_hp_loss":0.0,"gold_gain":0.0,"event_name":"betterMatch:BetterMatch","player_choice":"2","floor":4.0,"gold_loss":0.0,"damage_taken":0.0,"cards_obtained":["betterMatch:UncommonCard"]},{"damage_healed":0.0,"max_hp_gain":0.0,"max_hp_loss":0.0,"gold_gain":0.0,"event_name":"The Cleric","player_choice":"Leave","floor":5.0,"gold_loss":0.0,"damage_taken":0.0},{"damage_healed":0.0,"max_hp_gain":0.0,"max_hp_loss":0.0,"gold_gain":0.0,"event_name":"Drug Dealer","player_choice":"Inject Mutagens","floor":19.0,"gold_loss":0.0,"damage_taken":0.0,"relics_obtained":["MutagenicStrength"]},{"damage_healed":0.0,"max_hp_gain":0.0,"max_hp_loss":0.0,"gold_gain":0.0,"event_name":"Masked Bandits","player_choice":"Fought Bandits","floor":20.0,"gold_loss":0.0,"damage_taken":0.0},{"damage_healed":0.0,"max_hp_gain":0.0,"max_hp_loss":0.0,"gold_gain":0.0,"event_name":"Back to Basics","player_choice":"Simplicity","floor":21.0,"gold_loss":0.0,"damage_taken":0.0,"cards_upgraded":["beaked:Strike_Y","beaked:Strike_Y","beaked:Strike_Y","beaked:Strike_Y","beaked:Strike_Y","beaked:Strike_Y","beaked:Defend_Y","beaked:Defend_Y","beaked:Defend_Y","beaked:Defend_Y"]},{"cards_removed":["beaked:Poke"],"damage_healed":0.0,"max_hp_gain":0.0,"max_hp_loss":0.0,"gold_gain":0.0,"event_name":"Purifier","player_choice":"Purged","floor":29.0,"gold_loss":0.0,"damage_taken":0.0}],"is_beta":false,"boss_relics":[{"not_picked":["hubris:TerracottaHorce","hubris:ScarierMask"],"picked":"reliquary:RedPaperclip"},{"not_picked":["beaked:FlawlessSticks","hubris:VirtuousBlindfold","hubris:RunicObelisk"]}],"items_purged_floors":[],"is_endless":false,"potions_floor_spawned":[6,13,14,24,28,31,36,39,41,44,45,46,47,48,54],"ascension_level":5}}