{"host":"ox77rn1xcurm2t5a","time":1613088102,"event":{"mods":["2.2 Compatiblity","AchievementEnabler","Act Like it!","Aspiration","BaseMod","Best Route Mod","Better Match","Better Note","Better Sensory Stone","Block Reminder","Colored Map","Colored Powertips","Conjunction","Conspire","Custom Start","Energized Spire","GifTheSpireLib","Gold Saver","Gremlin Skip","Halation","Highlight Path","Hubris","Infinite Spire","Minty Spire (QoL Compilation)","Pale of the Ancients","Quick Restart","Replay The Spire","Reworked Bosses","ShortenTheSpire","Spire Exporter","StSLib","Stuff the Spire","Wandering Minibosses"],"gold_per_floor":[118,118,8232,8249,7426,7455,7455,7472,7499,7499,7526,7526,7551,7569,7569,7667,7667,7681,7681,7692,7248,7266,7300,7315,7342,7365,7365,6916,6916,6916,6946,6946,7047,7047,7067,7067,6814,6824,6824,6858,6869,6896,6944,6944,6944,6961,6961,6981,6981,6981,6981,6981,6494,6520,6520],"floor_reached":56,"language":"ENG","playtime":1769,"items_purged":["Strike_G","Strike_G","Strike_G","Strike_G","Defend_G"],"score":1616,"play_id":"1df88062-58e1-4ad9-a80d-198284d470b3","local_time":"20210212020142","is_ascension_mode":true,"campfire_choices":[{"floor":7.0,"key":"RECALL"},{"data":"Deadly Poison","floor":10.0,"key":"SMITH"},{"data":"Catalyst","floor":12.0,"key":"SMITH"},{"data":"Neutralize","floor":15.0,"key":"SMITH"},{"data":"StuffTheSpire:ReptileScales","floor":27.0,"key":"SMITH"},{"data":"StuffTheSpire:Incantation","floor":30.0,"key":"SMITH"},{"data":"Poisoned Stab","floor":32.0,"key":"SMITH"},{"data":"Accuracy","floor":47.0,"key":"SMITH"},{"data":"Accuracy","floor":49.0,"key":"SMITH"},{"data":"After Image","floor":52.0,"key":"SMITH"}],"circlet_count":0,"master_deck":["Defend_G","Defend_G","Defend_G","Defend_G","Survivor","Neutralize+1","Deadly Poison+1","Quick Slash","Flying Knee+1","Catalyst+1","Backstab","Infinite Blades+1","StuffTheSpire:Incantation+1","Backstab","Poisoned Stab+1","After Image+1","Replay:Poison Smokescreen+1","Accuracy+1","StuffTheSpire:ReptileScales+1","Dagger Spray","Accuracy+1","Flying Knee","Backstab","Corpse Explosion+1","Dagger Spray+1","Fluid Movement+1","Deadly Poison+1","Sucker Punch+1","ReplayTheSpireMod:Scrap Shanks+1","infinitespire:NeuralNetwork","Infinite Blades","hubris:DuctTapeCard","Deflect+1"],"relics":["Ring of the Snake","NeowsBlessing","Tiny Chest","Replay:Towering Pillar of Hats","OrangePellets","hubris:EmptyBottle","infinitespire:ShieldingShard","TungstenRod","ReplayTheSpireMod:Lightbulb","Ice Cream","conspire:RoyalGoblet","Vajra","Orrery","conspire:Dentures","Smiling Mask","Bag of Marbles","TwistedFunnel","hubris:TenFootPole","Toy Ornithopter","hubris:ScarierMask","HornCleat","halation:Sosunser","hubris:DuctTape","hubris:Reverence","Replay:Mystery Machine","Toolbox","Lantern","StuffTheSpire:Gunfinga","Lee\u0027s Waffle"],"acts_visited":["Exordium","TheCity","TheBeyond","TheEnding"],"potions_floor_usage":[55,55,55,55,55],"damage_taken":[{"damage":0.0,"enemies":"Jaw Worm","floor":1.0,"turns":1.0},{"damage":0.0,"enemies":"Cultist","floor":4.0,"turns":1.0},{"damage":0.0,"enemies":"Lagavulin","floor":6.0,"turns":1.0},{"damage":0.0,"enemies":"2 Louse","floor":8.0,"turns":2.0},{"damage":0.0,"enemies":"3 Sentries","floor":11.0,"turns":5.0},{"damage":1.0,"enemies":"Gremlin Nob","floor":13.0,"turns":3.0},{"damage":0.0,"enemies":"Blue Slaver","floor":14.0,"turns":3.0},{"damage":0.0,"enemies":"The Guardian","floor":16.0,"turns":7.0},{"damage":0.0,"enemies":"Spheric Guardian","floor":18.0,"turns":4.0},{"damage":6.0,"enemies":"2 Thieves","floor":20.0,"turns":5.0},{"damage":6.0,"enemies":"Snake Plant","floor":22.0,"turns":3.0},{"damage":7.0,"enemies":"Slavers","floor":23.0,"turns":5.0},{"damage":0.0,"enemies":"Cultist and Chosen","floor":24.0,"turns":5.0},{"damage":0.0,"enemies":"Gremlin Leader","floor":25.0,"turns":6.0},{"damage":0.0,"enemies":"conspire:SneckoGhost","floor":31.0,"turns":5.0},{"damage":13.0,"enemies":"bossMod:newCollector","floor":33.0,"turns":6.0},{"damage":5.0,"enemies":"Orb Walker","floor":35.0,"turns":2.0},{"damage":0.0,"enemies":"3 Darklings","floor":38.0,"turns":3.0},{"damage":15.0,"enemies":"Nemesis","floor":40.0,"turns":7.0},{"damage":0.0,"enemies":"Jaw Worm Horde","floor":41.0,"turns":3.0},{"damage":10.0,"enemies":"Reptomancer","floor":42.0,"turns":6.0},{"damage":0.0,"enemies":"Maw","floor":46.0,"turns":6.0},{"damage":0.0,"enemies":"Spire Growth","floor":48.0,"turns":4.0},{"damage":0.0,"enemies":"bossMod:newShapes","floor":50.0,"turns":6.0},{"damage":0,"enemies":"Shield and Spear","floor":54,"turns":4},{"damage":44,"enemies":"The Heart","floor":55,"turns":8}],"seed_played":"-6427175834207560953","potions_obtained":[{"floor":4.0,"key":"infinitespire:BlackPotion"},{"floor":20.0,"key":"Poison Potion"},{"floor":24.0,"key":"Venom Potion"},{"floor":25.0,"key":"Energy Potion"},{"floor":33.0,"key":"Strength Potion"},{"floor":40.0,"key":"LiquidMemories"}],"is_trial":false,"path_per_floor":["M","?","$","M","$","E","R","M","T","R","E","R","E","M","R","B",null,"M","?","M","$","M","E","M","E","T","R","$","?","R","E","R","B",null,"M","T","$","M","?","E","M","E","T","?","AVR","M","R","M","R","B",null,"R","$","E","B",null],"character_chosen":"THE_SILENT","items_purchased":["Tiny Chest","Replay:Towering Pillar of Hats","OrangePellets","Quick Slash","Poison Potion","Dexterity Potion","Elixir","Flying Knee+1","hubris:EmptyBottle","infinitespire:ShieldingShard","TungstenRod","StuffTheSpire:Incantation","Vajra","Backstab","Orrery","TwistedFunnel","hubris:TenFootPole","Accuracy","Flying Knee","halation:Sosunser","Fluid Movement+1","Lantern","StuffTheSpire:Gunfinga","Lee\u0027s Waffle","AttackPotion"],"campfire_rested":0,"item_purchase_floors":[3,3,3,3,3,3,3,5,5,5,5,21,21,21,21,28,28,28,28,37,37,53,53,53,53],"current_hp_per_floor":[70,70,70,70,70,70,70,70,70,70,70,70,69,69,69,69,70,70,65,59,59,53,46,46,46,46,46,46,46,46,46,46,43,70,65,65,65,65,65,55,55,45,45,45,45,45,45,45,45,55,70,70,77,77,33],"gold":6520,"neow_bonus":"THREE_ENEMY_KILL","is_daily":false,"chose_seed":false,"campfire_upgraded":9,"win_rate":0.0,"timestamp":1613088102,"path_taken":["M","?","$","?","$","E","R","M","T","R","E","R","E","M","R","BOSS","M","?","M","$","M","E","M","E","T","R","$","?","R","E","R","BOSS","M","?","$","M","?","E","M","E","T","?","AVR","M","R","M","R","BOSS","R","$","E","BOSS"],"items_purchased_type":["Relic","Relic","Relic","Card","Potion","Potion","Potion","Card","Relic","Relic","Relic","Card","Relic","Card","Relic","Relic","Relic","Card","Card","Relic","Card","Relic","Relic","Relic","Potion"],"build_version":"2020-12-22","purchased_purges":5,"victory":true,"max_hp_per_floor":[70,70,70,70,70,70,70,70,70,70,70,70,70,70,70,70,70,70,70,70,70,70,70,70,70,70,70,70,70,70,70,70,70,70,70,70,70,70,70,70,70,70,70,70,70,70,70,70,70,70,70,70,77,77,77],"card_choices":[{"not_picked":["Sucker Punch","Heel Hook"],"picked":"Deadly Poison","floor":1.0},{"not_picked":["Hidden Blade","ReplayTheSpireMod:Exploit Weakness","Underhanded Strike"],"picked":"SKIP","floor":4.0},{"not_picked":["Well Laid Plans","Reflex","ReplayTheSpireMod:The Works"],"picked":"SKIP","floor":6.0},{"not_picked":["Blade Dance","Slice","Tactician"],"picked":"SKIP","floor":8.0},{"not_picked":["Underhanded Strike","Poisoned Stab"],"picked":"Catalyst","floor":11.0},{"not_picked":["hubris:Sniper","conspire:DoublingDagger","StuffTheSpire:Shiver"],"picked":"SKIP","floor":13.0},{"not_picked":["Expertise","ReplayTheSpireMod:The Works"],"picked":"Backstab","floor":14.0},{"not_picked":["Underhanded Strike","StuffTheSpire:Python"],"picked":"Infinite Blades+1","floor":18.0},{"not_picked":["ReplayTheSpireMod:Tripwire+1","Backflip"],"picked":"Deflect+1","floor":20.0},{"not_picked":["Sucker Punch","Crippling Poison"],"picked":"Poisoned Stab","floor":21.0},{"not_picked":["Sneak Up","StuffTheSpire:BrimstoneBlast+1"],"picked":"After Image","floor":21.0},{"not_picked":["All Out Attack+1","Tactician+1"],"picked":"Deflect+1","floor":21.0},{"not_picked":["Underhanded Strike","Bullet Time"],"picked":"Replay:Poison Smokescreen+1","floor":21.0},{"not_picked":["StuffTheSpire:MirrorStance","ReplayTheSpireMod:Exploit Weakness+1"],"picked":"Accuracy","floor":21.0},{"not_picked":["Sneak Up+1","StuffTheSpire:Python+1","Outmaneuver"],"picked":"SKIP","floor":22.0},{"not_picked":["Acrobatics","Phantasmal Killer"],"picked":"StuffTheSpire:ReptileScales","floor":23.0},{"not_picked":["Prepared","StuffTheSpire:Repulse+1"],"picked":"Dagger Spray","floor":24.0},{"not_picked":["Replay:Poison Smokescreen","Setup","StuffTheSpire:Shiver"],"picked":"SKIP","floor":25.0},{"not_picked":["Caltrops","ReplayTheSpireMod:Exploit Weakness"],"picked":"Backstab","floor":31.0},{"not_picked":["Wraith Form v2","Bullet Time"],"picked":"Corpse Explosion","floor":33.0},{"not_picked":["Hidden Blade","Dagger Throw"],"picked":"Dagger Spray+1","floor":35.0},{"not_picked":["Dagger Throw","Hidden Blade+1"],"picked":"Deadly Poison+1","floor":38.0},{"not_picked":["Underhanded Strike","StuffTheSpire:Python","Hidden Blade"],"picked":"SKIP","floor":40.0},{"not_picked":["Deflect","Outmaneuver+1"],"picked":"Sucker Punch+1","floor":41.0},{"not_picked":["ReplayTheSpireMod:Necrosis","Bane"],"picked":"ReplayTheSpireMod:Scrap Shanks+1","floor":42.0},{"not_picked":["StuffTheSpire:Injection+1","Distraction"],"picked":"Infinite Blades","floor":46.0},{"not_picked":["Bane+1","Finisher","Underhanded Strike+1"],"picked":"SKIP","floor":48.0},{"not_picked":["Acrobatics+1","hubris:SlightOfHand"],"picked":"Deflect+1","floor":54}],"player_experience":3092087,"relics_obtained":[{"floor":11.0,"key":"ReplayTheSpireMod:Lightbulb"},{"floor":13.0,"key":"Ice Cream"},{"floor":23.0,"key":"conspire:Dentures"},{"floor":25.0,"key":"Smiling Mask"},{"floor":26.0,"key":"Bag of Marbles"},{"floor":31.0,"key":"Toy Ornithopter"},{"floor":36.0,"key":"HornCleat"},{"floor":40.0,"key":"hubris:DuctTape"},{"floor":42.0,"key":"hubris:Reverence"},{"floor":43.0,"key":"Replay:Mystery Machine"}],"event_choices":[{"cards_removed":["Strike_G"],"damage_healed":0.0,"max_hp_gain":0.0,"max_hp_loss":0.0,"gold_gain":0.0,"event_name":"Bonfire Elementals","player_choice":"Offered Basic","floor":2.0,"gold_loss":0.0,"damage_taken":0.0},{"damage_healed":0.0,"max_hp_gain":0.0,"max_hp_loss":0.0,"gold_gain":0.0,"event_name":"Knowing Skull","player_choice":"","floor":19.0,"potions_obtained":[],"gold_loss":0.0,"damage_taken":6.0,"cards_obtained":[]},{"damage_healed":0.0,"max_hp_gain":0.0,"max_hp_loss":0.0,"gold_gain":0.0,"event_name":"betterNote:BetterNote","player_choice":"Ignored","floor":29.0,"gold_loss":0.0,"damage_taken":0.0,"cards_obtained":["Strike_P"]}],"is_beta":false,"boss_relics":[{"not_picked":["Busted Crown","Replay:Grab Bag"],"picked":"conspire:RoyalGoblet"},{"not_picked":["energizedSpire:StickyHand","StuffTheSpire:RunicHypercube"],"picked":"hubris:ScarierMask"}],"items_purged_floors":[3,5,28,37,45],"is_endless":false,"potions_floor_spawned":[4,13,14,20,24,25,33,38,40,41,48,54],"ascension_level":1}}