{"host":"opg65mucj6ra7dr1","time":1613147983,"event":{"mods":["BaseMod","DeckTracker","Keyboard Shortcuts","Minty Spire (QoL Compilation)","Permanent Neow","Quick Restart","everything is the same but u backflip on backflip"],"gold_per_floor":[119,294,341,341,360,360,379,412,438,438,458,408,408,14,14,123,123,147,5,14,14,14,55,55,83,83,83,83,83],"floor_reached":28,"language":"KOR","playtime":513,"items_purged":["Strike_G"],"score":386,"play_id":"027b3fda-0066-4047-a3ee-d0f7c9097f64","local_time":"20210213013943","is_ascension_mode":true,"campfire_choices":[{"data":"Catalyst","floor":6.0,"key":"SMITH"},{"data":"Deadly Poison","floor":10.0,"key":"SMITH"},{"data":"Poisoned Stab","floor":13.0,"key":"SMITH"},{"data":"Footwork","floor":15.0,"key":"SMITH"},{"floor":27.0,"key":"REST"}],"circlet_count":0,"master_deck":["AscendersBane","Strike_G","Strike_G+1","Strike_G","Defend_G","Defend_G","Defend_G","Defend_G","Survivor","Neutralize+1","Catalyst+1","Deadly Poison+1","Poisoned Stab+1","Prepared","Bouncing Flask","Footwork+1","Poisoned Stab","Adrenaline","Prepared","Well Laid Plans","Sucker Punch","PiercingWail","Dodge and Roll"],"relics":["Ring of the Snake","NeowsBlessing","Nunchaku","Happy Flower","CeramicFish","Gremlin Horn","Black Star","Bronze Scales","Whetstone","MutagenicStrength","Vajra"],"acts_visited":["Exordium","TheCity"],"potions_floor_usage":[28],"damage_taken":[{"damage":0.0,"enemies":"Small Slimes","floor":1.0,"turns":1.0},{"damage":0.0,"enemies":"Jaw Worm","floor":5.0,"turns":1.0},{"damage":0.0,"enemies":"Cultist","floor":7.0,"turns":1.0},{"damage":30.0,"enemies":"Gremlin Nob","floor":8.0,"turns":4.0},{"damage":0.0,"enemies":"Gremlin Gang","floor":11.0,"turns":4.0},{"damage":16.0,"enemies":"Hexaghost","floor":16.0,"turns":7.0},{"damage":8.0,"enemies":"Shell Parasite","floor":18.0,"turns":3.0},{"damage":45.0,"enemies":"Slavers","floor":23.0,"turns":8.0},{"damage":2.0,"enemies":"3 Byrds","floor":25.0,"turns":2.0},{"damage":1,"enemies":"Book of Stabbing","floor":28,"turns":5}],"seed_played":"-7999392095807927404","potions_obtained":[{"floor":7.0,"key":"Strength Potion"},{"floor":8.0,"key":"AttackPotion"},{"floor":16.0,"key":"Weak Potion"},{"floor":18.0,"key":"Poison Potion"},{"floor":23.0,"key":"Explosive Potion"},{"floor":25.0,"key":"LiquidBronze"}],"is_trial":false,"path_per_floor":["M","?","T","?","M","R","M","E","T","R","M","?","R","$","R","B",null,"M","$","?","$","?","E","?","M","T","R","E"],"character_chosen":"THE_SILENT","items_purchased":["Gremlin Horn","Bouncing Flask","Footwork","Poisoned Stab","Well Laid Plans"],"campfire_rested":1,"item_purchase_floors":[14,14,14,14,19],"current_hp_per_floor":[63,63,63,63,63,63,63,33,33,33,33,33,33,33,33,17,57,49,49,49,49,49,4,4,2,2,23,22,22],"gold":83,"neow_bonus":"THREE_ENEMY_KILL","is_daily":false,"chose_seed":false,"campfire_upgraded":4,"win_rate":0.0,"timestamp":1613147983,"path_taken":["M","?","?","?","?","R","?","E","T","R","M","?","R","$","R","BOSS","M","$","?","?","?","E","?","M","T","R","E"],"items_purchased_type":["Relic","Card","Card","Card","Card"],"build_version":"2020-12-22","purchased_purges":1,"victory":false,"max_hp_per_floor":[70,70,70,70,70,70,70,70,70,70,70,70,70,70,70,70,70,70,70,70,70,70,70,70,70,70,70,70,70],"card_choices":[{"not_picked":["Poisoned Stab","Cloak And Dagger"],"picked":"Catalyst","floor":1.0},{"not_picked":["Eviscerate","Backflip"],"picked":"Deadly Poison","floor":5.0},{"not_picked":["Quick Slash","Flechettes"],"picked":"Poisoned Stab","floor":7.0},{"not_picked":["Wraith Form v2","Flying Knee"],"picked":"Prepared","floor":8.0},{"not_picked":["Sucker Punch","Blade Dance","Slice"],"picked":"SKIP","floor":11.0},{"not_picked":["Grand Finale","Glass Knife"],"picked":"Adrenaline","floor":16.0},{"not_picked":["Sucker Punch","Dagger Spray"],"picked":"Prepared","floor":18.0},{"not_picked":["Underhanded Strike","Dagger Throw"],"picked":"PiercingWail","floor":23.0},{"not_picked":["Prepared","Quick Slash"],"picked":"Dodge and Roll","floor":25.0}],"player_experience":176863,"relics_obtained":[{"floor":3.0,"key":"Nunchaku"},{"floor":8.0,"key":"Happy Flower"},{"floor":9.0,"key":"CeramicFish"},{"floor":23.0,"key":"Bronze Scales"},{"floor":23.0,"key":"Whetstone"},{"floor":26.0,"key":"Vajra"}],"event_choices":[{"damage_healed":0.0,"max_hp_gain":0.0,"max_hp_loss":0.0,"gold_gain":175.0,"event_name":"Liars Game","player_choice":"AGREE","floor":2.0,"gold_loss":0.0,"damage_taken":0.0,"cards_obtained":["Doubt"]},{"cards_removed":["Doubt"],"damage_healed":0.0,"max_hp_gain":0.0,"max_hp_loss":0.0,"gold_gain":0.0,"event_name":"Fountain of Cleansing","player_choice":"Removed Curses","floor":4.0,"gold_loss":0.0,"damage_taken":0.0},{"cards_removed":["Strike_G"],"damage_healed":0.0,"max_hp_gain":0.0,"max_hp_loss":0.0,"gold_gain":0.0,"event_name":"The Cleric","player_choice":"Card Removal","floor":12.0,"gold_loss":50.0,"damage_taken":0.0},{"damage_healed":0.0,"max_hp_gain":0.0,"max_hp_loss":0.0,"gold_gain":0.0,"cards_transformed":["Defend_G"],"event_name":"Transmorgrifier","player_choice":"Transformed","floor":20.0,"gold_loss":0.0,"damage_taken":0.0,"cards_obtained":["Sucker Punch"]},{"damage_healed":0.0,"max_hp_gain":0.0,"max_hp_loss":0.0,"gold_gain":0.0,"event_name":"Vampires","player_choice":"Ignored","floor":22.0,"gold_loss":0.0,"damage_taken":0.0},{"damage_healed":0.0,"max_hp_gain":0.0,"max_hp_loss":0.0,"gold_gain":0.0,"event_name":"Drug Dealer","player_choice":"Inject Mutagens","floor":24.0,"gold_loss":0.0,"damage_taken":0.0,"relics_obtained":["MutagenicStrength"]}],"is_beta":false,"boss_relics":[{"not_picked":["Runic Dome","Ectoplasm"],"picked":"Black Star"}],"items_purged_floors":[19],"is_endless":false,"potions_floor_spawned":[7,8,16,18,23,25],"killed_by":"Book of Stabbing","ascension_level":10}}