{"host":"9xq257ad8931sio9","time":1613133618,"event":{"mods":["BaseMod","Better Third Choice","BetterRewards","Card Forge","Custom Start","Minty Spire (QoL Compilation)","StSLib","SuperFastMode","Uncapped"],"gold_per_floor":[443,316,13,57,57,113,113,156,226,291,342,409,33,33,33,141,141,187,267,325,325,102,102,147,189,239,156,198,258,298,298,298,431,431,477,231,281,321,405,463,463,463,518,298,298,340,382,431,431,461,516],"floor_reached":52,"language":"ENG","playtime":4089,"items_purged":[],"score":2616,"play_id":"b0b1d3b6-04cc-42db-b580-e66665e40d1e","local_time":"20210212044018","is_ascension_mode":true,"campfire_choices":[{"floor":7,"key":"REST"},{"data":"Streamline","floor":15,"key":"SMITH"},{"floor":23,"key":"REST"},{"floor":32,"key":"REST"},{"data":"1","floor":41,"key":"LIFT"},{"data":"2","floor":49,"key":"LIFT"}],"circlet_count":0,"master_deck":["Smite+1","Expunger+1","ThroughViolence+1","Swift Strike+1","Flash of Steel+1","Mind Blast+1","Dramatic Entrance+1","RitualDagger+1","HandOfGreed+1","FameAndFortune+1","Miracle+1","Good Instincts+1","Panacea+1","Finesse+1","Bandage Up+1","Impatience+1","Trip+1","Discovery+1","Dark Shackles+1","Madness+1","Secret Technique+1","Violence+1","Secret Weapon+1","Master of Strategy+1","Panache+1","Sadistic Nature+1","Omega+1","Blizzard+1","Doom and Gloom+1","Core Surge+1","Rip and Tear+1","Rebound+1","Sweeping Beam+1","Barrage+1","Compile Driver+1","Go for the Eyes+1","Gash+1","Beam Cell+1","FTL+1","Hyperbeam+1","Zap+1","Turbo+1","Redo+1","Stack+1","Conserve Battery+1","Reinforced Body+1","Tempest+1","BootSequence+1","Chill+1","White Noise+1","Skim+1","Double Energy+1","Seek+1","Reboot+1","Fission+1","Machine Learning+1","Buffer+1","Storm+1","Biased Cognition+1","Loop+1","Self Repair+1","Electrodynamics+1","Melter+1","Genetic Algorithm+1","Sunder+1","Barrage+1","Leap+1","Streamline+1","BootSequence+1","Redo+1","Sweeping Beam+1","Sweeping Beam+1","Hyperbeam+1","BootSequence+1","Core Surge+1","Aggregate+1","Force Field","Turbo+1"],"relics":["Cracked Core","Hammer of Thor","Seething Fire","Anvil of the Gods","Bottled Flame","Bottled Lightning","Bottled Tornado","Bronze Scales","Anchor","Bag of Marbles","Bag of Preparation","Bird Faced Urn","Burning Blood","Charon\u0027s Ashes","Chemical X","Champion Belt","Ginger","FossilizedHelix","Eternal Feather","Happy Flower","Ice Cream","Inserter","Kunai","Lantern","Letter Opener","Lizard Tail","Magic Flower","Mango","Nuclear Battery","Nunchaku","Oddly Smooth Stone","Old Coin","Mummified Hand","Membership Card","Ornamental Fan","Pear","Pen Nib","Potion Belt","SlaversCollar","Shuriken","Strawberry","Thread and Needle","TwistedFunnel","Unceasing Top","Vajra","PreservedInsect","Omamori","Strange Spoon","Juzu Bracelet","Toy Ornithopter","Symbiotic Virus","Boot","Odd Mushroom","Tiny Chest","WingedGreaves","OrangePellets","Runic Pyramid","Question Card","Red Mask","Darkstone Periapt","Runic Capacitor","Sundial","Centennial Puzzle","Regal Pillow","DataDisk","MutagenicStrength","Fusion Hammer","Orichalcum","Akabeko","Medical Kit","Torii","Girya","Cables","Art of War","HandDrill","InkBottle"],"acts_visited":["Exordium","TheCity","TheBeyond"],"potions_floor_usage":[],"damage_taken":[{"damage":0,"enemies":"2 Louse","floor":1,"turns":1},{"damage":0,"enemies":"Cultist","floor":4,"turns":1},{"damage":0,"enemies":"Gremlin Nob","floor":6,"turns":1},{"damage":0,"enemies":"Jaw Worm","floor":8,"turns":1},{"damage":0,"enemies":"3 Sentries","floor":10,"turns":1},{"damage":0,"enemies":"The Mushroom Lair","floor":11,"turns":1},{"damage":0,"enemies":"Hexaghost","floor":16,"turns":1},{"damage":0,"enemies":"Spheric Guardian","floor":18,"turns":1},{"damage":0,"enemies":"Masked Bandits","floor":20,"turns":1},{"damage":0,"enemies":"3 Byrds","floor":24,"turns":1},{"damage":0,"enemies":"Centurion and Healer","floor":25,"turns":1},{"damage":0,"enemies":"Cultist and Chosen","floor":28,"turns":1},{"damage":0,"enemies":"Slavers","floor":29,"turns":1},{"damage":0,"enemies":"Snake Plant","floor":30,"turns":1},{"damage":0,"enemies":"Champ","floor":33,"turns":1},{"damage":0,"enemies":"3 Darklings","floor":35,"turns":1},{"damage":0,"enemies":"Orb Walker","floor":37,"turns":1},{"damage":0,"enemies":"Jaw Worm Horde","floor":38,"turns":1},{"damage":0,"enemies":"2 Orb Walkers","floor":39,"turns":1},{"damage":0,"enemies":"Nemesis","floor":40,"turns":1},{"damage":0,"enemies":"Transient","floor":46,"turns":2},{"damage":0,"enemies":"Maw","floor":47,"turns":1},{"damage":0,"enemies":"Sphere and 2 Shapes","floor":48,"turns":1},{"damage":0,"enemies":"Time Eater","floor":50,"turns":2},{"damage":0,"enemies":"Awakened One","floor":51,"turns":2}],"seed_played":"-7331769647428999528","potions_obtained":[{"floor":6,"key":"SkillPotion"},{"floor":10,"key":"PowerPotion"}],"is_trial":true,"path_per_floor":["M","?","$","M","?","E","R","M","T","E","?","?","$","?","R","B",null,"M","T","?","T","$","R","M","M","T","$","M","E","M","?","R","B",null,"M","$","M","M","?","E","R","T","T","$","?","M","M","M","R","B","B",null],"character_chosen":"DEFECT","items_purchased":["Omamori","Strange Spoon","Juzu Bracelet","Block Potion","Strength Potion","Tiny Chest","WingedGreaves","OrangePellets","FairyPotion","Runic Capacitor","Sundial","Regal Pillow","Orichalcum","Akabeko","Medical Kit","HandDrill","InkBottle"],"campfire_rested":3,"item_purchase_floors":[3,3,3,3,3,13,13,13,13,22,22,27,36,36,36,44,44],"current_hp_per_floor":[102,102,102,102,102,102,102,102,102,102,102,102,102,102,102,102,102,102,102,102,102,102,102,102,102,102,102,102,102,102,102,102,102,102,102,102,102,102,102,102,102,102,102,102,112,112,112,112,112,112,112],"gold":516,"neow_bonus":"","is_daily":false,"chose_seed":false,"campfire_upgraded":1,"win_rate":0.0,"timestamp":1613133618,"path_taken":["M","?","$","M","?","E","R","M","T","E","?","?","?","?","R","BOSS","M","?","?","?","$","R","M","M","T","?","M","E","M","?","R","BOSS","M","$","M","M","?","E","R","?","T","?","?","M","M","M","R","BOSS","BOSS"],"items_purchased_type":["Relic","Relic","Relic","Potion","Potion","Relic","Relic","Relic","Potion","Relic","Relic","Relic","Relic","Relic","Relic","Relic","Relic"],"build_version":"2020-12-22","purchased_purges":0,"victory":true,"max_hp_per_floor":[102,102,102,102,102,102,102,102,102,102,102,102,102,102,102,102,102,102,102,102,102,102,102,102,102,102,102,102,102,102,102,102,102,102,102,102,102,102,102,102,102,102,102,102,112,112,112,112,112,112,112],"card_choices":[{"not_picked":["Hologram","Hello World"],"picked":"Leap","floor":1},{"not_picked":["Gash","Steam"],"picked":"Melter","floor":4},{"not_picked":["Static Discharge","Turbo"],"picked":"Sunder","floor":6},{"not_picked":["Conserve Battery","Go for the Eyes"],"picked":"Barrage","floor":8},{"not_picked":["Hello World","Barrage"],"picked":"Leap","floor":10},{"not_picked":["Hologram","Conserve Battery"],"picked":"Streamline","floor":11},{"not_picked":["Meteor Strike","Thunder Strike"],"picked":"Core Surge","floor":16},{"not_picked":["Hologram","Reprogram"],"picked":"BootSequence","floor":18},{"not_picked":["Turbo","Barrage","Coolheaded"],"picked":"Redo+1","floor":24},{"not_picked":["Chaos","Barrage+1","Redo"],"picked":"Sweeping Beam","floor":25},{"not_picked":["Steam","Recycle","Redo"],"picked":"Sweeping Beam+1","floor":28},{"not_picked":["Self Repair","Go for the Eyes","Fusion"],"picked":"Hyperbeam","floor":29},{"not_picked":["Coolheaded","Sweeping Beam","FTL","Barrage"],"picked":"SKIP","floor":30},{"not_picked":["Compile Driver","Cold Snap+1","Sweeping Beam","Self Repair+1"],"picked":"SKIP","floor":35},{"not_picked":["Compile Driver","Hologram+1","Rebound","Reinforced Body"],"picked":"SKIP","floor":37},{"not_picked":["Steam","Streamline","Turbo","Capacitor"],"picked":"SKIP","floor":38},{"not_picked":["Compile Driver","Leap","Conserve Battery"],"picked":"BootSequence","floor":40},{"not_picked":["Machine Learning","Lockon","Beam Cell"],"picked":"Aggregate+1","floor":46},{"not_picked":["Heatsinks","Beam Cell","Recycle"],"picked":"Force Field","floor":47},{"not_picked":["Leap+1","Storm","Cold Snap+1"],"picked":"Turbo+1","floor":48}],"player_experience":22219,"relics_obtained":[{"floor":6,"key":"Toy Ornithopter"},{"floor":9,"key":"Symbiotic Virus"},{"floor":10,"key":"Boot"},{"floor":11,"key":"Odd Mushroom"},{"floor":19,"key":"Question Card"},{"floor":20,"key":"Red Mask"},{"floor":21,"key":"Darkstone Periapt"},{"floor":26,"key":"Centennial Puzzle"},{"floor":29,"key":"DataDisk"},{"floor":39,"key":"Torii"},{"floor":40,"key":"Girya"},{"floor":42,"key":"Cables"},{"floor":43,"key":"Art of War"}],"event_choices":[{"damage_healed":0,"gold_gain":0,"player_choice":"Paid Gold","damage_taken":0,"relics_obtained":["PreservedInsect"],"max_hp_gain":0,"max_hp_loss":0,"event_name":"WeMeetAgain","floor":2,"gold_loss":127},{"damage_healed":0,"gold_gain":0,"cards_transformed":["Leap"],"player_choice":"Change","damage_taken":0,"max_hp_gain":0,"max_hp_loss":0,"event_name":"Living Wall","floor":5,"gold_loss":0,"cards_obtained":["Genetic Algorithm"]},{"damage_healed":0,"gold_gain":0,"player_choice":"Fought Mushrooms","damage_taken":0,"max_hp_gain":0,"max_hp_loss":0,"event_name":"Mushrooms","floor":11,"gold_loss":0},{"damage_healed":0,"gold_gain":67,"player_choice":"Gained Gold","damage_taken":0,"max_hp_gain":0,"max_hp_loss":0,"event_name":"Golden Wing","floor":12,"gold_loss":0},{"damage_healed":0,"gold_gain":0,"player_choice":"Ignored","damage_taken":0,"max_hp_gain":0,"max_hp_loss":0,"event_name":"Transmorgrifier","floor":14,"gold_loss":0},{"damage_healed":0,"gold_gain":0,"player_choice":"Fought Bandits","damage_taken":0,"max_hp_gain":0,"max_hp_loss":0,"event_name":"Masked Bandits","floor":20,"gold_loss":0},{"damage_healed":0,"gold_gain":0,"player_choice":"Inject Mutagens","damage_taken":0,"relics_obtained":["MutagenicStrength"],"max_hp_gain":0,"max_hp_loss":0,"event_name":"Drug Dealer","floor":31,"gold_loss":0},{"damage_healed":0,"gold_gain":0,"player_choice":"Fight","damage_taken":0,"max_hp_gain":0,"max_hp_loss":0,"event_name":"Mysterious Sphere","floor":39,"gold_loss":0},{"cards_removed":["Core Surge"],"damage_healed":0,"gold_gain":0,"player_choice":"Offered Rare","damage_taken":0,"max_hp_gain":10,"max_hp_loss":0,"event_name":"Bonfire Elementals","floor":45,"gold_loss":0}],"is_beta":false,"boss_relics":[{"not_picked":["Velvet Choker","FrozenCore"],"picked":"Runic Pyramid"},{"not_picked":["Calling Bell","Runic Dome"],"picked":"Fusion Hammer"}],"items_purged_floors":[],"is_endless":false,"potions_floor_spawned":[6,10,11,16,20,29,30,39,40,47,48],"ascension_level":20}}