{"host":"vflj39ie5n27t074","time":1613093008,"event":{"mods":["BaseMod","BetterRewards","Bossed Relics","Colored Map","Colored Powertips","Downfall","Hubris","Infinite Spire","Marisa????????","Minty Spire (QoL Compilation)","Replay The Spire","SIMod","StSLib","The Bug Knight","The Jungle","The Mystic","The Servant 0.9.4"],"gold_per_floor":[119,137,137,157,157,157,186,198,221,81,101,112,112,129,129,129,129],"floor_reached":16,"language":"ENG","playtime":1185,"items_purged":[],"score":104,"play_id":"101643bf-5d48-4cbf-9a4e-68e0f104d0a1","local_time":"20210211192328","is_ascension_mode":false,"campfire_choices":[{"data":"HollowMod:FocusHealStart","floor":6,"key":"SMITH"},{"data":"HollowMod:NewGlowingWomb","floor":13,"key":"SMITH"},{"data":"HollowMod:DoubleDash","floor":15,"key":"SMITH"}],"circlet_count":0,"master_deck":["HollowMod:NailStrikeStart","HollowMod:NailStrikeStart","HollowMod:NailStrikeStart","HollowMod:NailStrikeStart","HollowMod:QuickDashStart","HollowMod:QuickDashStart","HollowMod:QuickDashStart","HollowMod:FocusHealStart+1","HollowMod:PogoStrike","HollowMod:InfectedAttack","HollowMod:HeavyBlow","HollowMod:HornetsHelp","HollowMod:DesolateDive","HollowMod:NewGlowingWomb+1","HollowMod:DungDefenderAura","HollowMod:PureNailStrike","HollowMod:DoubleDash+1","HollowMod:GoodIntentions"],"relics":["HollowMod:VesselMask","Akabeko","Tiny Chest"],"acts_visited":["Exordium"],"potions_floor_usage":[],"damage_taken":[{"damage":0,"enemies":"Jaw Worm","floor":1,"turns":5},{"damage":11,"enemies":"infinitespire:Voidling","floor":2,"turns":3},{"damage":4,"enemies":"Small Slimes","floor":4,"turns":3},{"damage":23,"enemies":"Replay:BlueRogue","floor":7,"turns":6},{"damage":11,"enemies":"HollowMod:HuskWarrior","floor":8,"turns":7},{"damage":17,"enemies":"Red Slaver","floor":11,"turns":4},{"damage":20,"enemies":"2 Fungi Beasts","floor":12,"turns":4},{"damage":3,"enemies":"Looter","floor":14,"turns":2},{"damage":61,"enemies":"Slime Boss","floor":16,"turns":11}],"seed_played":"9049836644363139118","potions_obtained":[{"floor":7,"key":"Swift Potion"},{"floor":8,"key":"SkillPotion"},{"floor":12,"key":"Milkshake"}],"is_trial":false,"path_per_floor":["M","M","?","M","?","R","E","M","T","$","M","M","R","M","R","B"],"character_chosen":"THE_BUGKNIGHT","items_purchased":["HollowMod:NewGlowingWomb","HollowMod:DungDefenderAura"],"campfire_rested":0,"item_purchase_floors":[10,10],"current_hp_per_floor":[82,75,75,81,82,82,65,64,64,64,57,47,47,44,44,0,0],"gold":129,"neow_bonus":"TEN_PERCENT_HP_BONUS","is_daily":false,"chose_seed":false,"campfire_upgraded":3,"win_rate":0.0,"timestamp":1613093008,"path_taken":["M","M","?","?","?","R","E","M","T","$","?","M","R","M","R","BOSS"],"items_purchased_type":["Card","Card"],"build_version":"2020-12-22","purchased_purges":0,"victory":false,"max_hp_per_floor":[82,82,82,82,82,82,82,82,82,82,82,82,82,82,82,82,82],"card_choices":[{"not_picked":["HollowMod:CoiledNail","HollowMod:SoulStrike"],"picked":"HollowMod:InfectedAttack","floor":1},{"not_picked":["HollowMod:VengefulVoid","HollowMod:CloakDash"],"picked":"HollowMod:SoulStrike","floor":2},{"not_picked":["HollowMod:FastStrike","HollowMod:SiblingsSouls"],"picked":"HollowMod:HeavyBlow","floor":4},{"not_picked":["HollowMod:MantisMark","HollowMod:SoulEater"],"picked":"HollowMod:HornetsHelp","floor":7},{"not_picked":["HollowMod:CycloneSlash","HollowMod:SiblingsSouls"],"picked":"HollowMod:DesolateDive","floor":8},{"not_picked":["HollowMod:CycloneSlash","HollowMod:FallenFury"],"picked":"HollowMod:PureNailStrike","floor":11},{"not_picked":["HollowMod:CloakDash","HollowMod:CycloneSlash"],"picked":"HollowMod:DoubleDash","floor":12},{"not_picked":["HollowMod:ShadowDash","HollowMod:CycloneSlash"],"picked":"HollowMod:GoodIntentions","floor":14}],"player_experience":134371,"relics_obtained":[{"floor":7,"key":"Akabeko"},{"floor":9,"key":"Tiny Chest"}],"event_choices":[{"cards_removed":["HollowMod:QuickDashStart"],"damage_healed":0,"gold_gain":0,"player_choice":"Purged","damage_taken":0,"max_hp_gain":0,"max_hp_loss":0,"event_name":"Purifier","floor":3,"gold_loss":0},{"cards_removed":["HollowMod:SoulStrike"],"damage_healed":5,"gold_gain":0,"player_choice":"Offered Common","damage_taken":0,"max_hp_gain":0,"max_hp_loss":0,"event_name":"Bonfire Elementals","floor":5,"gold_loss":0},{"cards_removed":["HollowMod:SoulStrike"],"damage_healed":5,"gold_gain":0,"player_choice":"Offered Special","damage_taken":0,"max_hp_gain":0,"max_hp_loss":0,"event_name":"Bonfire Elementals","floor":5,"gold_loss":0}],"is_beta":false,"boss_relics":[],"items_purged_floors":[],"is_endless":false,"potions_floor_spawned":[7,8,12,14],"killed_by":"Slime Boss","ascension_level":0}}