{"host":"1t7ylsixd2on64xs","time":1613108619,"event":{"mods":["BaseMod","Minty Spire (QoL Compilation)","StSLib","SuperFastMode"],"gold_per_floor":[109,109,119,130,95,20,34,34,34,34,34,34,54,72,72,146,146,159,177,77,95,95,95,95,95],"floor_reached":24,"language":"KOR","playtime":1414,"items_purged":["Strike_G","Strike_G"],"score":376,"play_id":"0882bd12-da88-45c7-bb09-94d0a97fc5af","local_time":"20210212144339","is_ascension_mode":true,"campfire_choices":[{"data":"Dagger Spray","floor":8,"key":"SMITH"},{"data":"Noxious Fumes","floor":10,"key":"SMITH"},{"data":"Defend_G","floor":12,"key":"SMITH"},{"data":"Defend_G","floor":15,"key":"SMITH"},{"data":"Defend_G","floor":23,"key":"SMITH"}],"circlet_count":0,"master_deck":["AscendersBane","Strike_G","Strike_G","Strike_G","Defend_G","Defend_G","Defend_G+1","Defend_G+1","Defend_G+1","Survivor","Neutralize","Dash","Noxious Fumes+1","Dagger Spray+1","Bane","Expertise","Grand Finale"],"relics":["Coffee Dripper","Shuriken","Runic Pyramid"],"acts_visited":["Exordium","TheCity"],"potions_floor_usage":[16,24,24],"damage_taken":[{"damage":6,"enemies":"Jaw Worm","floor":1,"turns":5},{"damage":4,"enemies":"Small Slimes","floor":3,"turns":5},{"damage":0,"enemies":"2 Louse","floor":4,"turns":2},{"damage":3,"enemies":"Looter","floor":7,"turns":4},{"damage":0,"enemies":"2 Fungi Beasts","floor":13,"turns":3},{"damage":0,"enemies":"Exordium Wildlife","floor":14,"turns":3},{"damage":22,"enemies":"Slime Boss","floor":16,"turns":9},{"damage":13,"enemies":"Shell Parasite","floor":18,"turns":4},{"damage":12,"enemies":"Chosen","floor":19,"turns":6},{"damage":5,"enemies":"Sentry and Sphere","floor":21,"turns":4},{"damage":37,"enemies":"Book of Stabbing","floor":24,"turns":6}],"seed_played":"-7037613427186430079","potions_obtained":[{"floor":4,"key":"Strength Potion"},{"floor":13,"key":"Explosive Potion"},{"floor":14,"key":"DuplicationPotion"},{"floor":18,"key":"Explosive Potion"}],"is_trial":false,"path_per_floor":["M","$","M","M","?","$","M","R","T","R","?","R","M","M","R","B",null,"M","M","$","M","?","R","E"],"character_chosen":"THE_SILENT","items_purchased":[],"campfire_rested":0,"item_purchase_floors":[],"current_hp_per_floor":[53,53,49,49,65,65,62,62,62,62,62,62,62,62,62,40,60,47,35,35,30,30,30,0,0],"gold":95,"neow_bonus":"BOSS_RELIC","is_daily":false,"chose_seed":false,"campfire_upgraded":5,"win_rate":0.0,"timestamp":1613108619,"path_taken":["M","$","M","M","?","$","M","R","T","R","?","R","M","M","R","BOSS","M","M","$","M","?","R","E"],"items_purchased_type":[],"build_version":"2020-12-22","purchased_purges":2,"victory":false,"max_hp_per_floor":[66,66,66,66,66,66,66,66,66,66,66,66,66,66,66,66,66,66,66,66,66,66,66,66,66],"card_choices":[{"not_picked":["Outmaneuver","Blade Dance","Prepared"],"picked":"SKIP","floor":1},{"not_picked":["Blade Dance","Leg Sweep"],"picked":"Dash","floor":3},{"not_picked":["Acrobatics","Caltrops"],"picked":"Noxious Fumes","floor":4},{"not_picked":["Deadly Poison","Setup"],"picked":"Dagger Spray","floor":7},{"not_picked":["Cloak And Dagger","Reflex"],"picked":"Bane","floor":13},{"not_picked":["Cloak And Dagger","Distraction"],"picked":"Expertise","floor":14},{"not_picked":["Unload","Night Terror"],"picked":"Grand Finale","floor":16},{"not_picked":["Dodge and Roll","Bane","Tactician"],"picked":"SKIP","floor":18},{"not_picked":["Sucker Punch","Poisoned Stab","Skewer"],"picked":"SKIP","floor":19},{"not_picked":["Backstab+1","Choke","Dagger Spray"],"picked":"SKIP","floor":21},{"not_picked":["Backstab+1","Choke","Dagger Spray"],"picked":"SKIP","floor":21}],"player_experience":664942,"relics_obtained":[{"floor":9,"key":"Shuriken"}],"event_choices":[{"damage_healed":16,"gold_gain":0,"player_choice":"Healed","damage_taken":0,"max_hp_gain":0,"max_hp_loss":0,"event_name":"The Cleric","floor":5,"gold_loss":35},{"damage_healed":0,"gold_gain":0,"player_choice":"Ignored","damage_taken":0,"max_hp_gain":0,"max_hp_loss":0,"event_name":"Liars Game","floor":11,"gold_loss":0},{"damage_healed":0,"gold_gain":0,"player_choice":"Ignored","damage_taken":0,"max_hp_gain":0,"max_hp_loss":0,"event_name":"Vampires","floor":22,"gold_loss":0}],"is_beta":false,"boss_relics":[{"not_picked":["SlaversCollar","Snecko Eye"],"picked":"Runic Pyramid"}],"items_purged_floors":[6,20],"is_endless":false,"potions_floor_spawned":[4,13,14,18],"killed_by":"Book of Stabbing","ascension_level":20}}