{"host":"l4kdldlios54gl54","time":1613101926,"event":{"mods":["AchievementEnabler","BaseMod","Colored Map","Colored Powertips","Minty Spire (QoL Compilation)","Random Character Button"],"gold_per_floor":[215,232,250,269,269,269,285,285,285,360,360,371,389,114,114,191,191,191,191,191,91,91,91,91,0,0,0,0,0,0,0,0,0,0],"floor_reached":33,"language":"ENG","playtime":1233,"items_purged":["Regret","Decay"],"score":478,"play_id":"1c99e47f-085e-4a49-a525-53e4ee64460f","local_time":"20210212045206","is_ascension_mode":true,"campfire_choices":[{"data":"Whirlwind","floor":6,"key":"SMITH"},{"data":"Power Through","floor":8,"key":"SMITH"},{"floor":15,"key":"REST"},{"floor":28,"key":"REST"},{"floor":30,"key":"REST"},{"floor":32,"key":"REST"}],"circlet_count":0,"master_deck":["AscendersBane","Strike_R","Strike_R","Strike_R","Strike_R","Strike_R","Defend_R","Defend_R","Defend_R","Defend_R","Bash","Power Through+1","Whirlwind+1","Flame Barrier","Wild Strike+1","Headbutt+1","Feed+1","Shame"],"relics":["Burning Blood","Molten Egg 2","Self Forming Clay","Medical Kit","Ectoplasm","Ornamental Fan","Red Skull"],"acts_visited":["Exordium","TheCity"],"potions_floor_usage":[7,16,19,24],"damage_taken":[{"damage":20,"enemies":"Small Slimes","floor":1,"turns":6},{"damage":3,"enemies":"2 Louse","floor":2,"turns":4},{"damage":0,"enemies":"Jaw Worm","floor":3,"turns":3},{"damage":0,"enemies":"3 Louse","floor":4,"turns":1},{"damage":0,"enemies":"Gremlin Gang","floor":7,"turns":3},{"damage":28,"enemies":"Exordium Thugs","floor":12,"turns":5},{"damage":3,"enemies":"Looter","floor":13,"turns":4},{"damage":35,"enemies":"The Guardian","floor":16,"turns":13},{"damage":8,"enemies":"3 Byrds","floor":18,"turns":6},{"damage":18,"enemies":"Chosen","floor":19,"turns":4},{"damage":49,"enemies":"Shelled Parasite and Fungi","floor":23,"turns":8},{"damage":11,"enemies":"3 Cultists","floor":24,"turns":4},{"damage":25,"enemies":"Centurion and Healer","floor":29,"turns":10},{"damage":62,"enemies":"Champ","floor":33,"turns":15}],"seed_played":"3754206145783548905","potions_obtained":[{"floor":2,"key":"Explosive Potion"},{"floor":4,"key":"Ancient Potion"},{"floor":12,"key":"ColorlessPotion"},{"floor":13,"key":"BlessingOfTheForge"},{"floor":23,"key":"FearPotion"}],"is_trial":false,"path_per_floor":["M","M","M","M","?","R","M","R","T","?","?","M","M","$","R","B",null,"M","M","?","$","?","M","M","?","T","$","R","M","R","?","R","B"],"character_chosen":"IRONCLAD","items_purchased":["Medical Kit","Headbutt+1"],"campfire_rested":4,"item_purchase_floors":[14,14],"current_hp_per_floor":[54,57,63,69,69,69,75,75,75,64,64,42,45,45,67,38,66,68,56,56,56,56,17,16,16,16,16,42,27,54,54,81,19,19],"gold":0,"neow_bonus":"HUNDRED_GOLD","is_daily":false,"chose_seed":false,"campfire_upgraded":2,"win_rate":0.0,"timestamp":1613101926,"path_taken":["M","M","M","M","?","R","M","R","T","?","?","M","M","$","R","BOSS","M","M","?","$","?","M","M","?","T","$","R","M","R","?","R","BOSS"],"items_purchased_type":["Relic","Card"],"build_version":"2020-12-22","purchased_purges":2,"victory":false,"max_hp_per_floor":[75,75,75,75,75,75,75,75,75,75,75,75,75,75,75,75,75,79,79,79,79,79,83,87,87,87,87,87,91,91,91,91,91,91],"card_choices":[{"not_picked":["Iron Wave","Body Slam","Heavy Blade"],"picked":"SKIP","floor":1},{"not_picked":["Heavy Blade","Flame Barrier"],"picked":"Power Through","floor":2},{"not_picked":["Perfected Strike","Metallicize"],"picked":"Whirlwind","floor":3},{"not_picked":["Metallicize","Armaments","Sword Boomerang"],"picked":"SKIP","floor":4},{"not_picked":["Perfected Strike","Shockwave"],"picked":"Flame Barrier","floor":7},{"not_picked":["Intimidate","Pummel+1","Feel No Pain"],"picked":"SKIP","floor":12},{"not_picked":["Clothesline+1","Thunderclap+1"],"picked":"Wild Strike+1","floor":13},{"not_picked":["Brutality","Impervious"],"picked":"Feed+1","floor":16},{"not_picked":["Whirlwind+1","Combust+1","Inflame"],"picked":"SKIP","floor":18},{"not_picked":["Perfected Strike+1","Shockwave","Body Slam+1"],"picked":"SKIP","floor":19},{"not_picked":["Warcry","Clothesline+1","Iron Wave+1"],"picked":"SKIP","floor":23},{"not_picked":["Havoc+1","Perfected Strike+1","True Grit"],"picked":"SKIP","floor":24},{"not_picked":["Headbutt+1","Shrug It Off","Shockwave"],"picked":"SKIP","floor":29}],"player_experience":905288,"relics_obtained":[{"floor":9,"key":"Molten Egg 2"},{"floor":26,"key":"Ornamental Fan"}],"event_choices":[{"damage_healed":0,"gold_gain":0,"player_choice":"Ignored","damage_taken":0,"max_hp_gain":0,"max_hp_loss":0,"event_name":"Liars Game","floor":5,"gold_loss":0},{"damage_healed":0,"gold_gain":75,"player_choice":"Gather Gold","damage_taken":11,"max_hp_gain":0,"max_hp_loss":0,"event_name":"World of Goop","floor":10,"gold_loss":0},{"damage_healed":0,"gold_gain":0,"player_choice":"Box","damage_taken":0,"relics_obtained":["Self Forming Clay"],"max_hp_gain":0,"max_hp_loss":0,"event_name":"Big Fish","floor":11,"gold_loss":0,"cards_obtained":["Regret"]},{"damage_healed":0,"gold_gain":0,"player_choice":"Smashed Altar","damage_taken":0,"max_hp_gain":0,"max_hp_loss":0,"event_name":"Forgotten Altar","floor":20,"gold_loss":0,"cards_obtained":["Decay"]},{"damage_healed":0,"gold_gain":50,"player_choice":"Stole From Cult","damage_taken":0,"max_hp_gain":0,"max_hp_loss":0,"event_name":"Nest","floor":22,"gold_loss":0},{"damage_healed":0,"gold_gain":0,"player_choice":"Paid Fearfully","damage_taken":0,"max_hp_gain":0,"max_hp_loss":0,"event_name":"Masked Bandits","floor":25,"gold_loss":91},{"damage_healed":0,"gold_gain":0,"player_choice":"Stole Relic","damage_taken":0,"relics_obtained":["Red Skull"],"max_hp_gain":0,"max_hp_loss":0,"event_name":"Addict","floor":31,"gold_loss":0,"cards_obtained":["Shame"]}],"is_beta":false,"boss_relics":[{"not_picked":["Tiny House","Runic Cube"],"picked":"Ectoplasm"}],"items_purged_floors":[14,21],"is_endless":false,"potions_floor_spawned":[2,4,12,13,23],"killed_by":"Champ","ascension_level":20}}