{"host":"5td1gsj4mnrioltg","time":1613119405,"event":{"mods":["2.2 Compatiblity","AchievementEnabler","Act Like it!","Aspiration","BaseMod","Beaked The Cultist","Better Altar","Better Match","Better Note","Better Sensory Stone","Better Silent Start","Better Skull","Better Third Choice","Better Vampires","BetterRewards","Bossed Relics","Colored Map","Colored Powertips","Displayed Cursed Tome","Downfall","Emptier Cage","Evolution","Friendly Minions","GifTheSpireLib","Highlight Path","Ironclad Rager","Jedi Mod","JesterMod","Mad Scientist","Menagerie","Minty Spire (QoL Compilation)","Permanent Neow","Quick Restart","Reliquary","Replay The Spire","Reworked Bosses","Shade Mod","Spicy Shops","StSLib","The Blue Laboratory","The Dragon Tamer","The Dragonkin","The Druid","The Elementalist","The Marked","The Necromancer","The Runesmith","Thieving Mod","Transform Curses","Wandering Minibosses"],"gold_per_floor":[117,134,134,84,276,276,276,294,320,353,363,363,163,163,163,259,259,269,269,269,269,283,283,311,311,311,311,327,341,352,383,383,487,487,505,555,555,570,298,298,298,298,325,325,325],"floor_reached":44,"language":"ENG","playtime":14352,"items_purged":["Parasite","Bash","Burn","Defend_R","Defend_R"],"score":981,"play_id":"96259658-da60-4e93-8d6f-387b1a184b12","local_time":"20210212004325","is_ascension_mode":true,"campfire_choices":[{"data":"True Grit","floor":6,"key":"SMITH"},{"data":"ReplayTheSpireMod:Strike From Hell","floor":15,"key":"SMITH"},{"data":"ReplayTheSpireMod:Strike From Hell","floor":23,"key":"SMITH"},{"data":"ReplayTheSpireMod:Strike From Hell","floor":25,"key":"SMITH"},{"data":"ReplayTheSpireMod:Strike From Hell","floor":32,"key":"SMITH"},{"data":"Fiend Fire","floor":40,"key":"SMITH"},{"data":"Fire Breathing","floor":42,"key":"SMITH"}],"circlet_count":0,"master_deck":["AscendersBane","ReplayTheSpireMod:Strike From Hell+1","ReplayTheSpireMod:Strike From Hell+1","ReplayTheSpireMod:Strike From Hell+1","ReplayTheSpireMod:Strike From Hell+1","Defend_R","Defend_R","Fiend Fire+1","True Grit+1","Fire Breathing+1","Seeing Red","Abandon+1","Rage+1","Havoc+1"],"relics":["Burning Blood","EVO:Axolotl","jedi:cryingmask","ReplayTheSpireMod:CursedCoin","Bag of Preparation","Golden Egg","jesterMod:MachoBrace","Pondfish Scales","Orichalcum","Replay:Bottled Flurry","Pantograph","CaptainsWheel","Blue Candle","reliquary:Stiletto"],"acts_visited":["Exordium","TheCity","TheBeyond"],"potions_floor_usage":[24,30,44,44],"damage_taken":[{"damage":6,"enemies":"Cultist","floor":1,"turns":4},{"damage":1,"enemies":"2 Louse","floor":2,"turns":2},{"damage":4,"enemies":"Jaw Worm","floor":8,"turns":3},{"damage":4,"enemies":"Replay:BlueRogue","floor":10,"turns":10},{"damage":4,"enemies":"Large Slime","floor":11,"turns":6},{"damage":41,"enemies":"Hexaghost","floor":16,"turns":9},{"damage":18,"enemies":"Shell Parasite","floor":18,"turns":5},{"damage":0,"enemies":"Chosen","floor":22,"turns":3},{"damage":0,"enemies":"Slavers","floor":24,"turns":6},{"damage":0,"enemies":"Centurion and Healer","floor":28,"turns":5},{"damage":0,"enemies":"Cultist and Chosen","floor":29,"turns":3},{"damage":25,"enemies":"Snake Plant","floor":30,"turns":8},{"damage":12,"enemies":"Replay:Snechameleon","floor":31,"turns":5},{"damage":26,"enemies":"bossMod:newChamp","floor":33,"turns":9},{"damage":0,"enemies":"3 Darklings","floor":35,"turns":5},{"damage":0,"enemies":"3 Shapes","floor":38,"turns":4},{"damage":94,"enemies":"R_Hoarder","floor":44,"turns":11}],"seed_played":"-5975823601738631095","potions_obtained":[{"floor":10,"key":"BloodPotion"},{"floor":11,"key":"PowerPotion"},{"floor":24,"key":"blueLaboratory:FrostheartPotion"},{"floor":33,"key":"sneckomod:MuddlingPotion"},{"floor":38,"key":"Swift Potion"}],"is_trial":false,"path_per_floor":["M","M","$","?","?","R","?","M","T","E","M","?","$","?","R","B",null,"M","?","T","?","M","R","E","R","T","?","M","M","M","E","R","B",null,"M","?","?","M","$","R","?","R","T","E"],"character_chosen":"IRONCLAD","items_purchased":["Fiend Fire","True Grit","jedi:cryingmask","ReplayTheSpireMod:CursedCoin","reliquary:FerryPass"],"campfire_rested":0,"item_purchase_floors":[0,0,0,0,39],"current_hp_per_floor":[72,77,77,77,47,47,47,49,49,51,53,77,77,77,77,42,68,56,56,56,56,62,62,68,68,68,68,74,77,58,52,52,57,72,77,77,72,77,77,77,73,73,73,0,0],"gold":325,"neow_bonus":"","is_daily":false,"chose_seed":false,"campfire_upgraded":7,"win_rate":0.0,"timestamp":1613119405,"path_taken":["M","M","$","?","?","R","?","M","T","E","?","?","$","?","R","BOSS","M","?","?","?","M","R","E","R","T","?","M","?","M","E","R","BOSS","M","?","?","M","$","R","?","R","T","E"],"items_purchased_type":["Card","Card","Relic","Relic","Relic"],"build_version":"2020-12-22","purchased_purges":5,"victory":false,"max_hp_per_floor":[77,77,77,77,77,77,77,77,77,77,77,77,77,77,77,77,77,77,77,77,77,77,77,77,77,77,77,77,77,77,77,77,77,77,77,77,77,77,77,77,73,73,73,73,73],"card_choices":[{"not_picked":["Pommel Strike","Headbutt","Flex"],"picked":"SKIP","floor":1},{"not_picked":["Clothesline","Uppercut","Twin Strike"],"picked":"SKIP","floor":2},{"not_picked":["Inflame","Headbutt"],"picked":"Fire Breathing","floor":5},{"not_picked":["Sever Soul","Heavy Blade","jedi:suffering"],"picked":"SKIP","floor":8},{"not_picked":["Dropkick","jedi:hate","Perfected Strike"],"picked":"SKIP","floor":10},{"not_picked":["jedi:fear","ReplayTheSpireMod:Stacked"],"picked":"Seeing Red","floor":11},{"not_picked":["Body Slam","Perfected Strike+1"],"picked":"Abandon+1","floor":18},{"not_picked":["ReplayTheSpireMod:Strike From Hell","Run Through","Clothesline"],"picked":"SKIP","floor":22},{"not_picked":["Anger","Blood for Blood","Warcry"],"picked":"SKIP","floor":24},{"not_picked":["Pummel","Double Tap","Sword Boomerang"],"picked":"SKIP","floor":28},{"not_picked":["Clash+1","ReplayTheSpireMod:Muscle Training"],"picked":"Rage+1","floor":29},{"not_picked":["ReplayTheSpireMod:Limb From Limb","Rupture"],"picked":"Havoc+1","floor":30},{"not_picked":["Pommel Strike","Body Slam","Headbutt"],"picked":"SKIP","floor":31},{"not_picked":["Blood for Blood+1","Life Link+1","jedi:collectorstrike"],"picked":"SKIP","floor":35},{"not_picked":["jedi:fear+1","Rampage","Flex+1"],"picked":"SKIP","floor":38}],"player_experience":1326125,"relics_obtained":[{"floor":9,"key":"Bag of Preparation"},{"floor":10,"key":"Golden Egg"},{"floor":20,"key":"Pondfish Scales"},{"floor":21,"key":"Orichalcum"},{"floor":24,"key":"Replay:Bottled Flurry"},{"floor":26,"key":"Pantograph"},{"floor":31,"key":"CaptainsWheel"},{"floor":43,"key":"reliquary:Stiletto"}],"event_choices":[{"cards_removed":["ReplayTheSpireMod:Strike From Hell"],"damage_healed":0,"gold_gain":0,"player_choice":"Card Removal","damage_taken":0,"max_hp_gain":0,"max_hp_loss":0,"event_name":"The Cleric","floor":4,"gold_loss":50},{"damage_healed":47,"gold_gain":0,"player_choice":"Embrace Burn","damage_taken":0,"max_hp_gain":0,"max_hp_loss":77,"event_name":"betterThird:BetterShining","floor":7,"gold_loss":0},{"damage_healed":25,"gold_gain":0,"player_choice":"Banana","damage_taken":0,"max_hp_gain":0,"max_hp_loss":0,"event_name":"Big Fish","floor":12,"gold_loss":0},{"damage_healed":0,"gold_gain":0,"player_choice":"Ignored","damage_taken":0,"max_hp_gain":0,"max_hp_loss":0,"event_name":"Golden Idol","floor":14,"gold_loss":0},{"damage_healed":0,"gold_gain":0,"player_choice":"Max HP","damage_taken":0,"max_hp_gain":0,"max_hp_loss":4,"event_name":"Winding Halls","floor":41,"gold_loss":0}],"is_beta":false,"boss_relics":[{"not_picked":["aspiration:SilentSkillbook","jedi:battlestandard"],"picked":"jesterMod:MachoBrace"},{"not_picked":["Snecko Eye","aspiration:FutureDiary","beaked:MawFillet"]}],"items_purged_floors":[0,0,13,13,39],"is_endless":false,"potions_floor_spawned":[10,11,16,24,28,30,33,38],"killed_by":"R_Hoarder","ascension_level":11}}