{"host":"a3oe3gstxz77c7qu","time":1613155144,"event":{"mods":["2.2 Compatiblity","Act Like it!","Astrologer","BaseMod","Bestiary","Better Altar","Better Match","Better Note","Better Skull","Better Third Choice","Block Reminder","Curses Come First","Custom Start","Dark Map","Downfall","Friendly Minions","GifTheSpireLib","Hallownest","Hermit","Jorbs\u0027s Wanderer Trilogy","Lobotomy","LobotomyExtend","Marisa????????","Minty Spire (QoL Compilation)","Permanent Neow","Quick Restart","Relic Filter Mod","Relic Stats","Reliquary","Replay The Spire","Smile Girya","Spire Arcade","StSLib","The Bug Knight","The Cursed","The Disciple","The Jungle","Uncapped","Unknown Chances","Wandering Minibosses"],"gold_per_floor":[109,109,142,161,179,211,211,245,245,245,420,455,53,53,53,148,148,167,183,183,183,195,225,245,259,332,332,80,80,80,97,97,192],"floor_reached":17,"language":"ENG","playtime":3682,"items_purged":["Doubt"],"score":509,"play_id":"5cb066c2-223a-484c-9d34-25ee0332b485","local_time":"20210212183904","is_ascension_mode":true,"campfire_choices":[{"data":"LockedFlame","floor":10,"key":"SMITH"},{"data":"Echoward","floor":15,"key":"SMITH"},{"data":"LockedLightning","floor":10,"key":"SMITH"},{"floor":13,"key":"REST"},{"floor":15,"key":"REST"}],"circlet_count":0,"master_deck":["Strike_Br","Strike_Br","Defend_Br","Defend_Br","Defend_Br","SecondHand","PatternShift","BlueShift+1","Break","Echoward+1","QueenBee","Keepsakes","LockedFlame+1","Goo","Chronoelasticity","LockedLightning+1","Echoward","VestedLegacy","LockedAnchor","LongBird","OverTime"],"relics":["Chronometer","CogitoBucket","RabbitCall","IceCream?","CaptainsWheel","HornCleat","Akabeko","reliquary:HotPoker","reliquary:PartyBalloon","ReplayTheSpireMod:Ninjato","Busted Crown","InspiredRelic","Heaven_r","Vajra","Vajra","LetterFromLob","ChangeAnything","Amita_r","Prayer Wheel","BackwardClock","Replay:Bottled Steam","Potion Belt"],"acts_visited":["Exordium","TheCity"],"potions_floor_usage":[12,18,2,8,17,17],"damage_taken":[{"damage":0,"enemies":"2 Louse","floor":1,"turns":5},{"damage":3,"enemies":"Small Slimes","floor":4,"turns":6},{"damage":1,"enemies":"Cultist","floor":5,"turns":6},{"damage":1,"enemies":"Replay:BlueRogue","floor":6,"turns":7},{"damage":0,"enemies":"Lagavulin","floor":8,"turns":9},{"damage":0,"enemies":"Gremlin Nob","floor":12,"turns":4},{"damage":4,"enemies":"Hexaghost","floor":16,"turns":12},{"damage":20,"enemies":"2 Thieves","floor":18,"turns":4},{"damage":0,"enemies":"Small Slimes","floor":1,"turns":5},{"damage":16,"enemies":"Jaw Worm","floor":2,"turns":5},{"damage":0,"enemies":"2 Louse","floor":5,"turns":1},{"damage":0,"enemies":"3 Sentries","floor":6,"turns":2},{"damage":0,"enemies":"Large Slime","floor":7,"turns":4},{"damage":4,"enemies":"Exordium Wildlife","floor":8,"turns":4},{"damage":0,"enemies":"Looter","floor":14,"turns":2},{"damage":0,"enemies":"The Guardian","floor":16,"turns":7},{"damage":59,"enemies":"Malkuth","floor":17,"turns":13},{"damage":4,"enemies":"Netzach","floor":17,"turns":9}],"seed_played":"-1225717969761082460","potions_obtained":[{"floor":4,"key":"SpeedPotion"},{"floor":6,"key":"AttackPotion"},{"floor":16,"key":"Swift Potion"},{"floor":5,"key":"Dexterity Potion"},{"floor":6,"key":"Swift Potion"},{"floor":16,"key":"Explosive Potion"}],"is_trial":false,"path_per_floor":["M","?","?","M","M","E","?","E","T","R","?","E","$","?","R","B",null,"M","M","M","?","?","M","E","M","M","T","R","$","E","R","M","R","B",null],"character_chosen":"CHRONO_CLASS","items_purchased":["ReplayTheSpireMod:Ninjato","Goo","Potion Belt","WardPotion","AttackPotion"],"campfire_rested":2,"item_purchase_floors":[13,13,11,11,11],"current_hp_per_floor":[65,65,65,62,61,60,60,60,60,60,60,60,60,60,60,56,65,45,29,29,29,29,29,29,25,25,25,25,25,43,43,61,61],"gold":192,"neow_bonus":"","is_daily":false,"chose_seed":false,"campfire_upgraded":3,"win_rate":0.0,"timestamp":1613155144,"path_taken":["M","?","?","?","M","E","?","E","T","R","?","E","$","?","R","BOSS","M","M","M","?","?","M","E","M","M","T","R","$","E","R","?","R","BOSS"],"items_purchased_type":["Relic","Card","Relic","Potion","Potion"],"build_version":"2020-12-22","purchased_purges":1,"victory":true,"max_hp_per_floor":[65,65,65,65,65,65,65,65,65,65,65,65,65,65,65,65,65,45,45,45,45,47,50,52,60,60,60,60,60,60,61,61,62],"relic_stats":{"Busted Crown":64,"counters":[21,124],"Prayer Wheel":3,"obtain_stats":[{"Potion Belt":11,"RabbitCall":0,"BackwardClock":8,"ReplayTheSpireMod:Ninjato":13,"reliquary:PartyBalloon":12,"Vajra":0,"Akabeko":8,"Amita_r":2,"Heaven_r":18,"CogitoBucket":0,"CaptainsWheel":3,"reliquary:HotPoker":9,"HornCleat":6,"Busted Crown":17,"Chronometer":0,"Prayer Wheel":6,"LetterFromLob":1,"ChangeAnything":1,"InspiredRelic":18,"IceCream?":2,"Replay:Bottled Steam":9},{"Potion Belt":16,"RabbitCall":0,"BackwardClock":16,"ReplayTheSpireMod:Ninjato":6,"reliquary:PartyBalloon":6,"Vajra":8,"Akabeko":5,"Amita_r":11,"Heaven_r":8,"CogitoBucket":0,"CaptainsWheel":1,"reliquary:HotPoker":5,"HornCleat":4,"Busted Crown":7,"Chronometer":0,"Prayer Wheel":13,"LetterFromLob":1,"ChangeAnything":10,"InspiredRelic":7,"IceCream?":1,"Replay:Bottled Steam":16},{"Potion Belt":76,"RabbitCall":0,"BackwardClock":76,"ReplayTheSpireMod:Ninjato":37,"reliquary:PartyBalloon":37,"Vajra":53,"Akabeko":33,"Amita_r":62,"Heaven_r":53,"CogitoBucket":0,"CaptainsWheel":5,"reliquary:HotPoker":33,"HornCleat":24,"Busted Crown":49,"Chronometer":0,"Prayer Wheel":67,"LetterFromLob":5,"ChangeAnything":59,"InspiredRelic":49,"IceCream?":5,"Replay:Bottled Steam":76}]},"card_choices":[{"not_picked":["HandsUpC","LockedWarPaint"],"picked":"BlueShift","floor":1},{"not_picked":["GreedKing","BigBird","WallGazer"],"picked":"Singing Bowl","floor":1},{"not_picked":["ShortSighted","LockedAnchor"],"picked":"Break","floor":3},{"not_picked":["Stagnate","ShortSighted"],"picked":"Echoward","floor":4},{"not_picked":["UniverseFragment","MHz","OSAHOGD"],"picked":"Singing Bowl","floor":4},{"not_picked":["Bloodbath","VoidDream"],"picked":"QueenBee","floor":4},{"not_picked":["LockedScales","Engulf"],"picked":"Keepsakes","floor":5},{"not_picked":["OldLady","LaLuna","Murderer"],"picked":"Singing Bowl","floor":5},{"not_picked":["Engulf","TickedOff"],"picked":"LockedFlame","floor":6},{"not_picked":["OldLady","PunishingBird","OSAHOGD"],"picked":"Singing Bowl","floor":6},{"not_picked":["CherryBlossoms","Rudolta","Funeral"],"picked":"Singing Bowl","floor":8},{"not_picked":["LockedMedicine","VestedLegacy","Accruing"],"picked":"SKIP","floor":8},{"not_picked":["PunishingBird","Variant","MeatLantern"],"picked":"Singing Bowl","floor":12},{"not_picked":["ExoVibe","LockedOrichalcum","Stagnate"],"picked":"SKIP","floor":12},{"not_picked":["OldTimer","RageCommand"],"picked":"Chronoelasticity","floor":16},{"not_picked":["NakedNest","Yin","Funeral"],"picked":"Singing Bowl","floor":16},{"not_picked":["Wellcheers","SpiderBud","Bloodbath"],"picked":"Singing Bowl","floor":1},{"not_picked":["PrimeTime"],"picked":"SKIP","floor":1},{"not_picked":["CrumblingArmor","SingingMachine","SpiderBud"],"picked":"Singing Bowl","floor":2},{"not_picked":["HandsUpC"],"picked":"SKIP","floor":2},{"not_picked":[],"picked":"Echoward","floor":5},{"not_picked":["Bloodbath","UniverseFragment","GreedKing"],"picked":"Singing Bowl","floor":5},{"not_picked":[],"picked":"VestedLegacy","floor":6},{"not_picked":["Scorched","BigBadWolf","Murderer"],"picked":"Singing Bowl","floor":6},{"not_picked":["MeatLantern","VoidDream","CherryBlossoms"],"picked":"Singing Bowl","floor":7},{"not_picked":["BlueShift"],"picked":"SKIP","floor":7},{"not_picked":["WakeUpCall"],"picked":"SKIP","floor":7},{"not_picked":[],"picked":"LockedAnchor","floor":8},{"not_picked":["Bloodbath","ShyLook","Wellcheers"],"picked":"Singing Bowl","floor":8},{"not_picked":["ShortSighted"],"picked":"SKIP","floor":8},{"not_picked":["Scorched","HappyTeddy","Wellcheers"],"picked":"Singing Bowl","floor":14},{"not_picked":["MeatLantern","Porccubus"],"picked":"LongBird","floor":14},{"not_picked":["LockedAnchor"],"picked":"SKIP","floor":14},{"not_picked":["PrimeTime"],"picked":"SKIP","floor":14},{"not_picked":[],"picked":"OverTime","floor":16},{"not_picked":["Wellcheers","CherryBlossoms","MHz"],"picked":"Singing Bowl","floor":16}],"player_experience":1155794,"relics_obtained":[{"floor":1,"key":"LetterFromLob"},{"floor":3,"key":"CaptainsWheel"},{"floor":6,"key":"HornCleat"},{"floor":8,"key":"Akabeko"},{"floor":9,"key":"reliquary:HotPoker"},{"floor":12,"key":"reliquary:PartyBalloon"},{"floor":1,"key":"LetterFromLob"},{"floor":6,"key":"Prayer Wheel"},{"floor":9,"key":"Replay:Bottled Steam"}],"event_choices":[{"damage_healed":0,"gold_gain":175,"player_choice":"AGREE","damage_taken":0,"max_hp_gain":0,"max_hp_loss":0,"event_name":"Liars Game","floor":11,"gold_loss":0,"cards_obtained":["Doubt"]},{"damage_healed":0,"gold_gain":0,"player_choice":"Forge","damage_taken":0,"max_hp_gain":0,"max_hp_loss":0,"event_name":"Accursed Blacksmith","floor":14,"gold_loss":0,"cards_upgraded":["BlueShift"]},{"damage_healed":0,"gold_gain":0,"cards_transformed":["Strike_Br"],"player_choice":"Change","damage_taken":0,"max_hp_gain":0,"max_hp_loss":0,"event_name":"Living Wall","floor":3,"gold_loss":0,"cards_obtained":["LockedLightning"]},{"cards_removed":["Defend_Br"],"damage_healed":0,"gold_gain":0,"player_choice":"Offered Basic","damage_taken":0,"max_hp_gain":0,"max_hp_loss":0,"event_name":"Bonfire Elementals","floor":4,"gold_loss":0}],"is_beta":false,"boss_relics":[{"not_picked":["reliquary:Craggleroot","Tiny House"],"picked":"Busted Crown"}],"items_purged_floors":[13],"is_endless":false,"potions_floor_spawned":[4,6,16,5,6,16],"ascension_level":3}}