{"host":"5zhjtp2pgwgfdund","time":1613110365,"event":{"mods":["2.2 Compatiblity","AchievementEnabler","Act Like it!","BaseMod","Colored Map","Colored Powertips","Downfall","Gensokyo","Infinite Spire","Minty Spire (QoL Compilation)","Replay The Spire","Shop Mod","StSLib","The Bug Knight","The Jungle"],"gold_per_floor":[99,116,127,127,138,138,138,138,138,38,58,73,73,100,112,212,212,274,285,34,34,34,34,34,34,48,48,48,59,76,107,127,225,225,125,136,186,186,196,206,256,288,288,305,305,305,321,332,351,351],"floor_reached":51,"language":"ENG","playtime":3833,"items_purged":[],"score":776,"play_id":"6bdedf04-8edf-484a-bb45-a8d33a753890","local_time":"20210212011245","is_ascension_mode":false,"campfire_choices":[{"floor":1.0,"key":"RECALL"},{"floor":10.0,"key":"REST"},{"data":"bronze:Separator","floor":13.0,"key":"SMITH"},{"data":"bronze:SpaghettiCode","floor":23.0,"key":"SMITH"},{"floor":27.0,"key":"REST"},{"data":"bronze:RecursiveStrike","floor":35,"key":"SMITH"},{"floor":46,"key":"REST"}],"circlet_count":0,"master_deck":["bronze:Strike","bronze:Strike","bronze:Defend","bronze:Defend","bronze:Defend","bronze:Defend","bronze:Replicate","bronze:Goto","bronze:ShipIt","bronze:WhirlingStrike","bronze:OilSpill","bronze:Repair","bronze:SpaghettiCode+1","bronze:Separator+1","bronze:ChildClass","bronze:Constructor","bronze:Separator","bronze:HyperBeam","bronze:Frontload","bronze:Shield+1","bronze:Constructor+1","bronze:DelayedSlice","infinitespire:Punishment","bronze:SpaghettiCode","bronze:ForceShield+1","bronze:Overload+1","bronze:Overheat","bronze:OilSpill","bronze:RecursiveStrike+1","bronze:CloningBeam","bronze:Frontload","bronze:AlphaBuild","bronze:Optimize+1","Pot Of Greed","Pot Of Greed","Pot Of Greed","bronze:Break","bronze:BuggyMess+1","bronze:OilSpill+1","Pot Of Greed","bronze:ChosenStrike+1","bronze:Constructor","bronze:Overheat"],"relics":["infinitespire:WardingShard","Bronze Scales","HollowMod:StagPassRelic","Blue Candle","downfall:HeartBlessingRed","Meat on the Bone","SlaversCollar","infinitespire:CursedDice","Nloth\u0027s Gift","Bird Faced Urn","downfall:HeartBlessingBlue","FossilizedHelix","Grinning Jar","Dream Catcher","Replay:WaspNest","Cauldron"],"acts_visited":["Exordium","TheCity","TheBeyond"],"potions_floor_usage":[45,50,50,50],"damage_taken":[{"damage":6.0,"enemies":"2 Louse","floor":2.0,"turns":3.0},{"damage":1.0,"enemies":"Jaw Worm","floor":3.0,"turns":3.0},{"damage":1.0,"enemies":"Small Slimes","floor":5.0,"turns":3.0},{"damage":0.0,"enemies":"3 Louse","floor":11.0,"turns":2.0},{"damage":6.0,"enemies":"Gremlin Gang","floor":12.0,"turns":2.0},{"damage":3.0,"enemies":"3 Sentries","floor":14.0,"turns":5.0},{"damage":0.0,"enemies":"Exordium Wildlife","floor":15.0,"turns":4.0},{"damage":23.0,"enemies":"WA_ARCHETYPE_RETAIN","floor":16.0,"turns":6.0},{"damage":3.0,"enemies":"Chosen","floor":19.0,"turns":4.0},{"damage":0.0,"enemies":"downfall:FleeingMerchant","floor":20.0,"turns":4.0},{"damage":17.0,"enemies":"Spheric Guardian","floor":26.0,"turns":3.0},{"damage":0.0,"enemies":"Snecko","floor":29.0,"turns":3.0},{"damage":18.0,"enemies":"Centurion and Healer","floor":30.0,"turns":6.0},{"damage":0.0,"enemies":"Gremlin Leader","floor":31.0,"turns":4.0},{"damage":3.0,"enemies":"Snake Plant","floor":32.0,"turns":4.0},{"damage":31.0,"enemies":"SI_MIRROR_ARCHETYPE","floor":33.0,"turns":9.0},{"damage":13,"enemies":"3 Shapes","floor":36,"turns":3},{"damage":0,"enemies":"3 Shapes","floor":37,"turns":5},{"damage":23,"enemies":"Orb Walker","floor":39,"turns":4},{"damage":0,"enemies":"4 Shapes","floor":40,"turns":5},{"damage":51,"enemies":"Nemesis","floor":42,"turns":7},{"damage":31,"enemies":"Maw","floor":44,"turns":8},{"damage":0,"enemies":"3 Darklings","floor":47,"turns":5},{"damage":0,"enemies":"Sphere and 2 Shapes","floor":48,"turns":4},{"damage":17,"enemies":"4 Shapes","floor":49,"turns":6},{"damage":53,"enemies":"DF_ARCHETYPE_ORBS","floor":50,"turns":11}],"seed_played":"2476407349942156119","potions_obtained":[{"floor":3.0,"key":"sneckomod:MuddlingPotion"},{"floor":12.0,"key":"Ancient Potion"},{"floor":14.0,"key":"Explosive Potion"},{"floor":16.0,"key":"bronze:FreeFunctionsPotion"},{"floor":30.0,"key":"PowerPotion"},{"floor":37,"key":"Fire Potion"},{"floor":45,"key":"Fruit Juice"},{"floor":45,"key":"FearPotion"}],"is_trial":false,"path_per_floor":["R_BF","M","M","?","M","?","T","?","?","R","M","M","R","E","M","B",null,"R_BF","M","$","?","AVR","R","T","?","M","R","?","M","M","E","M","B",null,"R","M","?","?","M","M","T","E","T","M","AVR","R","M","M","M","B",null],"character_chosen":"THE_AUTOMATON","items_purchased":["Sadistic Nature","bronze:Constructor"],"campfire_rested":3,"item_purchase_floors":[20,20],"current_hp_per_floor":[70,64,63,63,62,50,50,45,45,66,66,67,67,64,70,54,70,70,67,70,70,70,70,70,70,53,70,70,70,52,52,49,39,70,80,67,76,76,53,60,60,37,37,20,25,50,52,54,44,44],"gold":351,"neow_bonus":"ONE_RANDOM_RARE_CARD","is_daily":false,"chose_seed":false,"campfire_upgraded":3,"win_rate":0.0,"timestamp":1613110365,"path_taken":["R_BF","M","M","?","M","?","T","?","?","R","M","?","R","E","M","BOSS","R_BF","M","$","?","AVR","R","T","?","M","R","?","M","M","E","M","BOSS","R","M","?","?","M","M","T","E","?","M","AVR","R","M","?","M","BOSS"],"items_purchased_type":["Card","Card"],"build_version":"2020-12-22","purchased_purges":0,"victory":true,"max_hp_per_floor":[70,70,70,70,70,70,70,70,70,70,70,70,70,70,70,70,70,70,70,70,70,70,70,70,70,70,70,70,70,70,70,70,70,70,80,80,80,80,80,80,80,80,80,80,85,85,85,85,85,85],"card_choices":[{"not_picked":["bronze:ForceShield","bronze:BuggyMess"],"picked":"bronze:WhirlingStrike","floor":2.0},{"not_picked":["bronze:Overheat","bronze:Return"],"picked":"bronze:OilSpill","floor":3.0},{"not_picked":["bronze:Frontload","bronze:Deprecate"],"picked":"bronze:Repair","floor":5.0},{"not_picked":["bronze:BitShift","bronze:Invalidate"],"picked":"bronze:Separator","floor":11.0},{"not_picked":["bronze:Return","bronze:DelayedGuard"],"picked":"bronze:ChildClass","floor":12.0},{"not_picked":["bronze:ItsAFeature","bronze:Overheat"],"picked":"bronze:Constructor","floor":14.0},{"not_picked":["bronze:Deprecate","bronze:NullPointer"],"picked":"bronze:Separator","floor":15.0},{"not_picked":["bronze:Mutator","bronze:ThunderWave"],"picked":"bronze:HyperBeam","floor":16.0},{"not_picked":["bronze:WildBeam","bronze:DelayedSlice"],"picked":"bronze:Frontload","floor":19.0},{"not_picked":["bronze:Constructor","bronze:DelayedGuard"],"picked":"bronze:Shield+1","floor":20.0},{"not_picked":["bronze:Invalidate+1","bronze:Branch"],"picked":"bronze:SpaghettiCode","floor":26.0},{"not_picked":["bronze:WildBeam","bronze:ChildClass"],"picked":"bronze:ForceShield+1","floor":29.0},{"not_picked":["bronze:Turbo","bronze:BuggyMess"],"picked":"bronze:Overload+1","floor":30.0},{"not_picked":["bronze:ForceShield","bronze:ClassDefault"],"picked":"bronze:Overheat","floor":31.0},{"not_picked":["bronze:Optimize","bronze:Overload"],"picked":"bronze:OilSpill","floor":32.0},{"not_picked":["bronze:HyperBeam","bronze:Virus"],"picked":"bronze:RecursiveStrike","floor":33.0},{"not_picked":["bronze:Shield+1","bronze:FollowUp"],"picked":"bronze:CloningBeam","floor":36},{"not_picked":["bronze:WildBeam","bronze:Deprecate+1"],"picked":"bronze:Frontload","floor":37},{"not_picked":["bronze:Constructor","bronze:DelayedSlice+1"],"picked":"bronze:AlphaBuild","floor":39},{"not_picked":["bronze:Philosophize","bronze:DelayedSlice"],"picked":"bronze:Optimize+1","floor":40},{"not_picked":["bronze:Separator","bronze:Philosophize"],"picked":"bronze:Break","floor":42},{"not_picked":["bronze:Optimize","bronze:BugBarrage+1"],"picked":"bronze:BuggyMess+1","floor":44},{"not_picked":["bronze:Constructor+1","bronze:BronzeOrb+1"],"picked":"bronze:OilSpill+1","floor":46},{"not_picked":["bronze:BuggyMess+1","bronze:Mutator"],"picked":"bronze:ChosenStrike+1","floor":47},{"not_picked":["bronze:DelayedGuard","bronze:Deprecate"],"picked":"bronze:Constructor","floor":48},{"not_picked":["bronze:Allocate","bronze:DelayedGuard"],"picked":"bronze:Overheat","floor":49}],"player_experience":151175,"relics_obtained":[{"floor":4.0,"key":"infinitespire:WardingShard"},{"floor":7.0,"key":"HollowMod:StagPassRelic"},{"floor":14.0,"key":"Meat on the Bone"},{"floor":31.0,"key":"Bird Faced Urn"},{"floor":37,"key":"FossilizedHelix"},{"floor":41,"key":"Grinning Jar"},{"floor":42,"key":"Dream Catcher"},{"floor":43,"key":"Replay:WaspNest"}],"event_choices":[{"damage_healed":0.0,"max_hp_gain":0.0,"max_hp_loss":0.0,"gold_gain":0.0,"event_name":"Scrap Ooze","player_choice":"Success","floor":6.0,"gold_loss":0.0,"damage_taken":12.0,"relics_obtained":["Bronze Scales"]},{"cards_removed":["Sadistic Nature"],"damage_healed":0,"gold_gain":0,"player_choice":"Removed Power","damage_taken":0,"max_hp_gain":0,"max_hp_loss":0,"event_name":"Falling","floor":38,"gold_loss":0}],"is_beta":false,"boss_relics":[{"not_picked":["ReplayTheSpireMod:DimensionalGlitch","SacredBark"],"picked":"SlaversCollar"},{"not_picked":["Kintsugi","Replay:Grab Bag","Replay:Wanted Poster"]}],"items_purged_floors":[],"is_endless":false,"potions_floor_spawned":[3,12,14,16,19,30,31,32,37,39,44,47,49],"ascension_level":0}}