{"host":"5y2vm16xfq9gfmb2","time":1613108747,"event":{"mods":["AchievementEnabler","BaseMod","Better Third Choice","Colored Map","Colored Powertips","DeckTracker","Marisa????????","Minty Spire (QoL Compilation)","Rare Cards Sparkle","Relic Stats","StSLib","The Alterego","The Animator","The Marked","The Servant 0.9.4"],"gold_per_floor":[114,79,7,32,46,46,46],"floor_reached":6,"language":"ENG","playtime":535,"items_purged":[],"score":34,"play_id":"726b803c-68fe-4883-bc1f-2e2b62b81d88","local_time":"20210212004547","is_ascension_mode":false,"campfire_choices":[],"circlet_count":0,"master_deck":["animator:Strike_Konosuba","animator:Defend_Konosuba","animator:Strike","animator:Strike","animator:Strike","animator:Defend","animator:Defend","animator:Defend","animator:Kazuma","animator:Aqua","animator:Gilgamesh+1","animator:Caster","animator:Sonic","Regret","animator:EmiyaShirou"],"relics":["animator:LivingPicture","animator:TheMissingPiece","animator:PurgingStone","InkBottle"],"acts_visited":["Exordium"],"potions_floor_usage":[6],"damage_taken":[{"damage":5,"enemies":"Small Slimes","floor":1,"turns":5},{"damage":4,"enemies":"2 Louse","floor":5,"turns":4},{"damage":63,"enemies":"Lagavulin","floor":6,"turns":11}],"seed_played":"-38567928342777333","potions_obtained":[{"floor":1,"key":"FearPotion"}],"is_trial":false,"path_per_floor":["M","?","$","?","M","E"],"character_chosen":"THE_ANIMATOR","items_purchased":["animator:Sonic"],"campfire_rested":0,"item_purchase_floors":[3],"current_hp_per_floor":[45,61,61,61,59,0,0],"gold":46,"neow_bonus":"THREE_RARE_CARDS","is_daily":false,"chose_seed":false,"campfire_upgraded":0,"win_rate":0.0,"timestamp":1613108747,"path_taken":["M","?","$","?","M","E"],"items_purchased_type":["Card"],"build_version":"2020-12-22","purchased_purges":0,"victory":false,"max_hp_per_floor":[66,66,66,66,66,66,66],"relic_stats":{"counters":[3,20],"obtain_stats":[{"animator:PurgingStone":0,"animator:TheMissingPiece":0,"animator:LivingPicture":0,"InkBottle":4},{"animator:PurgingStone":0,"animator:TheMissingPiece":0,"animator:LivingPicture":0,"InkBottle":1},{"animator:PurgingStone":0,"animator:TheMissingPiece":0,"animator:LivingPicture":0,"InkBottle":5}],"InkBottle":[4]},"card_choices":[{"not_picked":["animator:Shizu","animator:ItamiYouji"],"picked":"animator:Gilgamesh","floor":0},{"not_picked":["animator:RoryMercury","animator:PandorasActor"],"picked":"animator:Caster","floor":1},{"not_picked":["animator:RoyMustang","animator:Spearman"],"picked":"animator:EmiyaShirou","floor":5}],"player_experience":51074,"relics_obtained":[],"event_choices":[{"damage_healed":16,"gold_gain":0,"player_choice":"Healed","damage_taken":0,"max_hp_gain":0,"max_hp_loss":0,"event_name":"The Cleric","floor":2,"gold_loss":35},{"damage_healed":0,"gold_gain":0,"player_choice":"Box","damage_taken":0,"relics_obtained":["InkBottle"],"max_hp_gain":0,"max_hp_loss":0,"event_name":"Big Fish","floor":4,"gold_loss":0,"cards_obtained":["Regret"]}],"is_beta":false,"boss_relics":[],"items_purged_floors":[],"is_endless":false,"potions_floor_spawned":[1],"killed_by":"Lagavulin","ascension_level":0}}