{"host":"jruzzdd1waq9u00d","time":1613130248,"event":{"mods":["BaseMod","Colored Map","Colored Powertips","DeckTracker","Downfall","Minty Spire (QoL Compilation)","Quick Restart","Relic Stats","StSLib","SuperFastMode"],"gold_per_floor":[99,110,110,20,37,37,37,37,48,148,161,222,222,240,257,362,362,362,374,424,441,453,468,468,479,479,479,479],"floor_reached":26,"language":"ENG","playtime":1825,"items_purged":["Guardian:Strike_Guardian"],"score":229,"play_id":"214ee692-81a8-419d-95a9-98591ef9b535","local_time":"20210212204408","is_ascension_mode":false,"campfire_choices":[{"data":"Guardian:TwinSlam","floor":1,"key":"SMITH"},{"data":"Guardian:Suspension","floor":8,"key":"SMITH"},{"data":"Guardian:SentryBeam","floor":13,"key":"SMITH"},{"data":"Guardian:Repulse","floor":18,"key":"SMITH"}],"circlet_count":0,"master_deck":["Guardian:Defend_Guardian","Guardian:Defend_Guardian","Guardian:Defend_Guardian","Guardian:Defend_Guardian","Guardian:CurlUp","Guardian:TwinSlam+1","Guardian:SentryBeam+1","Guardian:Suspension+1","Guardian:BronzeOrb","Guardian:Repulse+1","Guardian:ExploitGems","Guardian:RevengeProtocol","Guardian:Orbwalk","Slimebound:Tackle+1","Slimebound:Tackle+1","Slimebound:Tackle+1","Guardian:Planning","Guardian:AncientConstruct"],"relics":["Guardian:ModeShifter","Gambling Chip","downfall:CloakOfManyFaces","CultistMask","FaceOfCleric","NlothsMask","GremlinMask","SsserpentHead","bronze:MakeshiftBattery"],"acts_visited":["Exordium","TheCity"],"potions_floor_usage":[10,11,16,25,26],"damage_taken":[{"damage":5,"enemies":"Jaw Worm","floor":2,"turns":4},{"damage":0,"enemies":"downfall:FleeingMerchant","floor":4,"turns":4},{"damage":2,"enemies":"Small Slimes","floor":5,"turns":4},{"damage":0,"enemies":"2 Louse","floor":9,"turns":2},{"damage":10,"enemies":"downfall:FaceTrader","floor":10,"turns":12},{"damage":12,"enemies":"Gremlin Gang","floor":11,"turns":4},{"damage":2,"enemies":"2 Fungi Beasts","floor":12,"turns":4},{"damage":7,"enemies":"Blue Slaver","floor":14,"turns":3},{"damage":3,"enemies":"Red Slaver","floor":15,"turns":4},{"damage":37,"enemies":"IC_STATUS_ARCHETYPE","floor":16,"turns":14},{"damage":17,"enemies":"3 Byrds","floor":19,"turns":5},{"damage":11,"enemies":"Shell Parasite","floor":21,"turns":4},{"damage":17,"enemies":"Cultist and Chosen","floor":22,"turns":7},{"damage":17,"enemies":"Shelled Parasite and Fungi","floor":23,"turns":5},{"damage":18,"enemies":"3 Cultists","floor":25,"turns":6}],"seed_played":"2699624356142772049","potions_obtained":[{"floor":2,"key":"Energy Potion"},{"floor":5,"key":"SteroidPotion"},{"floor":10,"key":"hexamod:SoulburnPotion"},{"floor":11,"key":"DistilledChaos"},{"floor":16,"key":"FearPotion"},{"floor":23,"key":"Guardian:BlockOnCardUsePotion"},{"floor":25,"key":"Fruit Juice"}],"is_trial":false,"path_per_floor":["R","M","?","$","M","?","T","R","M","?","M","M","R","M","M","B",null,"R","M","?","M","M","M","T","M","E"],"character_chosen":"GUARDIAN","items_purchased":[],"campfire_rested":0,"item_purchase_floors":[],"current_hp_per_floor":[88,83,83,83,81,81,81,81,81,71,60,59,59,53,51,15,93,93,77,77,67,51,35,35,23,0,0,0],"gold":479,"neow_bonus":"TEN_PERCENT_HP_BONUS","is_daily":false,"chose_seed":false,"campfire_upgraded":4,"win_rate":0.0,"timestamp":1613130248,"path_taken":["R","M","?","$","M","?","T","R","M","?","M","?","R","M","M","BOSS","R","M","?","M","M","M","T","M","E"],"items_purchased_type":[],"build_version":"2020-12-22","purchased_purges":1,"victory":false,"max_hp_per_floor":[88,88,88,88,88,88,88,88,88,88,89,90,90,91,92,93,93,93,94,94,95,96,97,97,103,103,103,103],"relic_stats":{"SsserpentHead":100,"FaceOfCleric":10,"counters":[16,87],"Gambling Chip":[39],"obtain_stats":[{"SsserpentHead":10,"FaceOfCleric":10,"Gambling Chip":7,"Guardian:ModeShifter":0,"GremlinMask":10,"CultistMask":10,"downfall:CloakOfManyFaces":10,"bronze:MakeshiftBattery":17,"NlothsMask":10},{"SsserpentHead":5,"FaceOfCleric":5,"Gambling Chip":3,"Guardian:ModeShifter":0,"GremlinMask":5,"CultistMask":5,"downfall:CloakOfManyFaces":5,"bronze:MakeshiftBattery":10,"NlothsMask":5},{"SsserpentHead":26,"FaceOfCleric":26,"Gambling Chip":12,"Guardian:ModeShifter":0,"GremlinMask":26,"CultistMask":26,"downfall:CloakOfManyFaces":26,"bronze:MakeshiftBattery":55,"NlothsMask":26}]},"card_choices":[{"not_picked":["Guardian:ChargeCore","Guardian:RollAttack"],"picked":"Guardian:SentryBeam","floor":2},{"not_picked":["Guardian:CrystalBeam","Guardian:TemporalShield"],"picked":"Guardian:Gem_Synthetic","floor":4},{"not_picked":["Guardian:Orbwalk","Guardian:ShieldCharger"],"picked":"Guardian:Suspension","floor":5},{"not_picked":["Guardian:Gem_Lightblue","Guardian:TemporalShield"],"picked":"Guardian:Gem_Green","floor":9},{"not_picked":["Guardian:PrimingBeam","Guardian:RollAttack"],"picked":"Guardian:BronzeOrb","floor":10},{"not_picked":["Guardian:Gem_Green","Guardian:Reroute"],"picked":"Guardian:Gem_Red","floor":11},{"not_picked":["Guardian:TemporalShield","Guardian:TemporalStrike","Guardian:WalkerClaw"],"picked":"SKIP","floor":12},{"not_picked":["Guardian:Gem_Green","Guardian:SentryBeam"],"picked":"Guardian:Repulse","floor":14},{"not_picked":["Guardian:Gem_Green","Guardian:Preprogram"],"picked":"Guardian:ExploitGems","floor":15},{"not_picked":["Guardian:StasisField","Guardian:SphericShield"],"picked":"Guardian:RevengeProtocol","floor":16},{"not_picked":["Guardian:TemporalShield","Guardian:Suspension"],"picked":"Guardian:Orbwalk","floor":19},{"not_picked":["Guardian:Suspension","Guardian:ChargeCore+1"],"picked":"Guardian:Planning","floor":21},{"not_picked":["Guardian:Suspension","Guardian:VentSteam+1","Guardian:Planning+1"],"picked":"SKIP","floor":22},{"not_picked":["Guardian:TimeBomb+1","Guardian:Gem_Green","Guardian:TemporalShield"],"picked":"SKIP","floor":23},{"not_picked":["Guardian:RollAttack","Guardian:TemporalShield+1"],"picked":"Guardian:AncientConstruct","floor":25}],"player_experience":432480,"relics_obtained":[{"floor":7,"key":"Gambling Chip"},{"floor":10,"key":"downfall:CloakOfManyFaces"}],"event_choices":[],"is_beta":false,"boss_relics":[{"not_picked":["Busted Crown","Guardian:StasisSlotReductionRelic"],"picked":"bronze:MakeshiftBattery"}],"items_purged_floors":[4],"is_endless":false,"potions_floor_spawned":[2,5,10,11,16,23,25],"killed_by":"Book of Stabbing","ascension_level":0}}