{"host":"rykcscnxwcosqdkz","time":1613126265,"event":{"mods":["100% Spire Juice","Act Like it!","Arknights","BaseMod","DeckTracker","GifTheSpireLib","Minty Spire (QoL Compilation)","Reliquary","StSLib","Stuff the Spire","The Dragon Tamer","The Marked","??????REMEMod"],"gold_per_floor":[118,129,129,148,148,39,53,66,66,81,81,94,105,123,123,226,106,126,6,17,17,35,60,76,105,105,134,154,154,204,220,220,324,84,94,69,0,15,28,61,61,81,81,81,81,98,109,109,109,109],"floor_reached":51,"language":"ENG","playtime":2852,"items_purged":[],"score":891,"play_id":"e49a6efc-101f-4fab-a0a6-4a24f75edfe0","local_time":"20210212113745","is_ascension_mode":false,"campfire_choices":[{"data":"Moonworks:RocketCannon","floor":15.0,"key":"SMITH"},{"data":"StuffTheSpire:BrainWave","floor":29.0,"key":"SMITH"},{"data":"Moonworks:Flamethrower","floor":32.0,"key":"SMITH"},{"data":"Moonworks:Accelerator","floor":41.0,"key":"SMITH"},{"data":"Moonworks:EvilSpyWorkPreparation","floor":45.0,"key":"SMITH"},{"data":"Moonworks:EvilSpyWorkPreparation","floor":49.0,"key":"SMITH"}],"circlet_count":0,"master_deck":["Moonworks:Strike","Moonworks:Strike","Moonworks:Defend","Moonworks:Defend+1","Moonworks:Defend","Moonworks:Defend+1","Moonworks:Ambush","Moonworks:LongDistanceShot","Moonworks:EvilSpyWorkPreparation","StuffTheSpire:BrainWave+1","Moonworks:ScrambledEve","Moonworks:TreasureThief","Moonworks:RocketCannon+1","Moonworks:NicePresent","Moonworks:GoAway","Moonworks:WindyEnchantment+1","Moonworks:Flamethrower+1","Moonworks:EvilSpyWorkPreparation+1","Moonworks:NicePresent+1","Moonworks:NicePresent","Moonworks:EvilSpyWorkPreparation+1","Moonworks:TreasureThief","Moonworks:Accelerator+1","Moonworks:NicePresent","Moonworks:ScrambledEve"],"relics":["Moonworks:BrokenBomb","Moonworks:Homemark","REME_ComplimentaryCards","Mercury Hourglass","reliquary:RedCape","StuffTheSpire:NeowsTribute","StuffTheSpire:Rhapsscallions","StuffTheSpire:HeavyRock","reliquary:PartyBalloon","Cursed Key","Red Mask","reliquary:HotPoker"],"acts_visited":["Exordium","TheCity","TheBeyond"],"potions_floor_usage":[50],"damage_taken":[{"damage":6.0,"enemies":"Jaw Worm","floor":1.0,"turns":3.0},{"damage":0.0,"enemies":"Cultist","floor":2.0,"turns":3.0},{"damage":0.0,"enemies":"2 Louse","floor":4.0,"turns":3.0},{"damage":0.0,"enemies":"Looter","floor":6.0,"turns":3.0},{"damage":7.0,"enemies":"Large Slime","floor":7.0,"turns":6.0},{"damage":3.0,"enemies":"3 Louse","floor":8.0,"turns":2.0},{"damage":0.0,"enemies":"Red Slaver","floor":10.0,"turns":4.0},{"damage":5.0,"enemies":"Exordium Thugs","floor":12.0,"turns":3.0},{"damage":0.0,"enemies":"Blue Slaver","floor":13.0,"turns":2.0},{"damage":0.0,"enemies":"Exordium Wildlife","floor":14.0,"turns":2.0},{"damage":0.0,"enemies":"Slime Boss","floor":16.0,"turns":3.0},{"damage":0.0,"enemies":"Chosen","floor":18.0,"turns":3.0},{"damage":0.0,"enemies":"2 Thieves","floor":20.0,"turns":3.0},{"damage":0.0,"enemies":"Snake Plant","floor":22.0,"turns":3.0},{"damage":0.0,"enemies":"REME_1_Revenger","floor":23.0,"turns":3.0},{"damage":0.0,"enemies":"Sentry and Sphere","floor":24.0,"turns":2.0},{"damage":0.0,"enemies":"Gremlin Leader","floor":25.0,"turns":3.0},{"damage":0.0,"enemies":"Book of Stabbing","floor":27.0,"turns":3.0},{"damage":3.0,"enemies":"Snecko","floor":28.0,"turns":5.0},{"damage":0.0,"enemies":"Snake Plant","floor":31.0,"turns":2.0},{"damage":13.0,"enemies":"Automaton","floor":33.0,"turns":6.0},{"damage":0.0,"enemies":"Orb Walker","floor":35.0,"turns":2.0},{"damage":1.0,"enemies":"3 Shapes","floor":38.0,"turns":3.0},{"damage":3.0,"enemies":"Writhing Mass","floor":39.0,"turns":3.0},{"damage":5.0,"enemies":"Reptomancer","floor":40.0,"turns":3.0},{"damage":0.0,"enemies":"3 Darklings","floor":42.0,"turns":1.0},{"damage":0.0,"enemies":"Jaw Worm Horde","floor":44.0,"turns":1.0},{"damage":0.0,"enemies":"Transient","floor":46.0,"turns":5.0},{"damage":0.0,"enemies":"Spire Growth","floor":47.0,"turns":2.0},{"damage":52,"enemies":"Awakened One","floor":50,"turns":6}],"seed_played":"-122252756566103679","potions_obtained":[{"floor":1.0,"key":"DistilledChaos"},{"floor":2.0,"key":"LiquidBronze"},{"floor":6.0,"key":"PowerPotion"},{"floor":13.0,"key":"REME_GoldPotion"},{"floor":14.0,"key":"AttackPotion"},{"floor":20.0,"key":"Block Potion"},{"floor":23.0,"key":"LiquidMemories"},{"floor":33.0,"key":"SteroidPotion"},{"floor":39.0,"key":"FairyPotion"},{"floor":42.0,"key":"SmokeBomb"},{"floor":46.0,"key":"Regen Potion"}],"is_trial":false,"path_per_floor":["M","M","?","M","?","M","M","M","T","M","?","M","M","M","R","B",null,"M","?","M","?","M","E","M","E","T","E","M","R","?","M","R","B",null,"M","$","?","M","M","E","R","M","T","M","R","M","M","T","R","B",null],"character_chosen":"THE_STARBREAKER","items_purchased":["Moonworks:NicePresent"],"campfire_rested":0,"item_purchase_floors":[36],"current_hp_per_floor":[54,54,54,54,54,54,47,44,44,44,44,39,39,39,39,39,60,60,60,60,60,60,60,60,63,63,63,60,60,60,60,60,47,63,63,63,63,62,59,54,54,54,54,54,54,54,54,54,54,11],"gold":109,"neow_bonus":"RANDOM_COMMON_RELIC","is_daily":false,"chose_seed":false,"campfire_upgraded":6,"win_rate":0.0,"timestamp":1613126265,"path_taken":["M","M","?","M","?","?","M","M","T","M","?","M","M","M","R","BOSS","M","?","M","?","M","E","M","E","T","E","M","R","?","M","R","BOSS","M","?","?","M","M","E","R","M","T","M","R","M","M","?","R","BOSS"],"items_purchased_type":["Card"],"build_version":"2020-12-22","purchased_purges":0,"victory":true,"max_hp_per_floor":[60,60,60,60,60,60,60,60,60,60,60,60,60,60,60,60,60,60,60,60,60,60,60,60,63,63,63,63,63,63,63,63,63,63,63,63,63,63,63,63,63,63,63,63,63,63,63,63,63,63],"card_choices":[{"not_picked":["Moonworks:ExtendedPhotonRifle","Moonworks:IndiscriminateFireSupport"],"picked":"Moonworks:EvilSpyWorkPreparation","floor":1.0},{"not_picked":["Moonworks:StiffCrystal","Moonworks:SakisCookie","Moonworks:BigMagnum"],"picked":"SKIP","floor":2.0},{"not_picked":["StuffTheSpire:CelestialWarden","StuffTheSpire:Harmony"],"picked":"StuffTheSpire:BrainWave","floor":3.0},{"not_picked":["Moonworks:SakisCookie","Moonworks:LuckyCharm"],"picked":"Moonworks:ScrambledEve","floor":4.0},{"not_picked":["Moonworks:DeployBits","Moonworks:MiracleWalker"],"picked":"Moonworks:TreasureThief","floor":6.0},{"not_picked":["Moonworks:BigMagnum","Moonworks:JonathanRush","Moonworks:SakisCookie"],"picked":"SKIP","floor":7.0},{"not_picked":["Moonworks:BigMagnum","Moonworks:JonathanRush","Moonworks:StiffCrystal"],"picked":"SKIP","floor":8.0},{"not_picked":["Moonworks:StiffCrystal","Moonworks:AngelHand","Moonworks:ScrambledEve"],"picked":"SKIP","floor":10.0},{"not_picked":["Moonworks:JonathanRush","Moonworks:Assault"],"picked":"Moonworks:RocketCannon","floor":12.0},{"not_picked":["Moonworks:Heat300Percent","Moonworks:CloudOfSeagulls","Moonworks:LulusLuckyEgg"],"picked":"SKIP","floor":13.0},{"not_picked":["Moonworks:MixPhenomenon","Moonworks:CookingTime"],"picked":"Moonworks:NicePresent","floor":14.0},{"not_picked":["Moonworks:Gamble","Moonworks:WeAreWaruda"],"picked":"Moonworks:GoAway","floor":16.0},{"not_picked":["Moonworks:CastOff","Moonworks:ImOnFire+1","Moonworks:ImmovableObject"],"picked":"SKIP","floor":18.0},{"not_picked":["Moonworks:SakisCookie","Moonworks:ImmovableObject+1"],"picked":"Moonworks:WindyEnchantment+1","floor":20.0},{"not_picked":["Moonworks:Assault","Moonworks:SelfDestruct"],"picked":"Moonworks:EvilSpyWorkPreparation","floor":22.0},{"not_picked":["Moonworks:ImOnFire","Moonworks:BigBangBell+1"],"picked":"Moonworks:NicePresent+1","floor":23.0},{"not_picked":["Moonworks:SealedMemories","Moonworks:CloudOfSeagulls"],"picked":"Moonworks:NicePresent","floor":24.0},{"not_picked":["Moonworks:IndiscriminateFireSupport","Moonworks:Assault"],"picked":"Moonworks:EvilSpyWorkPreparation","floor":25.0},{"not_picked":["Moonworks:ImOnFire+1","Moonworks:SakisCookie","Moonworks:Assault"],"picked":"SKIP","floor":27.0},{"not_picked":["Moonworks:AngelHand","Moonworks:Heat300Percent+1"],"picked":"Moonworks:TreasureThief","floor":28.0},{"not_picked":["Moonworks:JonathanRush","Moonworks:EvilSpyWorkPreparation","Moonworks:BeyondHell"],"picked":"SKIP","floor":31.0},{"not_picked":["Moonworks:LeapThroughSpace","Moonworks:CrystalBarrier"],"picked":"Moonworks:Accelerator","floor":33.0},{"not_picked":["Moonworks:JonathanRush","Moonworks:Assault+1","Moonworks:LulusLuckyEgg+1"],"picked":"SKIP","floor":35.0},{"not_picked":["Moonworks:DeployBits+1","Moonworks:CookingTime+1","Moonworks:IndiscriminateFireSupport+1"],"picked":"SKIP","floor":38.0},{"not_picked":["Moonworks:IndiscriminateFireSupport+1","Moonworks:ExtendedPhotonRifle","Moonworks:SakisCookie"],"picked":"SKIP","floor":39.0},{"not_picked":["Moonworks:CloudOfSeagulls","Moonworks:Heat300Percent+1","Moonworks:BigMagnum+1"],"picked":"SKIP","floor":40.0},{"not_picked":["Moonworks:IndiscriminateFireSupport","Moonworks:StiffCrystal+1","Moonworks:CloudOfSeagulls+1"],"picked":"SKIP","floor":42.0},{"not_picked":["Moonworks:FullSpeedAlicianrone+1","Moonworks:RagingMadness","Moonworks:SubspaceTunnel"],"picked":"SKIP","floor":46.0},{"not_picked":["Moonworks:IndiscriminateFireSupport+1","Moonworks:JonathanRush+1"],"picked":"Moonworks:ScrambledEve","floor":47.0}],"player_experience":49276,"relics_obtained":[{"floor":9.0,"key":"Mercury Hourglass"},{"floor":23.0,"key":"StuffTheSpire:NeowsTribute"},{"floor":25.0,"key":"StuffTheSpire:Rhapsscallions"},{"floor":26.0,"key":"StuffTheSpire:HeavyRock"},{"floor":27.0,"key":"reliquary:PartyBalloon"},{"floor":40.0,"key":"reliquary:HotPoker"}],"event_choices":[{"cards_removed":["Moonworks:Strike"],"damage_healed":0.0,"max_hp_gain":0.0,"max_hp_loss":0.0,"gold_gain":0.0,"event_name":"Bonfire Elementals","player_choice":"Offered Basic","floor":5.0,"gold_loss":0.0,"damage_taken":0.0},{"damage_healed":0.0,"max_hp_gain":0.0,"max_hp_loss":0.0,"gold_gain":0.0,"event_name":"Dead Adventurer","player_choice":"Searched \u00271\u0027 times","floor":11.0,"gold_loss":0.0,"damage_taken":0.0},{"damage_healed":0.0,"max_hp_gain":0.0,"max_hp_loss":0.0,"gold_gain":0.0,"event_name":"The Library","player_choice":"Read","floor":21.0,"gold_loss":0.0,"damage_taken":0.0,"cards_obtained":["Moonworks:Flamethrower"]},{"damage_healed":0.0,"max_hp_gain":0.0,"max_hp_loss":0.0,"gold_gain":100.0,"event_name":"The Joust","player_choice":"Bet on Murderer","floor":30.0,"gold_loss":50.0,"damage_taken":0.0},{"damage_healed":0.0,"max_hp_gain":0.0,"max_hp_loss":0.0,"gold_gain":0.0,"event_name":"Tomb of Lord Red Mask","player_choice":"Paid","floor":37.0,"gold_loss":69.0,"damage_taken":0.0,"relics_obtained":["Red Mask"]}],"is_beta":false,"boss_relics":[{"not_picked":["Tiny House","REME_LowDesire"],"picked":"reliquary:RedCape"},{"not_picked":["Runic Pyramid","Fusion Hammer"],"picked":"Cursed Key"}],"items_purged_floors":[],"is_endless":false,"potions_floor_spawned":[1,2,6,13,14,20,23,24,33,39,42,46,47],"ascension_level":0}}