{"host":"2hea6pl5vmah38iy","time":1613126101,"event":{"mods":["AchievementEnabler","BaseMod","Colored Map","DeckTracker","Keyboard Shortcuts","Minty Spire (QoL Compilation)","Rare Cards Sparkle","StSLib","SuperFastMode","everything is the same but u backflip on backflip"],"gold_per_floor":[114,264,284,18,37,69,98,98,180,192,192,207,21,39,39,113,113,143,155,167,167],"floor_reached":20,"language":"KOR","playtime":662,"items_purged":["Doubt","Strike_B"],"score":331,"play_id":"e72e99d7-3a9d-49b5-930c-e26a97633677","local_time":"20210212193501","is_ascension_mode":true,"campfire_choices":[{"floor":8,"key":"REST"},{"floor":11,"key":"REST"},{"floor":15,"key":"REST"}],"circlet_count":0,"master_deck":["AscendersBane","Strike_B","Strike_B","Strike_B","Defend_B","Defend_B","Defend_B","Defend_B","Zap","Dualcast","Compile Driver","Ball Lightning","Streamline","Rebound","Steam Power","Gash","Steam","Coolheaded","Streamline","Turbo","FTL","Reprogram","Aggregate","Meteor Strike","CurseOfTheBell"],"relics":["Cracked Core","Dream Catcher","ClockworkSouvenir","Bronze Scales","Odd Mushroom","Shuriken","Calling Bell","MawBank","Question Card","Unceasing Top"],"acts_visited":["TheCity"],"potions_floor_usage":[7,16,16,16],"damage_taken":[{"damage":4,"enemies":"Small Slimes","floor":1,"turns":5},{"damage":9,"enemies":"Jaw Worm","floor":3,"turns":5},{"damage":2,"enemies":"2 Louse","floor":5,"turns":2},{"damage":40,"enemies":"3 Sentries","floor":6,"turns":7},{"damage":4,"enemies":"The Mushroom Lair","floor":7,"turns":2},{"damage":6,"enemies":"2 Fungi Beasts","floor":10,"turns":2},{"damage":17,"enemies":"Gremlin Gang","floor":12,"turns":3},{"damage":6,"enemies":"Looter","floor":14,"turns":3},{"damage":24,"enemies":"Hexaghost","floor":16,"turns":6},{"damage":27,"enemies":"Shell Parasite","floor":18,"turns":4},{"damage":0,"enemies":"2 Thieves","floor":20,"turns":1}],"seed_played":"6684441657272151550","potions_obtained":[{"floor":1,"key":"Ancient Potion"},{"floor":6,"key":"AttackPotion"},{"floor":14,"key":"EntropicBrew"}],"is_trial":false,"path_per_floor":["M","?","M","$","M","E","?","R","T","M","R","M","$","M","R","B",null,"M","?","M"],"character_chosen":"DEFECT","items_purchased":["ClockworkSouvenir","Streamline","FTL"],"campfire_rested":3,"item_purchase_floors":[4,4,13],"current_hp_per_floor":[60,60,51,51,49,9,5,26,26,20,41,24,24,18,39,15,57,30,10,10,10],"gold":167,"neow_bonus":"RANDOM_COMMON_RELIC","is_daily":false,"chose_seed":false,"campfire_upgraded":0,"win_rate":0.0,"timestamp":1613126101,"path_taken":["M","?","M","$","M","E","?","R","T","M","R","M","$","M","R","BOSS","M","?","M"],"items_purchased_type":["Relic","Card","Card"],"build_version":"2020-12-22","purchased_purges":2,"victory":false,"max_hp_per_floor":[71,71,71,71,71,71,71,71,71,71,71,71,71,71,71,71,71,71,76,76,76],"card_choices":[{"not_picked":["Fusion","Leap"],"picked":"Compile Driver","floor":1},{"not_picked":["Reprogram","Sweeping Beam"],"picked":"Ball Lightning","floor":3},{"not_picked":["Coolheaded","Static Discharge"],"picked":"Rebound","floor":5},{"not_picked":["Compile Driver","Streamline"],"picked":"Steam Power","floor":6},{"not_picked":["Conserve Battery","Barrage"],"picked":"Gash","floor":7},{"not_picked":["Compile Driver","Stack"],"picked":"Steam","floor":8},{"not_picked":["Defragment","Thunder Strike"],"picked":"Coolheaded","floor":10},{"not_picked":["Loop","Stack"],"picked":"Streamline","floor":11},{"not_picked":["Hello World","Undo"],"picked":"Turbo","floor":12},{"not_picked":["Electrodynamics","Streamline"],"picked":"Reprogram","floor":14},{"not_picked":["Heatsinks","Cold Snap"],"picked":"Aggregate","floor":15},{"not_picked":["Biased Cognition","Hyperbeam"],"picked":"Meteor Strike","floor":16},{"not_picked":["Streamline","Steam","Ball Lightning","Coolheaded"],"picked":"SKIP","floor":18}],"player_experience":566875,"relics_obtained":[{"floor":6,"key":"Bronze Scales"},{"floor":7,"key":"Odd Mushroom"},{"floor":9,"key":"Shuriken"},{"floor":17,"key":"MawBank"},{"floor":17,"key":"Question Card"},{"floor":17,"key":"Unceasing Top"}],"event_choices":[{"damage_healed":0,"gold_gain":150,"player_choice":"AGREE","damage_taken":0,"max_hp_gain":0,"max_hp_loss":0,"event_name":"Liars Game","floor":2,"gold_loss":0,"cards_obtained":["Doubt"]},{"damage_healed":0,"gold_gain":0,"player_choice":"Fought Mushrooms","damage_taken":0,"max_hp_gain":0,"max_hp_loss":0,"event_name":"Mushrooms","floor":7,"gold_loss":0},{"damage_healed":0,"gold_gain":0,"player_choice":"Shed Blood","damage_taken":25,"max_hp_gain":5,"max_hp_loss":0,"event_name":"Forgotten Altar","floor":19,"gold_loss":0}],"is_beta":false,"boss_relics":[{"not_picked":["Inserter","Fusion Hammer"],"picked":"Calling Bell"}],"items_purged_floors":[4,13],"is_endless":false,"potions_floor_spawned":[1,6,14],"killed_by":"2 Thieves","ascension_level":18}}