{"host":"clf2hd4adhiiw0zf","time":1613165502,"event":{"mods":["AchievementEnabler","BaseMod","Beaked The Cultist","Bestiary","Dark Map","Downfall","Gremlin Mod","Hermit","Jorbs\u0027s Wanderer Trilogy","Marisa????????","Minty Spire (QoL Compilation)","Shop Mod","StSLib","The Cursed","The Servant 0.9.4","Wide Potions"],"gold_per_floor":[349,368,382,399,399,299,371,402,402,402,417,446,546,65,78,176,176,176,195,195,210,46,77,77,77,77,77,77],"floor_reached":26,"language":"ENG","playtime":1154,"items_purged":[],"score":304,"play_id":"a39fafa2-8519-4ad0-97ef-05d49ff1a28e","local_time":"20210212143142","is_ascension_mode":true,"campfire_choices":[{"floor":1.0,"key":"RECALL"},{"data":"champ:SetATrap","floor":6.0,"key":"SMITH"},{"data":"champ:ShieldSigil","floor":9.0,"key":"SMITH"},{"data":"champ:Parry","floor":18,"key":"SMITH"}],"circlet_count":0,"master_deck":["champ:Defend","champ:Defend","champ:Defend","champ:Defend","champ:Execute","champ:Taunt","champ:AdrenalArmor","champ:ShieldSigil+1","champ:SetATrap+1","champ:Lariat","champ:Parry+1","champ:ShieldThrow+1","expansioncontent:DashGenerateEvil+1","champ:FlashCut+1","champ:Improvising","champ:Haymaker+1","champ:SkillfulDodge+1","champ:Parry+1","champ:HeavySlash+1","champ:DancingMaster","champ:Parry+1","champ:TornadoPunch+1","champ:ShieldThrow+1","champ:EnchantShield"],"relics":["champ:ChampionCrown","champ:LiftRelic","downfall:HeartBlessingRed","Molten Egg 2","Ancient Tea Set","Singing Bowl","CaptainsWheel","Omamori","OrangePellets","Astrolabe","DollysMirror","Happy Flower"],"acts_visited":["TheCity"],"potions_floor_usage":[16,23,23],"damage_taken":[{"damage":11.0,"enemies":"Cultist","floor":2.0,"turns":3.0},{"damage":28.0,"enemies":"Jaw Worm","floor":3.0,"turns":5.0},{"damage":10.0,"enemies":"2 Louse","floor":4.0,"turns":4.0},{"damage":10.0,"enemies":"Lagavulin","floor":8.0,"turns":7.0},{"damage":30.0,"enemies":"Large Slime","floor":11.0,"turns":5.0},{"damage":44.0,"enemies":"Gremlin Nob","floor":12.0,"turns":4.0},{"damage":20.0,"enemies":"downfall:FleeingMerchant","floor":14.0,"turns":4.0},{"damage":16.0,"enemies":"3 Louse","floor":15.0,"turns":4.0},{"damage":16,"enemies":"IC_STATUS_ARCHETYPE","floor":16,"turns":4},{"damage":0,"enemies":"Spheric Guardian","floor":19,"turns":2},{"damage":40,"enemies":"Cultist and Chosen","floor":21,"turns":5},{"damage":6,"enemies":"downfall:FleeingMerchant","floor":22,"turns":4},{"damage":14,"enemies":"Book of Stabbing","floor":23,"turns":5},{"damage":24,"enemies":"Chosen and Byrds","floor":26,"turns":4}],"seed_played":"-6933603448968295068","potions_obtained":[{"floor":2.0,"key":"Guardian:BlockOnCardUsePotion"},{"floor":3.0,"key":"BlessingOfTheForge"},{"floor":8.0,"key":"bronze:BurnAndBuffPotion"},{"floor":15.0,"key":"champ:OpenerPotion"},{"floor":19,"key":"EntropicBrew"}],"is_trial":false,"path_per_floor":["R","M","M","M","?","R","T","E","R","?","M","E","?","$","M","B",null,"R","M","?","M","$","E","T","?","M"],"character_chosen":"THE_CHAMP","items_purchased":["Omamori","OrangePellets","expansioncontent:DashGenerateEvil","DollysMirror"],"campfire_rested":0,"item_purchase_floors":[14,14,14,22],"current_hp_per_floor":[81,80,72,72,72,72,72,62,62,59,59,30,30,32,26,10,65,65,65,65,45,39,25,25,20,0,0,0],"gold":77,"neow_bonus":"TWO_FIFTY_GOLD","is_daily":false,"chose_seed":false,"campfire_upgraded":3,"win_rate":0.0,"timestamp":1613165502,"path_taken":["R","M","M","?","?","R","T","E","R","?","M","E","?","$","M","BOSS","R","M","?","M","$","E","T","?","?"],"items_purchased_type":["Relic","Relic","Card","Relic"],"build_version":"2020-12-22","purchased_purges":0,"victory":false,"max_hp_per_floor":[81,81,81,81,81,81,81,81,81,81,81,81,81,83,83,83,83,83,83,83,83,83,83,83,83,83,83,83],"card_choices":[{"not_picked":["champ:DefensiveShout","champ:PreciseThrust"],"picked":"champ:AdrenalArmor","floor":2.0},{"not_picked":["champ:BerserkersShout","champ:CrookedStrike"],"picked":"champ:ShieldSigil","floor":3.0},{"not_picked":["champ:EndlessRage","champ:DefensiveShout"],"picked":"champ:SetATrap","floor":4.0},{"not_picked":["champ:BringItOn","champ:PerfectedStrike+1"],"picked":"champ:Lariat","floor":8.0},{"not_picked":["champ:Improvising","champ:Endure"],"picked":"champ:Parry","floor":11.0},{"not_picked":["champ:GladiatorStyle","champ:Improvising"],"picked":"champ:ShieldThrow+1","floor":12.0},{"not_picked":["champ:AdrenalArmor","champ:FanOfKnives+1","champ:TripleStrike+1"],"picked":"Singing Bowl","floor":14.0},{"not_picked":["champ:AdrenalArmor","champ:FanOfKnives+1"],"picked":"champ:FlashCut+1","floor":15.0},{"not_picked":["champ:HeavySlash+1","champ:GladiatorForm"],"picked":"champ:Improvising","floor":16},{"not_picked":["champ:PerfectedStrike+1","champ:BerserkerStyle"],"picked":"champ:Parry+1","floor":19},{"not_picked":["champ:AdrenalArmor","champ:Shatter+1"],"picked":"champ:Parry+1","floor":21},{"not_picked":["champ:DefensiveShout","champ:ShieldSigil"],"picked":"champ:TornadoPunch+1","floor":22},{"not_picked":["champ:PreciseThrust+1","champ:StanceDance"],"picked":"champ:EnchantShield","floor":23}],"player_experience":245864,"relics_obtained":[{"floor":7.0,"key":"Molten Egg 2"},{"floor":8.0,"key":"Ancient Tea Set"},{"floor":12.0,"key":"CaptainsWheel"},{"floor":23,"key":"Happy Flower"}],"event_choices":[{"damage_healed":0.0,"max_hp_gain":0.0,"max_hp_loss":0.0,"gold_gain":0.0,"event_name":"Scrap Ooze","player_choice":"Success","floor":10.0,"gold_loss":0.0,"damage_taken":3.0,"relics_obtained":["Singing Bowl"]},{"damage_healed":0,"gold_gain":0,"cards_transformed":["champ:Strike","champ:FanOfKnives"],"player_choice":"Became Test Subject","damage_taken":0,"max_hp_gain":0,"max_hp_loss":0,"event_name":"Drug Dealer","floor":20,"gold_loss":0,"cards_obtained":["champ:HeavySlash","champ:DancingMaster"]}],"is_beta":false,"boss_relics":[{"not_picked":["Snecko Eye","bronze:MakeshiftBattery"],"picked":"Astrolabe"}],"items_purged_floors":[],"is_endless":false,"potions_floor_spawned":[2,3,8,15,19],"killed_by":"Chosen and Byrds","ascension_level":6}}