{"host":"7khugpwg9t1rdchu","time":1613141048,"event":{"mods":["BaseMod","Block Reminder","Colored Map","Colored Powertips","Highlight Path","Minty Spire (QoL Compilation)","Relic Sorter","Relic Stats","StSLib"],"gold_per_floor":[116,132,152,2,13,13,32,61,86,86,112,112,126,140,140,239,239,257,271,282,292,123,123,141,141,141,141,159,192,207,227,227,325,325,338,355,355,367,36,36,48,62,115,63,63,89,115,158,170,182],"floor_reached":51,"language":"ENG","playtime":4926,"items_purged":["Anger","Armaments"],"score":770,"play_id":"987dc8cb-3a99-4c39-a9d5-8861ec40f77f","local_time":"20210212094408","is_ascension_mode":false,"campfire_choices":[{"data":"Perfected Strike","floor":6,"key":"SMITH"},{"data":"Clothesline","floor":10,"key":"SMITH"},{"data":"Seeing Red","floor":15,"key":"SMITH"},{"data":"Feed","floor":23,"key":"SMITH"},{"data":"Double Tap","floor":32,"key":"SMITH"},{"data":"Whirlwind","floor":40,"key":"SMITH"},{"data":"Perfected Strike","floor":45,"key":"SMITH"},{"data":"Pommel Strike","floor":49,"key":"SMITH"}],"circlet_count":0,"master_deck":["Strike_R","Strike_R+1","Strike_R","Strike_R+1","Defend_R","Defend_R","Defend_R","Defend_R","Bash","Twin Strike","Shrug It Off","Clothesline+1","Perfected Strike+1","Pommel Strike","Reaper","Thunderclap","Seeing Red+1","Feed+1","Perfected Strike+1","Uppercut+1","Seeing Red+1","Shrug It Off","Necronomicurse","Reaper+1","Double Tap+1","Perfected Strike+1","Sword Boomerang+1","Armaments+1","Whirlwind+1","Perfected Strike+1","Pommel Strike+1","Shockwave+1"],"relics":["Black Blood","NeowsBlessing","Boot","Dream Catcher","PreservedInsect","Velvet Choker","Shuriken","Necronomicon","Incense Burner","Nloth\u0027s Gift","Centennial Puzzle","Whetstone","Blood Vial","Strawberry","MawBank","Lantern"],"acts_visited":["Exordium","TheCity","TheBeyond"],"potions_floor_usage":[8,16,29,50,50,50],"damage_taken":[{"damage":0,"enemies":"2 Louse","floor":1,"turns":1},{"damage":0,"enemies":"Jaw Worm","floor":2,"turns":1},{"damage":0,"enemies":"Cultist","floor":3,"turns":1},{"damage":11,"enemies":"Blue Slaver","floor":5,"turns":4},{"damage":0,"enemies":"Exordium Wildlife","floor":7,"turns":3},{"damage":10,"enemies":"Gremlin Nob","floor":8,"turns":3},{"damage":17,"enemies":"3 Sentries","floor":11,"turns":8},{"damage":7,"enemies":"Looter","floor":13,"turns":2},{"damage":9,"enemies":"2 Fungi Beasts","floor":14,"turns":2},{"damage":54,"enemies":"The Guardian","floor":16,"turns":13},{"damage":20,"enemies":"3 Byrds","floor":18,"turns":7},{"damage":0,"enemies":"Chosen","floor":19,"turns":3},{"damage":9,"enemies":"Snake Plant","floor":20,"turns":3},{"damage":22,"enemies":"Sentry and Sphere","floor":21,"turns":4},{"damage":14,"enemies":"Centurion and Healer","floor":24,"turns":3},{"damage":15,"enemies":"Snake Plant","floor":28,"turns":2},{"damage":25,"enemies":"Gremlin Leader","floor":29,"turns":3},{"damage":1,"enemies":"Shelled Parasite and Fungi","floor":30,"turns":2},{"damage":0,"enemies":"Cultist and Chosen","floor":31,"turns":3},{"damage":61,"enemies":"Champ","floor":33,"turns":9},{"damage":13,"enemies":"3 Darklings","floor":35,"turns":7},{"damage":2,"enemies":"Orb Walker","floor":36,"turns":2},{"damage":2,"enemies":"3 Darklings","floor":38,"turns":3},{"damage":32,"enemies":"Maw","floor":41,"turns":5},{"damage":28,"enemies":"Jaw Worm Horde","floor":42,"turns":4},{"damage":14,"enemies":"Nemesis","floor":46,"turns":3},{"damage":8,"enemies":"Giant Head","floor":48,"turns":5},{"damage":74,"enemies":"Awakened One","floor":50,"turns":7}],"seed_played":"-3868698688436215552","potions_obtained":[{"floor":7,"key":"Energy Potion"},{"floor":8,"key":"Weak Potion"},{"floor":11,"key":"LiquidMemories"},{"floor":14,"key":"ElixirPotion"},{"floor":16,"key":"BlessingOfTheForge"},{"floor":18,"key":"EssenceOfSteel"},{"floor":29,"key":"PowerPotion"},{"floor":33,"key":"Strength Potion"}],"is_trial":false,"path_per_floor":["M","M","M","$","M","R","M","E","T","R","E","?","M","M","R","B",null,"M","M","M","M","$","R","M","?","T","?","M","E","M","M","R","B",null,"M","M","?","M","$","R","M","M","T","$","R","E","T","E","R","B",null],"character_chosen":"IRONCLAD","items_purchased":["Membership Card","Shuriken","Whirlwind","Whetstone","Pommel Strike"],"campfire_rested":0,"item_purchase_floors":[4,22,39,39,44],"current_hp_per_floor":[80,80,80,80,75,75,80,76,76,76,70,54,53,50,50,8,80,69,75,72,64,64,64,71,55,55,55,56,71,80,90,90,39,106,106,106,106,110,110,110,94,114,114,114,114,119,119,121,121,81],"gold":194,"neow_bonus":"THREE_ENEMY_KILL","is_daily":false,"chose_seed":false,"campfire_upgraded":8,"win_rate":0.0,"timestamp":1613141048,"path_taken":["M","M","M","$","M","R","M","E","T","R","E","?","M","M","R","BOSS","M","M","M","M","$","R","M","?","T","?","M","E","M","?","R","BOSS","M","M","?","M","$","R","M","M","T","$","R","E","?","E","R","BOSS"],"items_purchased_type":["Relic","Relic","Card","Relic","Card"],"build_version":"2020-12-22","purchased_purges":2,"victory":true,"max_hp_per_floor":[80,80,80,80,80,80,80,80,80,80,80,80,80,80,80,80,80,83,83,83,86,86,86,90,90,90,90,90,94,98,102,102,106,106,106,106,106,110,110,110,114,114,114,114,114,121,121,121,121,121],"relic_stats":{"counters":[28,113],"Black Blood":163,"PreservedInsect":219,"Whetstone":["Perfected Strike","Reaper"],"Boot":[94],"MawBank":48,"Blood Vial":2,"Dream Catcher":0,"Centennial Puzzle":[30],"Shuriken":[36],"Necronomicon":[42],"Nloth\u0027s Gift":4,"obtain_stats":[{"Lantern":48,"NeowsBlessing":0,"Velvet Choker":17,"Black Blood":34,"PreservedInsect":11,"Incense Burner":26,"Whetstone":39,"Boot":8,"MawBank":47,"Burning Blood":0,"Blood Vial":43,"Dream Catcher":9,"Centennial Puzzle":29,"Shuriken":22,"Strawberry":46,"Necronomicon":25,"Nloth\u0027s Gift":27,"Membership Card":4},{"Lantern":27,"NeowsBlessing":0,"Velvet Choker":10,"Black Blood":20,"PreservedInsect":7,"Incense Burner":15,"Whetstone":23,"Boot":6,"MawBank":26,"Burning Blood":0,"Blood Vial":25,"Dream Catcher":6,"Centennial Puzzle":17,"Shuriken":14,"Strawberry":26,"Necronomicon":15,"Nloth\u0027s Gift":15,"Membership Card":3},{"Lantern":106,"NeowsBlessing":0,"Velvet Choker":38,"Black Blood":77,"PreservedInsect":21,"Incense Burner":58,"Whetstone":89,"Boot":13,"MawBank":101,"Burning Blood":0,"Blood Vial":98,"Dream Catcher":13,"Centennial Puzzle":63,"Shuriken":55,"Strawberry":101,"Necronomicon":58,"Nloth\u0027s Gift":58,"Membership Card":3}]},"card_choices":[{"not_picked":["True Grit","Body Slam"],"picked":"Twin Strike","floor":1},{"not_picked":["Flex","Anger"],"picked":"Shrug It Off","floor":2},{"not_picked":["Bloodletting","Cleave"],"picked":"Clothesline","floor":3},{"not_picked":["Clothesline","Warcry"],"picked":"Perfected Strike","floor":5},{"not_picked":["Rupture","Combust"],"picked":"Pommel Strike","floor":7},{"not_picked":["Corruption","Warcry"],"picked":"Reaper","floor":8},{"not_picked":["Corruption","Body Slam"],"picked":"Thunderclap","floor":11},{"not_picked":["Thunderclap","Combust"],"picked":"Anger","floor":13},{"not_picked":["Feel No Pain","Sever Soul"],"picked":"Seeing Red","floor":14},{"not_picked":["Reaper","Bludgeon"],"picked":"Feed","floor":16},{"not_picked":["Fire Breathing+1","Warcry","Blood for Blood"],"picked":"SKIP","floor":18},{"not_picked":["Cleave","Shrug It Off"],"picked":"Perfected Strike","floor":19},{"not_picked":["Entrench","Rupture"],"picked":"Uppercut+1","floor":20},{"not_picked":["Warcry","Headbutt+1"],"picked":"Seeing Red+1","floor":21},{"not_picked":["Pommel Strike","Body Slam"],"picked":"Shrug It Off","floor":24},{"not_picked":["Intimidate","Flex"],"picked":"Reaper","floor":28},{"not_picked":["Fiend Fire","Twin Strike+1"],"picked":"Double Tap","floor":29},{"not_picked":["Warcry","Anger"],"picked":"Perfected Strike","floor":30},{"not_picked":["Iron Wave","Clothesline"],"picked":"Sword Boomerang+1","floor":31},{"not_picked":["Headbutt","Body Slam"],"picked":"Armaments","floor":35},{"not_picked":["Body Slam+1","Anger","Dropkick+1"],"picked":"SKIP","floor":36},{"not_picked":["Iron Wave+1","Burning Pact+1"],"picked":"Armaments+1","floor":38},{"not_picked":["Sword Boomerang+1","Thunderclap","Clothesline+1"],"picked":"SKIP","floor":41},{"not_picked":["Corruption","Clash+1"],"picked":"Perfected Strike+1","floor":42},{"not_picked":["Sever Soul","Dark Embrace+1","Reaper"],"picked":"SKIP","floor":46},{"not_picked":["Armaments","Seeing Red"],"picked":"Shockwave+1","floor":48}],"player_experience":0,"relics_obtained":[{"floor":8,"key":"Boot"},{"floor":9,"key":"Dream Catcher"},{"floor":11,"key":"PreservedInsect"},{"floor":25,"key":"Necronomicon"},{"floor":26,"key":"Incense Burner"},{"floor":29,"key":"Centennial Puzzle"},{"floor":43,"key":"Blood Vial"},{"floor":46,"key":"Strawberry"},{"floor":47,"key":"MawBank"},{"floor":48,"key":"Lantern"}],"event_choices":[{"damage_healed":0,"gold_gain":0,"player_choice":"Entered Light","damage_taken":16,"max_hp_gain":0,"max_hp_loss":0,"event_name":"Shining Light","floor":12,"gold_loss":0,"cards_upgraded":["Strike_R","Strike_R"]},{"damage_healed":0,"gold_gain":0,"player_choice":"Obtained Book","damage_taken":16,"max_hp_gain":0,"max_hp_loss":0,"event_name":"Cursed Tome","floor":25,"gold_loss":0},{"damage_healed":0,"gold_gain":0,"player_choice":"Traded Relic","damage_taken":0,"relics_obtained":["Nloth\u0027s Gift"],"max_hp_gain":0,"max_hp_loss":0,"event_name":"N\u0027loth","floor":27,"relics_lost":["Membership Card"],"gold_loss":0},{"cards_removed":["Strike_R"],"damage_healed":0,"gold_gain":0,"player_choice":"Removed Attack","damage_taken":0,"max_hp_gain":0,"max_hp_loss":0,"event_name":"Falling","floor":37,"gold_loss":0}],"is_beta":false,"boss_relics":[{"not_picked":["Philosopher\u0027s Stone","Calling Bell"],"picked":"Velvet Choker"},{"not_picked":["Coffee Dripper","Runic Pyramid"],"picked":"Black Blood"}],"items_purged_floors":[22,39],"is_endless":false,"potions_floor_spawned":[7,8,11,14,16,18,20,24,28,29,33,35,38,42],"ascension_level":0}}