{"host":"4b06nrmhsmzqjm1r","time":1613160880,"event":{"mods":["2.2 Compatiblity","AchievementEnabler","BaseMod","BetterRewards","Colored Map","Colored Powertips","Hermit","Highlight Path","Marisa????????","Minty Spire (QoL Compilation)","StSLib","The Animator","The Cursed","The Hierophant","The Servant 0.9.4"],"gold_per_floor":[109,109,124,138,37,66,77,77,101,113,129,129,129,28,28,124,124,144,194,12,12,25,25,41,41,41,56,76,2,21,21,21,21,21],"floor_reached":33,"language":"ENG","playtime":2860,"items_purged":[],"score":374,"play_id":"81e20cb3-0db0-4136-92e4-2821f0dd6782","local_time":"20210212211440","is_ascension_mode":false,"campfire_choices":[{"floor":8,"key":"DIG"},{"data":"Finisher","floor":12,"key":"SMITH"},{"floor":15,"key":"REST"},{"floor":23,"key":"DIG"},{"floor":25,"key":"REST"},{"floor":32,"key":"REST"}],"circlet_count":0,"master_deck":["Strike_G","Strike_G","Defend_G","Defend_G","Defend_G","Defend_G","Survivor","Neutralize","Footwork","Backflip+1","Prepared","Skewer","Catalyst","PiercingWail","Calculated Gamble","Infinite Blades","Finisher+1","Cloak And Dagger","Doppelganger","Mind Blast","Concentrate","Finisher","Prepared","Bullet Time","A Thousand Cuts+1","Envenom+1","Unload+1","Deadly Poison+1","Predator","Outmaneuver+1","Dodge and Roll","Dagger Throw+1","Dodge and Roll","Quick Slash+1","Riddle With Holes","Blur+1","Riddle With Holes","Quick Slash"],"relics":["Ring of the Snake","Shovel","Bag of Marbles","Toy Ornithopter","Orichalcum","Frozen Eye","Nloth\u0027s Gift","Dream Catcher","Oddly Smooth Stone"],"acts_visited":["Exordium","TheCity"],"potions_floor_usage":[6,7,7,28,28],"damage_taken":[{"damage":1,"enemies":"Jaw Worm","floor":1,"turns":5},{"damage":0,"enemies":"Cultist","floor":3,"turns":4},{"damage":0,"enemies":"Small Slimes","floor":4,"turns":3},{"damage":51,"enemies":"3 Sentries","floor":6,"turns":13},{"damage":6,"enemies":"Red Slaver","floor":7,"turns":8},{"damage":13,"enemies":"Exordium Thugs","floor":10,"turns":8},{"damage":7,"enemies":"Blue Slaver","floor":11,"turns":5},{"damage":27,"enemies":"Slime Boss","floor":16,"turns":9},{"damage":28,"enemies":"3 Byrds","floor":18,"turns":7},{"damage":12,"enemies":"Shell Parasite","floor":22,"turns":8},{"damage":4,"enemies":"Chosen and Byrds","floor":24,"turns":5},{"damage":25,"enemies":"3 Cultists","floor":27,"turns":6},{"damage":22,"enemies":"Snake Plant","floor":28,"turns":5},{"damage":4,"enemies":"Centurion and Healer","floor":30,"turns":7},{"damage":28,"enemies":"Automaton","floor":33,"turns":4}],"seed_played":"1275295515386185192","potions_obtained":[{"floor":1,"key":"SpeedPotion"},{"floor":4,"key":"Weak Potion"},{"floor":6,"key":"Regen Potion"},{"floor":7,"key":"FairyPotion"},{"floor":18,"key":"Weak Potion"},{"floor":22,"key":"SmokeBomb"},{"floor":24,"key":"CultistPotion"}],"is_trial":false,"path_per_floor":["M","?","M","M","$","E","M","R","T","M","M","R","?","$","R","B",null,"M","?","$","?","M","R","M","R","T","M","M","$","M","?","R","B"],"character_chosen":"THE_SILENT","items_purchased":["Footwork","Backflip","PiercingWail","Calculated Gamble","Finisher","Prepared","Frozen Eye","Predator","Riddle With Holes"],"campfire_rested":3,"item_purchase_floors":[0,0,5,5,14,14,20,20,29],"current_hp_per_floor":[56,56,56,56,56,5,13,13,13,21,14,14,14,14,35,8,70,42,42,42,42,30,30,26,47,47,22,10,10,6,6,27,0,0],"gold":21,"neow_bonus":"","is_daily":false,"chose_seed":false,"campfire_upgraded":1,"win_rate":0.0,"timestamp":1613160880,"path_taken":["M","?","M","?","$","E","M","R","T","M","M","R","?","$","R","BOSS","M","?","?","?","M","R","M","R","T","M","?","$","M","?","R","BOSS"],"items_purchased_type":["Card","Card","Card","Card","Card","Card","Relic","Card","Card"],"build_version":"2020-12-22","purchased_purges":0,"victory":false,"max_hp_per_floor":[70,70,70,70,70,70,70,70,70,70,70,70,70,70,70,70,70,70,70,70,70,70,70,70,70,70,70,70,70,70,70,70,70,70],"card_choices":[{"not_picked":["Distraction","Deflect"],"picked":"Prepared","floor":1},{"not_picked":["Calculated Gamble","Flechettes"],"picked":"Skewer","floor":3},{"not_picked":["Cloak And Dagger","Deflect"],"picked":"Catalyst","floor":4},{"not_picked":["Slice","Caltrops"],"picked":"Infinite Blades","floor":6},{"not_picked":["Leg Sweep","Quick Slash"],"picked":"Finisher","floor":7},{"not_picked":["Prepared","Blade Dance"],"picked":"Cloak And Dagger","floor":10},{"not_picked":["Outmaneuver","Sucker Punch"],"picked":"Doppelganger","floor":11},{"not_picked":["Grand Finale","Wraith Form v2"],"picked":"Bullet Time","floor":16},{"not_picked":["Backflip","Riddle With Holes"],"picked":"Deadly Poison+1","floor":18},{"not_picked":["Distraction+1","Catalyst"],"picked":"Outmaneuver+1","floor":22},{"not_picked":["Prepared+1","Flying Knee+1"],"picked":"Dodge and Roll","floor":24},{"not_picked":["Deflect","Leg Sweep"],"picked":"Dagger Throw+1","floor":25},{"not_picked":["Prepared+1","Outmaneuver"],"picked":"Dodge and Roll","floor":27},{"not_picked":["Finisher+1","Dodge and Roll"],"picked":"Quick Slash+1","floor":28},{"not_picked":["Dash","Unload"],"picked":"Blur+1","floor":30},{"not_picked":["Dagger Throw","Masterful Stab"],"picked":"Quick Slash","floor":32}],"player_experience":228730,"relics_obtained":[{"floor":6,"key":"Bag of Marbles"},{"floor":8,"key":"Toy Ornithopter"},{"floor":9,"key":"Orichalcum"},{"floor":23,"key":"Dream Catcher"},{"floor":26,"key":"Oddly Smooth Stone"}],"event_choices":[{"damage_healed":0,"gold_gain":0,"player_choice":"Upgraded","damage_taken":0,"max_hp_gain":0,"max_hp_loss":0,"event_name":"Upgrade Shrine","floor":2,"gold_loss":0,"cards_upgraded":["Backflip"]},{"damage_healed":0,"gold_gain":0,"player_choice":"2 cards matched","damage_taken":0,"max_hp_gain":0,"max_hp_loss":0,"event_name":"Match and Keep!","floor":13,"gold_loss":0,"cards_obtained":["Mind Blast","Concentrate"]},{"damage_healed":0,"gold_gain":100,"player_choice":"Bet on Murderer","damage_taken":0,"max_hp_gain":0,"max_hp_loss":0,"event_name":"The Joust","floor":19,"gold_loss":50},{"damage_healed":0,"gold_gain":0,"player_choice":"Traded Relic","damage_taken":0,"relics_obtained":["Nloth\u0027s Gift"],"max_hp_gain":0,"max_hp_loss":0,"event_name":"N\u0027loth","floor":21,"relics_lost":["Astrolabe"],"gold_loss":0},{"damage_healed":0,"gold_gain":0,"cards_transformed":["Strike_G"],"player_choice":"Transformed","damage_taken":0,"max_hp_gain":0,"max_hp_loss":0,"event_name":"Transmorgrifier","floor":31,"gold_loss":0,"cards_obtained":["Riddle With Holes"]}],"is_beta":false,"boss_relics":[{"not_picked":["Tiny House","Fusion Hammer"],"picked":"Astrolabe"}],"items_purged_floors":[],"is_endless":false,"potions_floor_spawned":[1,4,6,7,18,22,24],"killed_by":"Automaton","ascension_level":0}}