{"host":"b4v9fzk04eo0kg41","time":1613089161,"event":{"mods":["AchievementEnabler","BaseMod","Minty Spire (QoL Compilation)"],"gold_per_floor":[110,120,134,145,163,198,198,198,198,198,25,39,39,66,66,169,169,180,193,221,236,255,255,255],"floor_reached":23,"language":"ENG","playtime":4664,"items_purged":["Defend_G"],"score":215,"play_id":"e20efbb7-fa4f-47ff-8304-617770eef5d2","local_time":"20210211181921","is_ascension_mode":true,"campfire_choices":[{"floor":8,"key":"RECALL"},{"data":"After Image","floor":10,"key":"SMITH"},{"floor":15,"key":"REST"}],"circlet_count":0,"master_deck":["Strike_G","Strike_G","Strike_G","Strike_G","Defend_G","Defend_G","Defend_G","Survivor","Neutralize","Venomology","Bane+1","After Image+1","Backflip+1","Dagger Throw","Backflip","Catalyst","Poisoned Stab","Bouncing Flask","Crippling Poison","Prepared","Venomology","Poisoned Stab+1","Calculated Gamble","Slice","Sucker Punch+1"],"relics":["Ring of the Snake","Pocketwatch","Pantograph","Potion Belt","Busted Crown","Red Mask"],"acts_visited":["Exordium","TheCity"],"potions_floor_usage":[3,4,5,6,6,14,14,16,16,20,20,21,21,22,22,23,23,23,23,23],"damage_taken":[{"damage":4,"enemies":"Small Slimes","floor":1,"turns":6},{"damage":1,"enemies":"Jaw Worm","floor":2,"turns":8},{"damage":0,"enemies":"Cultist","floor":3,"turns":4},{"damage":0,"enemies":"Blue Slaver","floor":4,"turns":6},{"damage":1,"enemies":"Exordium Thugs","floor":5,"turns":6},{"damage":15,"enemies":"Lagavulin","floor":6,"turns":14},{"damage":4,"enemies":"Looter","floor":12,"turns":3},{"damage":14,"enemies":"3 Sentries","floor":14,"turns":8},{"damage":21,"enemies":"The Guardian","floor":16,"turns":7},{"damage":8,"enemies":"Chosen","floor":18,"turns":3},{"damage":13,"enemies":"3 Byrds","floor":19,"turns":4},{"damage":14,"enemies":"Masked Bandits","floor":20,"turns":4},{"damage":5,"enemies":"Cultist and Chosen","floor":21,"turns":6},{"damage":7,"enemies":"Centurion and Healer","floor":22,"turns":5},{"damage":25,"enemies":"Gremlin Leader","floor":23,"turns":5}],"seed_played":"3131702520565517320","potions_obtained":[{"floor":2,"key":"Block Potion"},{"floor":12,"key":"Ancient Potion"},{"floor":14,"key":"AttackPotion"},{"floor":19,"key":"Block Potion"},{"floor":21,"key":"SkillPotion"}],"is_trial":false,"path_per_floor":["M","M","M","M","M","E","?","R","T","R","$","M","?","E","R","B",null,"M","M","?","M","M","E"],"character_chosen":"THE_SILENT","items_purchased":["Poisoned Stab","Bouncing Flask"],"campfire_rested":1,"item_purchase_floors":[11,11],"current_hp_per_floor":[66,65,65,65,64,49,42,42,42,42,42,38,24,10,31,35,70,62,49,35,30,23,0,0],"gold":255,"neow_bonus":"TRANSFORM_CARD","is_daily":false,"chose_seed":false,"campfire_upgraded":1,"win_rate":0.0,"timestamp":1613089161,"path_taken":["M","M","M","M","M","E","?","R","T","R","$","M","?","E","R","BOSS","M","M","?","M","M","E"],"items_purchased_type":["Card","Card"],"build_version":"2020-12-22","purchased_purges":1,"victory":false,"max_hp_per_floor":[70,70,70,70,70,70,70,70,70,70,70,70,70,70,70,70,70,70,70,70,70,70,70,70],"card_choices":[{"not_picked":["Skewer","Slice"],"picked":"Bane","floor":1},{"not_picked":["Leg Sweep","Blade Dance"],"picked":"After Image","floor":2},{"not_picked":["Well Laid Plans","Predator"],"picked":"Backflip","floor":3},{"not_picked":["Riddle With Holes","Deflect"],"picked":"Dagger Throw","floor":4},{"not_picked":["Caltrops","Dodge and Roll"],"picked":"Backflip","floor":5},{"not_picked":["Dodge and Roll","Glass Knife"],"picked":"Catalyst","floor":6},{"not_picked":["Leg Sweep","PiercingWail"],"picked":"Crippling Poison","floor":12},{"not_picked":["Dagger Throw","Dodge and Roll"],"picked":"Prepared","floor":14},{"not_picked":["Envenom","Corpse Explosion"],"picked":"Venomology","floor":16},{"not_picked":[],"picked":"Poisoned Stab+1","floor":18},{"not_picked":[],"picked":"Calculated Gamble","floor":19},{"not_picked":[],"picked":"Slice","floor":20},{"not_picked":[],"picked":"Sucker Punch+1","floor":21},{"not_picked":["Flechettes+1"],"picked":"SKIP","floor":22}],"player_experience":438714,"relics_obtained":[{"floor":6,"key":"Pocketwatch"},{"floor":9,"key":"Pantograph"},{"floor":14,"key":"Potion Belt"},{"floor":20,"key":"Red Mask"}],"event_choices":[{"cards_removed":["Defend_G"],"damage_healed":0,"gold_gain":0,"player_choice":"Card Removal","damage_taken":7,"max_hp_gain":0,"max_hp_loss":0,"event_name":"Golden Wing","floor":7,"gold_loss":0},{"damage_healed":0,"gold_gain":0,"player_choice":"Entered Light","damage_taken":14,"max_hp_gain":0,"max_hp_loss":0,"event_name":"Shining Light","floor":13,"gold_loss":0,"cards_upgraded":["Backflip","Bane"]},{"damage_healed":0,"gold_gain":0,"player_choice":"Fought Bandits","damage_taken":0,"max_hp_gain":0,"max_hp_loss":0,"event_name":"Masked Bandits","floor":20,"gold_loss":0}],"is_beta":false,"boss_relics":[{"not_picked":["Sozu","Ring of the Serpent"],"picked":"Busted Crown"}],"items_purged_floors":[11],"is_endless":false,"potions_floor_spawned":[2,4,12,14,19,20,21],"killed_by":"Gremlin Leader","ascension_level":1}}