{"host":"rupmf8lnk599ormj","time":1613094132,"event":{"mods":["2.2 Compatiblity","AchievementEnabler","BaseMod","Better Match","Better Third Choice","BetterRewards","Colored Map","Colored Powertips","Conspire","Downfall","Evolution","Gold Saver","Googly Eyes","Hero for Fun","Hubris","Minty Spire (QoL Compilation)","Quick Restart","Rare Cards Sparkle","Replay The Spire","Shade Mod","Spicy Shops","StSLib","The Cursed"],"gold_per_floor":[1,16,31,31,31,31,31,31,72,72,110,410,460,460,501,631,631,631,631,631,675,718,762,804,804,804,804,804,839,879,937,973,1009,1049,1170,1170,1170,1201,1241,1313,1313,1350,1350,1385,1385,1417,1451,1451,1485,1485,1515,1515],"floor_reached":53,"language":"ENG","playtime":627,"items_purged":[],"score":1208,"play_id":"0c850796-793a-42b9-9e36-59af37fe690e","local_time":"20210211204212","is_ascension_mode":true,"campfire_choices":[{"floor":1,"key":"REST"},{"floor":10,"key":"RECALL"},{"floor":20,"key":"REST"},{"floor":28,"key":"REST"},{"data":"hubris:Greed","floor":37,"key":"PURGE"}],"circlet_count":0,"master_deck":["Strike_Y","Strike_Y+1","Defend_Y","hubris:Greed","hubris:Greed","hubris:Greed","hubris:Greed","RitualDagger+1"],"relics":["EVO:Axolotl","Kintsugi"],"acts_visited":["Exordium","TheCity","TheBeyond"],"potions_floor_usage":[],"damage_taken":[{"damage":0,"enemies":"2 Louse","floor":2,"turns":1},{"damage":0,"enemies":"Small Slimes","floor":3,"turns":1},{"damage":0,"enemies":"Lagavulin","floor":6,"turns":1},{"damage":0,"enemies":"Jaw Worm","floor":8,"turns":1},{"damage":0,"enemies":"2 Fungi Beasts","floor":9,"turns":2},{"damage":0,"enemies":"Blue Slaver","floor":11,"turns":1},{"damage":0,"enemies":"downfall:FleeingMerchant","floor":12,"turns":1},{"damage":0,"enemies":"Replay:BlueRogue","floor":13,"turns":1},{"damage":0,"enemies":"Red Slaver","floor":15,"turns":1},{"damage":0,"enemies":"SI_SHIV_ARCHETYPE","floor":16,"turns":2},{"damage":0,"enemies":"3 Byrds","floor":21,"turns":2},{"damage":0,"enemies":"conspire:FuzzyDice","floor":22,"turns":2},{"damage":0,"enemies":"conspire:HollyBat","floor":23,"turns":4},{"damage":0,"enemies":"Centurion and Healer","floor":24,"turns":2},{"damage":0,"enemies":"3 Cultists","floor":29,"turns":2},{"damage":0,"enemies":"Cultist and Chosen","floor":30,"turns":1},{"damage":0,"enemies":"Gremlin Leader","floor":31,"turns":1},{"damage":0,"enemies":"Snecko","floor":32,"turns":1},{"damage":0,"enemies":"Shelled Parasite and Fungi","floor":33,"turns":2},{"damage":0,"enemies":"Cultist and Chosen","floor":34,"turns":2},{"damage":0,"enemies":"WA_ARCHETYPE_CALM","floor":35,"turns":1},{"damage":0,"enemies":"Orb Walker","floor":38,"turns":1},{"damage":0,"enemies":"3 Darklings","floor":39,"turns":2},{"damage":0,"enemies":"2 Orb Walkers","floor":40,"turns":1},{"damage":0,"enemies":"Jaw Worm Horde","floor":42,"turns":1},{"damage":0,"enemies":"Spire Growth","floor":44,"turns":1},{"damage":0,"enemies":"Giant Head","floor":45,"turns":2},{"damage":0,"enemies":"Transient","floor":46,"turns":1},{"damage":0,"enemies":"Sphere and 2 Shapes","floor":47,"turns":2},{"damage":0,"enemies":"Spire Growth","floor":48,"turns":1},{"damage":0,"enemies":"Jaw Worm Horde","floor":49,"turns":1},{"damage":0,"enemies":"3 Darklings","floor":51,"turns":2},{"damage":0,"enemies":"IC_BLOCK_ARCHETYPE","floor":52,"turns":1}],"seed_played":"4305960192979255721","potions_obtained":[{"floor":2,"key":"AttackPotion"},{"floor":30,"key":"hexamod:SoulburnPotion"}],"is_trial":false,"path_per_floor":["R","M","M","?","?","E","T","M","M","R","M","$","E","$","M","B",null,"R_BF","PTL","R","M","M","M","M","?","T","?","R","M","M","E","M","M","M","B",null,"R_BF","M","M","?","?","M","T","M","E","M","M","M","M","$","M","B",null],"character_chosen":"OPM","items_purchased":[],"campfire_rested":3,"item_purchase_floors":[],"current_hp_per_floor":[999,999,999,999,999,999,999,999,999,999,999,999,999,999,999,999,999,999,999,999,999,999,999,999,999,999,999,999,999,999,999,999,999,999,999,999,999,999,999,999,999,999,999,999,999,999,999,999,999,999,999,999],"gold":1515,"neow_bonus":"BOSS_RELIC","is_daily":false,"chose_seed":false,"campfire_upgraded":0,"win_rate":0.0,"timestamp":1613094132,"path_taken":["R","M","M","?","?","E","T","?","M","R","M","$","E","$","M","BOSS","R_BF","PTL","R","M","M","M","M","?","T","?","R","M","M","E","?","M","M","BOSS","R_BF","M","M","?","?","M","T","M","E","M","M","M","M","?","M","BOSS"],"items_purchased_type":[],"build_version":"2020-12-22","purchased_purges":0,"victory":true,"max_hp_per_floor":[999,999,999,999,999,999,999,999,999,999,999,999,999,999,999,999,999,999,999,999,999,999,999,999,999,999,999,999,999,999,999,999,999,999,999,999,999,999,999,999,999,999,999,999,999,999,999,999,999,999,999,999],"card_choices":[{"not_picked":["Yawn","Consecutive_Normal_Punch","Slap"],"picked":"SKIP","floor":2},{"not_picked":["Yawn","Hop","Consecutive_Normal_Punch"],"picked":"SKIP","floor":3},{"not_picked":["Slap","Hop","Wear_Disguise"],"picked":"SKIP","floor":6},{"not_picked":["Do_Nothing","Consecutive_Normal_Punch","Get_Hopes_Up"],"picked":"SKIP","floor":8},{"not_picked":["Normal_Punch","Toss_Stone","Yawn"],"picked":"SKIP","floor":9},{"not_picked":["Slap","Side_Hop","Hop"],"picked":"SKIP","floor":11},{"not_picked":["Ignore","Side_Hop","Consecutive_Normal_Punch"],"picked":"SKIP","floor":12},{"not_picked":["Yawn","Consecutive_Normal_Punch","Do_Nothing"],"picked":"SKIP","floor":13},{"not_picked":["Hop","Yawn","Ignore"],"picked":"SKIP","floor":15},{"not_picked":["Side_Hop+1","Consecutive_Normal_Punch","Ignore+1"],"picked":"SKIP","floor":21},{"not_picked":["Hop+1","Toss_Stone","Get_Hopes_Up"],"picked":"SKIP","floor":22},{"not_picked":["Side_Hop+1","Hop","Ignore"],"picked":"SKIP","floor":23},{"not_picked":["Ignore","Slap","Yawn"],"picked":"SKIP","floor":24},{"not_picked":["Normal_Punch","Consecutive_Normal_Punch+1","Do_Nothing"],"picked":"SKIP","floor":29},{"not_picked":["Hop","Serious_Punch","Slap"],"picked":"SKIP","floor":30},{"not_picked":["Slap+1","Side_Hop","Terrifying_Presence"],"picked":"SKIP","floor":31},{"not_picked":["Wear_Disguise","Slap","Normal_Punch"],"picked":"SKIP","floor":32},{"not_picked":["Consecutive_Normal_Punch","Slap","Normal_Punch"],"picked":"SKIP","floor":33},{"not_picked":["Slap","Yawn","Side_Hop"],"picked":"SKIP","floor":34},{"not_picked":["Normal_Punch+1","Ignore","Side_Hop"],"picked":"SKIP","floor":38},{"not_picked":["Ignore+1","Slap","Do_Nothing+1"],"picked":"SKIP","floor":39},{"not_picked":["Ignore+1","Slap","Yawn+1"],"picked":"SKIP","floor":42},{"not_picked":["Yawn+1","Normal_Punch","Consecutive_Normal_Punch+1"],"picked":"SKIP","floor":44},{"not_picked":["Wear_Disguise","Do_Nothing","Consecutive_Normal_Punch"],"picked":"SKIP","floor":45},{"not_picked":["Do_Nothing+1","Yawn+1","Consecutive_Normal_Punch+1"],"picked":"SKIP","floor":46},{"not_picked":["Hip_Strike","Slap+1","Side_Hop+1"],"picked":"SKIP","floor":47},{"not_picked":["Side_Hop+1","Consecutive_Normal_Punch","Slap"],"picked":"SKIP","floor":48},{"not_picked":["Toss_Stone+1","Consecutive_Normal_Punch+1","Side_Hop"],"picked":"SKIP","floor":49},{"not_picked":["Ignore+1","Toss_Stone","Hop"],"picked":"SKIP","floor":51}],"player_experience":246642,"relics_obtained":[],"event_choices":[{"damage_healed":0,"gold_gain":0,"player_choice":"Fight","damage_taken":0,"max_hp_gain":0,"max_hp_loss":0,"event_name":"Mysterious Sphere","floor":40,"gold_loss":0},{"cards_removed":["Defend_Y"],"damage_healed":0,"gold_gain":0,"player_choice":"Removed Skill","damage_taken":0,"max_hp_gain":0,"max_hp_loss":0,"event_name":"Falling","floor":41,"gold_loss":0}],"is_beta":false,"boss_relics":[{"not_picked":["conspire:SpecialSausage","Philosopher\u0027s Stone","hubris:VirtuousBlindfold"]},{"not_picked":["conspire:RunicOctahedron","Fusion Hammer","Velvet Choker"]}],"items_purged_floors":[],"is_endless":false,"potions_floor_spawned":[2,6,8,11,16,22,23,30,33,35,38,44,46,47,48,51],"ascension_level":1}}