{"host":"2rbn7ywmirq5y689","time":1613108456,"event":{"mods":["BaseMod","Colored Map","Colored Powertips","Highlight Path","Minty Spire (QoL Compilation)","Rare Cards Sparkle","Relic Stats","StSLib"],"gold_per_floor":[213,233,247,247,258,258,135,154,177,210,210,210,210,58,58,154,154,170,170,52,65,65,65,80,94,117,135,152,164,174,124,124,124,124],"floor_reached":33,"language":"ENG","playtime":2133,"items_purged":["Strike_B","Strike_B","Strike_B","Strike_B"],"score":253,"play_id":"a5ed35b9-e015-4db8-ac42-ea151c72e0e8","local_time":"20210212134056","is_ascension_mode":false,"campfire_choices":[{"data":"Zap","floor":6,"key":"SMITH"},{"data":"Hologram","floor":15,"key":"SMITH"},{"data":"Dualcast","floor":23,"key":"SMITH"},{"floor":32,"key":"REST"}],"circlet_count":0,"master_deck":["Defend_B","Defend_B","Defend_B","Defend_B","Zap+1","Dualcast+1","Darkness","Gash","Cold Snap","Genetic Algorithm","Hologram+1","Glacier","Ball Lightning","CurseOfTheBell","Gash","Self Repair","Glacier+1","Gash","Sunder","Darkness+1","Cold Snap"],"relics":["Cracked Core","Lantern","Ancient Tea Set","Kunai","Potion Belt","Calling Bell","Smiling Mask","Darkstone Periapt","Dead Branch","Bag of Marbles"],"acts_visited":["Exordium","TheCity"],"potions_floor_usage":[11,16,17],"damage_taken":[{"damage":2,"enemies":"2 Louse","floor":1,"turns":2},{"damage":6,"enemies":"Jaw Worm","floor":2,"turns":4},{"damage":1,"enemies":"Cultist","floor":3,"turns":3},{"damage":9,"enemies":"3 Louse","floor":5,"turns":4},{"damage":1,"enemies":"Blue Slaver","floor":8,"turns":3},{"damage":19,"enemies":"Lagavulin","floor":10,"turns":8},{"damage":0,"enemies":"Lots of Slimes","floor":11,"turns":1},{"damage":29,"enemies":"Slime Boss","floor":16,"turns":12},{"damage":31,"enemies":"3 Byrds","floor":18,"turns":7},{"damage":9,"enemies":"Shell Parasite","floor":21,"turns":7},{"damage":4,"enemies":"Cultist and Chosen","floor":24,"turns":8},{"damage":6,"enemies":"Centurion and Healer","floor":25,"turns":7},{"damage":21,"enemies":"Shelled Parasite and Fungi","floor":27,"turns":7},{"damage":7,"enemies":"Cultist and Chosen","floor":28,"turns":9},{"damage":12,"enemies":"Centurion and Healer","floor":29,"turns":7},{"damage":2,"enemies":"Shelled Parasite and Fungi","floor":30,"turns":8},{"damage":107,"enemies":"Collector","floor":33,"turns":14}],"seed_played":"-7462401978704493571","potions_obtained":[{"floor":1,"key":"FairyPotion"},{"floor":5,"key":"PotionOfCapacity"},{"floor":8,"key":"SmokeBomb"},{"floor":16,"key":"EntropicBrew"}],"is_trial":false,"path_per_floor":["M","M","M","?","M","R","$","M","T","E","M","T","?","$","R","B",null,"M","?","$","M","?","R","M","M","T","M","M","M","M","$","R","B"],"character_chosen":"DEFECT","items_purchased":["Hologram","Ball Lightning","Self Repair"],"campfire_rested":1,"item_purchase_floors":[7,14,20],"current_hp_per_floor":[73,67,66,66,57,57,57,56,56,37,37,37,34,34,34,5,75,44,44,44,42,42,42,45,46,46,32,32,27,32,32,54,0,0],"gold":124,"neow_bonus":"HUNDRED_GOLD","is_daily":false,"chose_seed":false,"campfire_upgraded":3,"win_rate":0.0,"timestamp":1613108456,"path_taken":["M","M","M","?","M","R","$","M","T","E","M","?","?","$","R","BOSS","M","?","?","M","?","R","M","M","T","M","M","?","M","?","R","BOSS"],"items_purchased_type":["Card","Card","Card"],"build_version":"2020-12-22","purchased_purges":4,"victory":false,"max_hp_per_floor":[75,75,75,75,75,75,75,75,75,75,75,75,75,75,75,75,75,75,75,75,75,75,75,75,75,75,75,75,75,75,75,75,75,75],"relic_stats":{"Darkstone Periapt":0,"counters":[17,111],"Dead Branch":[26],"Kunai":[9],"Smiling Mask":175,"obtain_stats":[{"Potion Belt":13,"Calling Bell":17,"Darkstone Periapt":17,"Lantern":9,"Dead Branch":17,"Bag of Marbles":19,"Kunai":12,"Cracked Core":0,"Ancient Tea Set":10,"Smiling Mask":17},{"Potion Belt":7,"Calling Bell":8,"Darkstone Periapt":8,"Lantern":5,"Dead Branch":8,"Bag of Marbles":9,"Kunai":7,"Cracked Core":0,"Ancient Tea Set":6,"Smiling Mask":8},{"Potion Belt":25,"Calling Bell":37,"Darkstone Periapt":37,"Lantern":16,"Dead Branch":37,"Bag of Marbles":44,"Kunai":25,"Cracked Core":0,"Ancient Tea Set":24,"Smiling Mask":37}]},"card_choices":[{"not_picked":["Coolheaded","Cold Snap"],"picked":"Darkness","floor":1},{"not_picked":["Sweeping Beam","Coolheaded"],"picked":"Gash","floor":2},{"not_picked":["Conserve Battery","Compile Driver"],"picked":"Cold Snap","floor":3},{"not_picked":["Undo","Compile Driver"],"picked":"Genetic Algorithm","floor":5},{"not_picked":["Turbo","Coolheaded"],"picked":"Glacier","floor":8},{"not_picked":["Beam Cell","Reboot"],"picked":"Leap","floor":10},{"not_picked":["Steam","Go for the Eyes+1"],"picked":"Gash","floor":18},{"not_picked":["Beam Cell+1","Turbo+1","Fusion"],"picked":"SKIP","floor":21},{"not_picked":["Lockon+1","Stack"],"picked":"Glacier+1","floor":24},{"not_picked":["White Noise","Go for the Eyes"],"picked":"Gash","floor":25},{"not_picked":["Rip and Tear+1","Rebound"],"picked":"Sunder","floor":27},{"not_picked":["Heatsinks","Steam"],"picked":"Darkness+1","floor":28},{"not_picked":["Aggregate","Fusion"],"picked":"Cold Snap","floor":29},{"not_picked":["Reinforced Body","Stack","Cold Snap"],"picked":"SKIP","floor":30}],"player_experience":219771,"relics_obtained":[{"floor":9,"key":"Lantern"},{"floor":10,"key":"Ancient Tea Set"},{"floor":12,"key":"Kunai"},{"floor":17,"key":"Smiling Mask"},{"floor":17,"key":"Darkstone Periapt"},{"floor":17,"key":"Dead Branch"}],"event_choices":[{"damage_healed":0,"gold_gain":0,"player_choice":"Ignored","damage_taken":0,"max_hp_gain":0,"max_hp_loss":0,"event_name":"Liars Game","floor":4,"gold_loss":0},{"damage_healed":0,"gold_gain":0,"player_choice":"Success","damage_taken":3,"relics_obtained":["Potion Belt"],"max_hp_gain":0,"max_hp_loss":0,"event_name":"Scrap Ooze","floor":13,"gold_loss":0},{"cards_removed":["Leap"],"damage_healed":0,"gold_gain":0,"player_choice":"Gave Card","damage_taken":0,"relics_obtained":["Bag of Marbles"],"max_hp_gain":0,"max_hp_loss":0,"event_name":"WeMeetAgain","floor":19,"gold_loss":0}],"is_beta":false,"boss_relics":[{"not_picked":["Philosopher\u0027s Stone","Black Star"],"picked":"Calling Bell"}],"items_purged_floors":[7,14,20,31],"is_endless":false,"potions_floor_spawned":[1,5,8,11,16,18,21,25,29],"killed_by":"Collector","ascension_level":0}}