{"host":"6a9c3xws62y7efyw","time":1613117051,"event":{"mods":["BaseMod","Colored Map","Minty Spire (QoL Compilation)","Relic Stats","StSLib"],"gold_per_floor":[118,134,154,168,183,183,96,96,96,96,108,108,135,155,155,229,229,243,243,254,254,270,270,299,299,352,381,381,306,335,12,12,90,90,109,109,126,144,168,196,196,231,254,282,282,282,317,330,330,330,330,330,330,95,121,121,121],"floor_reached":56,"language":"ENG","playtime":4478,"items_purged":["Neutralize"],"score":2231,"play_id":"c268633b-46f9-4831-8eb0-778c9ae07306","local_time":"20210212000411","is_ascension_mode":true,"campfire_choices":[{"data":"Footwork","floor":6.0,"key":"SMITH"},{"data":"Noxious Fumes","floor":8.0,"key":"SMITH"},{"data":"Blade Dance","floor":10.0,"key":"SMITH"},{"data":"Burst","floor":15.0,"key":"SMITH"},{"floor":23.0,"key":"REST"},{"data":"Bouncing Flask","floor":25.0,"key":"SMITH"},{"data":"Wraith Form v2","floor":32.0,"key":"SMITH"},{"data":"Concentrate","floor":41,"key":"SMITH"},{"floor":49,"key":"RECALL"},{"data":"Night Terror","floor":53,"key":"SMITH"}],"circlet_count":0,"master_deck":["AscendersBane","Survivor","Infinite Blades","Noxious Fumes+1","Footwork+1","Backflip","Blade Dance+1","Blade Dance","Bouncing Flask+1","Burst+1","Leg Sweep","Wraith Form v2","Corpse Explosion","Bane","Deflect","Leg Sweep","Backflip","Die Die Die","Ghostly","Ghostly","Ghostly","Tools of the Trade","Footwork+1","Prepared+1","Escape Plan","Bouncing Flask","Wraith Form v2+1","Night Terror+1","Outmaneuver","Concentrate+1","PiercingWail+1","Outmaneuver","Finisher+1","Outmaneuver","Deflect","Tactician"],"relics":["Empty Cage","Bottled Lightning","Boot","Pandora\u0027s Box","Question Card","Bronze Scales","Pen Nib","Red Mask","DollysMirror","Nunchaku","Runic Pyramid","Kunai","PreservedInsect","Orichalcum","Meat on the Bone","Pear"],"acts_visited":["TheCity","TheBeyond","TheEnding"],"potions_floor_usage":[42,56,56],"damage_taken":[{"damage":8.0,"enemies":"Small Slimes","floor":1.0,"turns":6.0},{"damage":2.0,"enemies":"2 Louse","floor":2.0,"turns":3.0},{"damage":1.0,"enemies":"Cultist","floor":3.0,"turns":4.0},{"damage":17.0,"enemies":"Exordium Thugs","floor":4.0,"turns":6.0},{"damage":4.0,"enemies":"Looter","floor":5.0,"turns":5.0},{"damage":1.0,"enemies":"Lots of Slimes","floor":11.0,"turns":5.0},{"damage":1.0,"enemies":"Lagavulin","floor":13.0,"turns":6.0},{"damage":0.0,"enemies":"Blue Slaver","floor":14.0,"turns":1.0},{"damage":4.0,"enemies":"The Guardian","floor":16.0,"turns":9.0},{"damage":25.0,"enemies":"Shell Parasite","floor":18.0,"turns":7.0},{"damage":4.0,"enemies":"Chosen","floor":20.0,"turns":6.0},{"damage":6.0,"enemies":"Centurion and Healer","floor":22.0,"turns":6.0},{"damage":2.0,"enemies":"Gremlin Leader","floor":24.0,"turns":10.0},{"damage":2.0,"enemies":"Slavers","floor":27.0,"turns":5.0},{"damage":2.0,"enemies":"Masked Bandits","floor":30.0,"turns":4.0},{"damage":6,"enemies":"Collector","floor":33,"turns":9},{"damage":0,"enemies":"3 Shapes","floor":35,"turns":2},{"damage":3,"enemies":"Orb Walker","floor":37,"turns":4},{"damage":2,"enemies":"Sphere and 2 Shapes","floor":38,"turns":5},{"damage":13,"enemies":"Giant Head","floor":40,"turns":11},{"damage":0,"enemies":"Reptomancer","floor":42,"turns":8},{"damage":0,"enemies":"Nemesis","floor":44,"turns":9},{"damage":0,"enemies":"Reptomancer","floor":47,"turns":7},{"damage":0,"enemies":"Jaw Worm Horde","floor":48,"turns":4},{"damage":2,"enemies":"Donu and Deca","floor":50,"turns":10},{"damage":17,"enemies":"Awakened One","floor":51,"turns":20},{"damage":2,"enemies":"Shield and Spear","floor":55,"turns":7},{"damage":51,"enemies":"The Heart","floor":56,"turns":14}],"seed_played":"285680209351888858","potions_obtained":[{"floor":2.0,"key":"Regen Potion"},{"floor":4.0,"key":"LiquidBronze"},{"floor":24.0,"key":"Energy Potion"},{"floor":27.0,"key":"EssenceOfSteel"},{"floor":33,"key":"LiquidMemories"},{"floor":44,"key":"GhostInAJar"},{"floor":48,"key":"PowerPotion"}],"is_trial":false,"path_per_floor":["M","M","M","M","M","R","$","R","T","R","M","?","E","M","R","B",null,"M","?","M","?","M","R","E","R","T","E","?","?","?","$","R","B",null,"M","?","M","M","T","E","R","E","T","E","$","?","E","M","R","B","B",null,"R","$","E","B"],"character_chosen":"THE_SILENT","items_purchased":["Blade Dance","Strength Potion","DollysMirror","Nunchaku","GhostInAJar","Deflect"],"campfire_rested":1,"item_purchase_floors":[7,7,31,31,54,54],"current_hp_per_floor":[51,49,48,46,42,42,42,42,42,42,41,21,20,20,20,16,54,29,29,25,18,12,23,21,21,21,19,19,19,17,17,17,11,31,31,31,28,26,26,13,13,13,13,13,13,48,48,48,48,46,29,43,43,43,51,0,0],"gold":121,"neow_bonus":"BOSS_RELIC","is_daily":false,"chose_seed":false,"campfire_upgraded":8,"win_rate":0.0,"timestamp":1613117051,"path_taken":["M","M","M","M","M","R","$","R","T","R","M","?","E","M","R","BOSS","M","?","M","?","M","R","E","R","T","E","?","?","?","$","R","BOSS","M","?","?","M","?","E","R","E","T","E","$","?","E","M","R","BOSS","BOSS","R","$","E","BOSS"],"items_purchased_type":["Card","Potion","Relic","Relic","Potion","Card"],"build_version":"2020-12-22","purchased_purges":1,"victory":false,"max_hp_per_floor":[66,66,66,66,66,66,66,66,66,66,66,66,66,66,66,66,66,66,33,33,38,38,38,38,38,38,38,38,38,38,38,38,38,38,38,38,38,38,38,38,38,38,38,38,38,48,48,48,48,48,48,48,48,48,58,58,58],"relic_stats":{"Nunchaku":[21],"counters":[28,193],"Bronze Scales":[637],"Pandora\u0027s Box":["Corpse Explosion","Expertise","Bane","Deflect","Leg Sweep","Malaise","Backflip","Die Die Die"],"Pen Nib":[22],"PreservedInsect":189,"Kunai":[36],"Orichalcum":[210],"Boot":[296],"Question Card":12,"obtain_stats":[{"Pear":55,"Pen Nib":27,"PreservedInsect":42,"Orichalcum":43,"Empty Cage":0,"Boot":13,"Question Card":24,"Nunchaku":31,"DollysMirror":31,"Bronze Scales":26,"Pandora\u0027s Box":17,"Red Mask":30,"Bottled Lightning":9,"Kunai":40,"Ring of the Snake":0,"Runic Pyramid":34,"Meat on the Bone":44},{"Pear":27,"Pen Nib":14,"PreservedInsect":21,"Orichalcum":21,"Empty Cage":0,"Boot":7,"Question Card":13,"Nunchaku":15,"DollysMirror":15,"Bronze Scales":13,"Pandora\u0027s Box":9,"Red Mask":15,"Bottled Lightning":5,"Kunai":20,"Ring of the Snake":0,"Runic Pyramid":16,"Meat on the Bone":22},{"Pear":179,"Pen Nib":79,"PreservedInsect":122,"Orichalcum":122,"Empty Cage":0,"Boot":35,"Question Card":74,"Nunchaku":83,"DollysMirror":83,"Bronze Scales":74,"Pandora\u0027s Box":45,"Red Mask":83,"Bottled Lightning":24,"Kunai":114,"Ring of the Snake":0,"Runic Pyramid":92,"Meat on the Bone":131}],"Meat on the Bone":0},"card_choices":[{"not_picked":["Acrobatics","Dagger Spray"],"picked":"Infinite Blades","floor":1.0},{"not_picked":["Flechettes","Backflip"],"picked":"Noxious Fumes","floor":2.0},{"not_picked":["Calculated Gamble","Poisoned Stab"],"picked":"Footwork","floor":3.0},{"not_picked":["Distraction","Prepared"],"picked":"Backflip","floor":4.0},{"not_picked":["Acrobatics","Choke"],"picked":"Blade Dance","floor":5.0},{"not_picked":["Caltrops","Heel Hook"],"picked":"Bouncing Flask","floor":11.0},{"not_picked":["Dodge and Roll","Dagger Spray"],"picked":"Burst","floor":13.0},{"not_picked":["Well Laid Plans","Blade Dance"],"picked":"Leg Sweep","floor":14.0},{"not_picked":["Corpse Explosion","Burst"],"picked":"Wraith Form v2","floor":16.0},{"not_picked":["Predator","PiercingWail"],"picked":"Dagger Spray","floor":18.0},{"not_picked":["Prepared","Flechettes"],"picked":"Tools of the Trade","floor":20.0},{"not_picked":["Flying Knee","Cloak And Dagger"],"picked":"Footwork+1","floor":22.0},{"not_picked":["Noxious Fumes","Dagger Spray"],"picked":"Prepared+1","floor":24.0},{"not_picked":["Grand Finale","Deadly Poison","Bane","Heel Hook+1"],"picked":"SKIP","floor":27.0},{"not_picked":["Dagger Throw","Sucker Punch","Poisoned Stab"],"picked":"Bouncing Flask","floor":30.0},{"not_picked":["Storm of Steel","Grand Finale","Die Die Die"],"picked":"Night Terror","floor":33},{"not_picked":["Blade Dance","Escape Plan","Deadly Poison"],"picked":"Outmaneuver","floor":35},{"not_picked":["Deflect","Acrobatics","Dodge and Roll"],"picked":"Concentrate","floor":37},{"not_picked":["Dagger Spray","Well Laid Plans","Doppelganger"],"picked":"PiercingWail+1","floor":38},{"not_picked":["Poisoned Stab+1","Well Laid Plans","Expertise"],"picked":"Outmaneuver","floor":40},{"not_picked":["Escape Plan","Flying Knee","Grand Finale"],"picked":"Finisher+1","floor":42},{"not_picked":["Sucker Punch","Poisoned Stab+1","Cloak And Dagger","Underhanded Strike"],"picked":"SKIP","floor":44},{"not_picked":["Terror","Finisher","Slice"],"picked":"Outmaneuver","floor":47},{"not_picked":["Blade Dance+1","Riddle With Holes+1","Slice","Noxious Fumes"],"picked":"SKIP","floor":48},{"not_picked":["Skewer","Outmaneuver","Eviscerate"],"picked":"Tactician","floor":55}],"player_experience":1523777,"relics_obtained":[{"floor":9.0,"key":"Bottled Lightning"},{"floor":13.0,"key":"Boot"},{"floor":24.0,"key":"Question Card"},{"floor":26.0,"key":"Bronze Scales"},{"floor":27.0,"key":"Pen Nib"},{"floor":30.0,"key":"Red Mask"},{"floor":40,"key":"Kunai"},{"floor":42,"key":"PreservedInsect"},{"floor":43,"key":"Orichalcum"},{"floor":44,"key":"Meat on the Bone"},{"floor":55,"key":"Pear"}],"event_choices":[{"damage_healed":0.0,"max_hp_gain":0.0,"max_hp_loss":0.0,"gold_gain":0.0,"event_name":"Shining Light","player_choice":"Entered Light","floor":12.0,"gold_loss":0.0,"damage_taken":20.0,"cards_upgraded":["Defend_G","Defend_G"]},{"damage_healed":0.0,"max_hp_gain":0.0,"max_hp_loss":33.0,"gold_gain":0.0,"event_name":"Ghosts","player_choice":"Became a Ghost","floor":19.0,"gold_loss":0.0,"damage_taken":0.0,"cards_obtained":["Ghostly","Ghostly","Ghostly"]},{"damage_healed":0.0,"max_hp_gain":5.0,"max_hp_loss":0.0,"gold_gain":0.0,"event_name":"Forgotten Altar","player_choice":"Shed Blood","floor":21.0,"gold_loss":0.0,"damage_taken":12.0},{"damage_healed":0.0,"max_hp_gain":0.0,"max_hp_loss":0.0,"gold_gain":0.0,"event_name":"The Library","player_choice":"Read","floor":28.0,"gold_loss":0.0,"damage_taken":0.0,"cards_obtained":["Escape Plan"]},{"cards_removed":["Expertise"],"damage_healed":0.0,"max_hp_gain":0.0,"max_hp_loss":0.0,"gold_gain":0.0,"event_name":"Beggar","player_choice":"Gave Gold","floor":29.0,"gold_loss":75.0,"damage_taken":0.0},{"damage_healed":0.0,"max_hp_gain":0.0,"max_hp_loss":0.0,"gold_gain":0.0,"event_name":"Masked Bandits","player_choice":"Fought Bandits","floor":30.0,"gold_loss":0.0,"damage_taken":0.0},{"cards_removed":["Dagger Spray"],"damage_healed":0,"gold_gain":0,"player_choice":"Purged","damage_taken":0,"max_hp_gain":0,"max_hp_loss":0,"event_name":"Purifier","floor":36,"gold_loss":0},{"cards_removed":["Malaise"],"damage_healed":25,"gold_gain":0,"player_choice":"Offered Rare","damage_taken":0,"max_hp_gain":10,"max_hp_loss":0,"event_name":"Bonfire Elementals","floor":46,"gold_loss":0}],"is_beta":false,"boss_relics":[{"not_picked":["Busted Crown","SacredBark"],"picked":"Pandora\u0027s Box"},{"not_picked":["Velvet Choker","SlaversCollar"],"picked":"Runic Pyramid"}],"items_purged_floors":[54],"is_endless":false,"potions_floor_spawned":[2,4,13,14,24,27,33,37,44,47,48,55],"killed_by":"The Heart","ascension_level":20}}