{"host":"Bilverbakes","time":1613172133,"event":{"mods":["2.2 Compatiblity","AchievementEnabler","BaseMod","Bestiary","Colored Map","Minty Spire (QoL Compilation)","Relic Stats","StSLib","ojb\u0027s Info Mod"],"gold_per_floor":[117,167,187,187,201,201,216,249,249,118,192,192,212,212,212],"floor_reached":14,"language":"ENG","playtime":607,"items_purged":[],"score":180,"play_id":"fa0c8a95-3afe-4407-8175-17ca6d0cbf95","local_time":"20210212172213","is_ascension_mode":true,"campfire_choices":[{"data":"Predator","floor":6,"key":"SMITH"},{"floor":12,"key":"REST"}],"circlet_count":0,"master_deck":["AscendersBane","Strike_G","Strike_G","Strike_G","Strike_G","Strike_G","Defend_G","Defend_G","Defend_G","Defend_G","Defend_G","Survivor","Neutralize","Riddle With Holes","Endless Agony","Predator+1","Tools of the Trade","Poisoned Stab","Eviscerate","Concentrate"],"relics":["Ring of the Snake","NeowsBlessing","Golden Idol","Bronze Scales","Eternal Feather","StoneCalendar"],"acts_visited":["Exordium"],"potions_floor_usage":[8,11,13],"damage_taken":[{"damage":0.0,"enemies":"Small Slimes","floor":1.0,"turns":1.0},{"damage":0,"enemies":"Cultist","floor":3,"turns":1},{"damage":0,"enemies":"Jaw Worm","floor":5,"turns":1},{"damage":7,"enemies":"Large Slime","floor":7,"turns":6},{"damage":22,"enemies":"Lagavulin","floor":8,"turns":6},{"damage":20,"enemies":"3 Sentries","floor":11,"turns":10},{"damage":1,"enemies":"Exordium Wildlife","floor":13,"turns":4},{"damage":35,"enemies":"3 Sentries","floor":14,"turns":5}],"seed_played":"-4023477066623845326","potions_obtained":[{"floor":1.0,"key":"EssenceOfSteel"},{"floor":7,"key":"SneckoOil"},{"floor":11,"key":"SpeedPotion"}],"is_trial":false,"path_per_floor":["M","?","M","?","M","R","M","E","T","$","?","R","M","E"],"character_chosen":"THE_SILENT","items_purchased":["Eviscerate","Concentrate"],"campfire_rested":1,"item_purchase_floors":[10,10],"current_hp_per_floor":[59,53,53,53,53,53,46,24,24,24,4,34,33,0,0],"gold":212,"neow_bonus":"THREE_ENEMY_KILL","is_daily":false,"chose_seed":false,"campfire_upgraded":1,"win_rate":0.0,"timestamp":1613172133,"path_taken":["M","?","?","?","M","R","M","E","T","$","?","R","?","E"],"items_purchased_type":["Card","Card"],"build_version":"2020-12-18","purchased_purges":0,"victory":false,"max_hp_per_floor":[66,66,66,60,60,60,60,60,60,60,60,60,60,60,60],"relic_stats":{"counters":[8,34],"Golden Idol":39,"Bronze Scales":[39],"Eternal Feather":12,"StoneCalendar":[0],"obtain_stats":[{"NeowsBlessing":0,"Golden Idol":4,"Bronze Scales":8,"Eternal Feather":9,"StoneCalendar":11,"Ring of the Snake":0},{"NeowsBlessing":0,"Golden Idol":2,"Bronze Scales":5,"Eternal Feather":5,"StoneCalendar":6,"Ring of the Snake":0},{"NeowsBlessing":0,"Golden Idol":2,"Bronze Scales":15,"Eternal Feather":15,"StoneCalendar":25,"Ring of the Snake":0}],"Ring of the Snake":[17]},"card_choices":[{"not_picked":["Escape Plan","Dodge and Roll"],"picked":"Riddle With Holes","floor":1.0},{"not_picked":["Noxious Fumes","Dagger Spray"],"picked":"Endless Agony","floor":3},{"not_picked":["Prepared","Sucker Punch"],"picked":"Predator","floor":5},{"not_picked":["Flying Knee","Reflex"],"picked":"Tools of the Trade","floor":7},{"not_picked":["Setup","Choke"],"picked":"Poisoned Stab","floor":8},{"not_picked":["All Out Attack","Riddle With Holes","Quick Slash"],"picked":"SKIP","floor":13}],"player_experience":948331,"relics_obtained":[{"floor":8,"key":"Bronze Scales"},{"floor":9,"key":"Eternal Feather"},{"floor":11,"key":"StoneCalendar"}],"event_choices":[{"damage_healed":0,"gold_gain":50,"player_choice":"Touch","damage_taken":6,"max_hp_gain":0,"max_hp_loss":0,"event_name":"FaceTrader","floor":2,"gold_loss":0},{"damage_healed":0,"gold_gain":0,"player_choice":"Lose Max HP","damage_taken":0,"relics_obtained":["Golden Idol"],"max_hp_gain":0,"max_hp_loss":6,"event_name":"Golden Idol","floor":4,"gold_loss":0},{"damage_healed":0,"gold_gain":0,"player_choice":"Searched \u00271\u0027 times","damage_taken":0,"max_hp_gain":0,"max_hp_loss":0,"event_name":"Dead Adventurer","floor":11,"gold_loss":0}],"is_beta":true,"boss_relics":[],"items_purged_floors":[],"is_endless":false,"potions_floor_spawned":[1,7,11],"killed_by":"3 Sentries","ascension_level":20}}