{"host":"msmkw03x1o7nq45i","time":1613155409,"event":{"mods":["AchievementEnabler","BaseMod","Bestiary","Colored Powertips","GifTheSpireLib","Highlight Path","Minty Spire (QoL Compilation)","Random Character Button","Relic Stats","StSLib","everything is the same but u backflip on backflip"],"gold_per_floor":[113,130,146,146,146,186,186,221,221,221,237,256,256,276,276,374,374,394,394,412,50,50,83,83,83,106,106,137,137,170,189,189,189,189],"floor_reached":33,"language":"ENG","playtime":1807,"items_purged":["Strike_G"],"score":676,"play_id":"b2247bab-3d5d-4671-8559-d07ba95888f3","local_time":"20210212204329","is_ascension_mode":true,"campfire_choices":[{"data":"Noxious Fumes","floor":7,"key":"SMITH"},{"floor":15,"key":"REST"},{"data":"Wraith Form v2","floor":24,"key":"SMITH"},{"data":"Cloak And Dagger","floor":27,"key":"SMITH"},{"data":"Cloak And Dagger","floor":32,"key":"SMITH"}],"circlet_count":0,"master_deck":["AscendersBane","Strike_G","Strike_G","Strike_G","Strike_G","Defend_G","Defend_G","Defend_G","Defend_G","Defend_G","Survivor","Neutralize","Noxious Fumes+1","Leg Sweep","Backstab","Dagger Spray","Dagger Spray","Poisoned Stab","Cloak And Dagger+1","Die Die Die","Cloak And Dagger+1","Wraith Form v2+1","Acrobatics+1","Ghostly","Ghostly","Ghostly","Terror","Adrenaline","Phantasmal Killer"],"relics":["Ring of the Snake","NeowsBlessing","Golden Idol","Ornamental Fan","Pear","Shuriken","Strawberry","Letter Opener","Sozu","Kunai","Meat on the Bone","Vajra","Sundial","Bottled Lightning"],"acts_visited":["Exordium","TheCity"],"potions_floor_usage":[8,16],"damage_taken":[{"damage":0,"enemies":"Jaw Worm","floor":1,"turns":1},{"damage":0,"enemies":"Small Slimes","floor":2,"turns":1},{"damage":0,"enemies":"2 Louse","floor":3,"turns":1},{"damage":36,"enemies":"Gremlin Nob","floor":6,"turns":6},{"damage":12,"enemies":"Lagavulin","floor":8,"turns":9},{"damage":6,"enemies":"Looter","floor":11,"turns":3},{"damage":1,"enemies":"Gremlin Gang","floor":12,"turns":4},{"damage":7,"enemies":"Exordium Thugs","floor":14,"turns":4},{"damage":13,"enemies":"The Guardian","floor":16,"turns":10},{"damage":9,"enemies":"2 Thieves","floor":18,"turns":4},{"damage":1,"enemies":"Chosen","floor":20,"turns":5},{"damage":0,"enemies":"Slavers","floor":23,"turns":5},{"damage":28,"enemies":"Book of Stabbing","floor":28,"turns":6},{"damage":6,"enemies":"Gremlin Leader","floor":30,"turns":6},{"damage":0,"enemies":"Centurion and Healer","floor":31,"turns":6},{"damage":45,"enemies":"Champ","floor":33,"turns":10}],"seed_played":"-6607282628963571870","potions_obtained":[{"floor":1,"key":"DistilledChaos"},{"floor":6,"key":"LiquidBronze"},{"floor":12,"key":"Energy Potion"},{"floor":14,"key":"Poison Potion"}],"is_trial":false,"path_per_floor":["M","M","M","?","?","E","R","E","T","?","M","M","T","M","R","B",null,"M","?","M","$","?","E","R","$","T","R","E","?","E","M","R","B"],"character_chosen":"THE_SILENT","items_purchased":["Kunai"],"campfire_rested":1,"item_purchase_floors":[21],"current_hp_per_floor":[59,59,59,59,59,23,23,21,21,17,11,10,10,3,26,13,61,52,52,51,51,38,38,38,38,38,38,22,22,28,28,28,0,0],"gold":189,"neow_bonus":"THREE_ENEMY_KILL","is_daily":false,"chose_seed":false,"campfire_upgraded":4,"win_rate":0.0,"timestamp":1613155409,"path_taken":["M","M","M","?","?","E","R","E","T","?","M","M","?","?","R","BOSS","M","?","M","$","?","E","R","?","T","R","E","?","E","M","R","BOSS"],"items_purchased_type":["Relic"],"build_version":"2020-12-22","purchased_purges":1,"victory":false,"max_hp_per_floor":[66,66,66,60,60,60,60,70,70,77,77,77,77,77,77,77,77,77,77,77,77,38,38,38,38,38,38,38,38,38,38,38,38,38],"relic_stats":{"Sozu":3,"counters":[16,81],"Golden Idol":78,"Ornamental Fan":[108],"Shuriken":[24],"Sundial":[2],"Letter Opener":[95],"Kunai":[15],"obtain_stats":[{"Pear":8,"NeowsBlessing":0,"Golden Idol":4,"Vajra":26,"Letter Opener":13,"Sozu":17,"Ornamental Fan":6,"Shuriken":9,"Sundial":28,"Strawberry":10,"Kunai":21,"Bottled Lightning":30,"Ring of the Snake":0,"Meat on the Bone":23},{"Pear":5,"NeowsBlessing":0,"Golden Idol":3,"Vajra":12,"Letter Opener":7,"Sozu":9,"Ornamental Fan":4,"Shuriken":5,"Sundial":13,"Strawberry":5,"Kunai":11,"Bottled Lightning":14,"Ring of the Snake":0,"Meat on the Bone":12},{"Pear":18,"NeowsBlessing":0,"Golden Idol":3,"Vajra":53,"Letter Opener":25,"Sozu":39,"Ornamental Fan":9,"Shuriken":18,"Sundial":59,"Strawberry":18,"Kunai":48,"Bottled Lightning":65,"Ring of the Snake":0,"Meat on the Bone":53}],"Ring of the Snake":[32],"Meat on the Bone":24},"card_choices":[{"not_picked":["Footwork","Setup"],"picked":"Noxious Fumes","floor":1},{"not_picked":["Sucker Punch","Deflect"],"picked":"Leg Sweep","floor":2},{"not_picked":["Acrobatics","Sucker Punch"],"picked":"Backstab","floor":3},{"not_picked":["Predator","Backflip","Acrobatics"],"picked":"SKIP","floor":6},{"not_picked":["Unload","Heel Hook"],"picked":"Dagger Spray","floor":8},{"not_picked":["Dodge and Roll","Quick Slash"],"picked":"Dagger Spray","floor":11},{"not_picked":["Deadly Poison","Catalyst"],"picked":"Poisoned Stab","floor":12},{"not_picked":["Slice","Deadly Poison"],"picked":"Cloak And Dagger","floor":14},{"not_picked":["Bullet Time","Corpse Explosion"],"picked":"Die Die Die","floor":16},{"not_picked":["Quick Slash","Bane"],"picked":"Cloak And Dagger","floor":18},{"not_picked":["Setup","Backstab"],"picked":"Acrobatics+1","floor":20},{"not_picked":["Escape Plan","Skewer"],"picked":"Terror","floor":23},{"not_picked":["Underhanded Strike","Dagger Spray"],"picked":"Adrenaline","floor":28},{"not_picked":["Underhanded Strike+1","Dagger Spray","PiercingWail"],"picked":"SKIP","floor":30},{"not_picked":["Backflip+1","Blur"],"picked":"Phantasmal Killer","floor":31}],"player_experience":537422,"relics_obtained":[{"floor":6,"key":"Ornamental Fan"},{"floor":8,"key":"Pear"},{"floor":9,"key":"Shuriken"},{"floor":13,"key":"Letter Opener"},{"floor":23,"key":"Meat on the Bone"},{"floor":26,"key":"Vajra"},{"floor":28,"key":"Sundial"},{"floor":30,"key":"Bottled Lightning"}],"event_choices":[{"damage_healed":0,"gold_gain":0,"player_choice":"Lose Max HP","damage_taken":0,"relics_obtained":["Golden Idol"],"max_hp_gain":0,"max_hp_loss":6,"event_name":"Golden Idol","floor":4,"gold_loss":0},{"damage_healed":0,"gold_gain":0,"player_choice":"Ignored","damage_taken":0,"max_hp_gain":0,"max_hp_loss":0,"event_name":"Liars Game","floor":5,"gold_loss":0},{"damage_healed":0,"gold_gain":0,"player_choice":"Success","damage_taken":11,"relics_obtained":["Strawberry"],"max_hp_gain":0,"max_hp_loss":0,"event_name":"Scrap Ooze","floor":10,"gold_loss":0},{"damage_healed":0,"gold_gain":0,"player_choice":"Read","damage_taken":0,"max_hp_gain":0,"max_hp_loss":0,"event_name":"The Library","floor":19,"gold_loss":0,"cards_obtained":["Wraith Form v2"]},{"damage_healed":0,"gold_gain":0,"player_choice":"Became a Ghost","damage_taken":0,"max_hp_gain":0,"max_hp_loss":39,"event_name":"Ghosts","floor":22,"gold_loss":0,"cards_obtained":["Ghostly","Ghostly","Ghostly"]},{"damage_healed":0,"gold_gain":0,"player_choice":"Ignored","damage_taken":0,"max_hp_gain":0,"max_hp_loss":0,"event_name":"The Mausoleum","floor":29,"gold_loss":0}],"is_beta":false,"boss_relics":[{"not_picked":["Ring of the Serpent","Runic Dome"],"picked":"Sozu"}],"items_purged_floors":[21],"is_endless":false,"potions_floor_spawned":[1,6,12,14,20,23,30],"killed_by":"Champ","ascension_level":20}}