{"host":"wuernuywc9gl215o","time":1613134436,"event":{"mods":["2.2 Compatiblity","AchievementEnabler","BaseMod","Bestiary","Block Reminder","Displayed Cursed Tome","Highlight Path","Key Reminder","Minty Spire (QoL Compilation)","Permanent Neow","Potion Indicator Mod","Quick Restart","Rare Cards Sparkle","Relic Stats","ojb\u0027s Info Mod"],"gold_per_floor":[118,138,151,167,167,498,498,93,174,190,216,216,246,196,196,299,299,319,18,35,69,89,123,135,177,189,201,248,272,284,364,376,486,498,527,552,576,600,629,672,684,730,742,785,847,959,1067,1091,1103,1115,1127,1139,222,249,249],"floor_reached":56,"language":"ENG","playtime":5588,"items_purged":["Strike_B","Strike_B"],"score":1646,"play_id":"893c1055-ee60-41f4-a576-6d02a569fd95","local_time":"20210212125356","is_ascension_mode":true,"campfire_choices":[{"floor":7.0,"key":"REST"},{"data":"Zap","floor":15.0,"key":"SMITH"},{"floor":27.0,"key":"REST"},{"data":"Echo Form","floor":32.0,"key":"SMITH"},{"data":"Biased Cognition","floor":41.0,"key":"SMITH"},{"floor":49,"key":"RECALL"},{"data":"Parasite","floor":52,"key":"PURGE"}],"circlet_count":0,"master_deck":["Defend_B","Defend_B","Defend_B","Defend_B","Zap+1","Dualcast","Ball Lightning","Undo","Genetic Algorithm+1","Chill","Rainbow","Stack","Multi-Cast","Ball Lightning","BootSequence+1","Doom and Gloom","Compile Driver","Biased Cognition+1","Cold Snap","Sweeping Beam+1","Sunder","Echo Form+1","Core Surge","Skim","Coolheaded","Machine Learning","Conserve Battery+1","Blizzard+1","Static Discharge+1","Defragment+1","Darkness+1","Stack","Apotheosis","Secret Technique","Tempest+1","Defragment+1","Lockon","Fusion","Thunder Strike"],"relics":["Black Star","Old Coin","Ancient Tea Set","Lee\u0027s Waffle","InkBottle","Eternal Feather","Pen Nib","Vajra","Potion Belt","Snecko Eye","OrangePellets","MealTicket","Red Mask","MawBank","Mango","Ginger","Anchor","War Paint","Torii","SsserpentHead","Cursed Key","HornCleat","Smiling Mask","Regal Pillow","Art of War","Frozen Egg 2","Happy Flower","PreservedInsect","Peace Pipe","Du-Vu Doll","Cables","Letter Opener","HandDrill","Blood Vial","Pantograph"],"acts_visited":["Exordium","TheCity","TheBeyond","TheEnding"],"potions_floor_usage":[55,55,55,55,55],"damage_taken":[{"damage":5.0,"enemies":"2 Louse","floor":1.0,"turns":3.0},{"damage":7.0,"enemies":"Jaw Worm","floor":2.0,"turns":3.0},{"damage":1.0,"enemies":"Cultist","floor":3.0,"turns":3.0},{"damage":10.0,"enemies":"Blue Slaver","floor":4.0,"turns":5.0},{"damage":13.0,"enemies":"Lagavulin","floor":6.0,"turns":6.0},{"damage":0.0,"enemies":"Red Slaver","floor":10.0,"turns":5.0},{"damage":6.0,"enemies":"3 Sentries","floor":11.0,"turns":7.0},{"damage":28.0,"enemies":"Lagavulin","floor":13.0,"turns":6.0},{"damage":12.0,"enemies":"Slime Boss","floor":16.0,"turns":7.0},{"damage":16.0,"enemies":"Shell Parasite","floor":18.0,"turns":5.0},{"damage":0.0,"enemies":"Chosen","floor":20.0,"turns":4.0},{"damage":18.0,"enemies":"Masked Bandits","floor":21.0,"turns":6.0},{"damage":13.0,"enemies":"Snake Plant","floor":22.0,"turns":3.0},{"damage":17.0,"enemies":"Slavers","floor":23.0,"turns":6.0},{"damage":15.0,"enemies":"Book of Stabbing","floor":25.0,"turns":5.0},{"damage":18.0,"enemies":"Slavers","floor":28.0,"turns":5.0},{"damage":0.0,"enemies":"Sentry and Sphere","floor":29.0,"turns":4.0},{"damage":0.0,"enemies":"3 Cultists","floor":31.0,"turns":3.0},{"damage":9.0,"enemies":"Champ","floor":33.0,"turns":6.0},{"damage":12.0,"enemies":"Orb Walker","floor":35.0,"turns":4.0},{"damage":0.0,"enemies":"3 Shapes","floor":36.0,"turns":6.0},{"damage":0.0,"enemies":"Writhing Mass","floor":37.0,"turns":5.0},{"damage":16.0,"enemies":"Jaw Worm Horde","floor":38.0,"turns":4.0},{"damage":2.0,"enemies":"4 Shapes","floor":39.0,"turns":6.0},{"damage":13.0,"enemies":"Nemesis","floor":40.0,"turns":7.0},{"damage":0.0,"enemies":"Giant Head","floor":42.0,"turns":10.0},{"damage":18.0,"enemies":"Reptomancer","floor":44.0,"turns":5.0},{"damage":1.0,"enemies":"Mind Bloom Boss Battle","floor":46.0,"turns":8.0},{"damage":6,"enemies":"2 Orb Walkers","floor":47,"turns":5},{"damage":0,"enemies":"Maw","floor":48,"turns":6},{"damage":32,"enemies":"Donu and Deca","floor":50,"turns":8},{"damage":7,"enemies":"Shield and Spear","floor":54,"turns":4},{"damage":62,"enemies":"The Heart","floor":55,"turns":7}],"seed_played":"-1589597275942225064","potions_obtained":[{"floor":1.0,"key":"Fruit Juice"},{"floor":4.0,"key":"SteroidPotion"},{"floor":6.0,"key":"SmokeBomb"},{"floor":16.0,"key":"GamblersBrew"},{"floor":20.0,"key":"FocusPotion"},{"floor":23.0,"key":"ColorlessPotion"},{"floor":25.0,"key":"Strength Potion"},{"floor":28.0,"key":"SneckoOil"},{"floor":33.0,"key":"LiquidBronze"},{"floor":35.0,"key":"PowerPotion"},{"floor":37.0,"key":"SneckoOil"},{"floor":38.0,"key":"PowerPotion"},{"floor":39.0,"key":"Swift Potion"},{"floor":46.0,"key":"Ancient Potion"},{"floor":48,"key":"BlessingOfTheForge"}],"is_trial":false,"path_per_floor":["M","M","M","M","?","E","R","$","T","M","E","$","E","?","R","B",null,"M","$","M","?","M","E","?","E","T","R","E","M","?","M","R","B",null,"M","M","M","M","M","E","R","E","T","E","?","?","?","M","R","B",null,"R","$","E","B",null],"character_chosen":"DEFECT","items_purchased":["Multi-Cast","Lee\u0027s Waffle","Explosive Potion","Ball Lightning","OrangePellets","MealTicket","Cables","Defragment+1","Letter Opener","HandDrill","Lockon","Fusion","FocusPotion"],"campfire_rested":2,"item_purchase_floors":[8,8,8,8,19,19,53,53,53,53,53,53,53],"current_hp_per_floor":[70,68,67,57,57,44,68,87,87,87,81,81,53,53,62,50,78,62,62,62,44,31,28,28,13,13,55,37,37,37,37,52,43,87,75,75,75,59,57,44,62,62,62,44,34,33,27,27,48,16,80,98,98,91,36],"gold":249,"neow_bonus":"BOSS_RELIC","is_daily":false,"chose_seed":false,"campfire_upgraded":3,"win_rate":0.0,"timestamp":1613134436,"path_taken":["M","M","M","M","?","E","R","$","T","M","E","$","E","?","R","BOSS","M","$","M","?","M","E","?","E","T","R","E","?","?","?","R","BOSS","M","M","M","M","M","E","R","E","T","E","?","?","?","M","R","BOSS","R","$","E","BOSS"],"items_purchased_type":["Card","Relic","Potion","Card","Relic","Relic","Relic","Card","Relic","Relic","Card","Card","Potion"],"build_version":"2020-12-22","purchased_purges":2,"victory":true,"max_hp_per_floor":[75,80,80,80,80,80,80,87,87,87,87,87,87,87,87,87,87,87,87,87,87,87,101,101,101,101,101,101,101,101,101,101,101,101,101,101,101,101,101,101,101,101,101,101,101,101,101,101,101,101,101,98,98,98,98],"relic_stats":{"Regal Pillow":0,"Torii":30,"Ginger":[12],"Cursed Key":1,"Smiling Mask":50,"Blood Vial":0,"SsserpentHead":200,"Pantograph":7,"MealTicket":0,"HandDrill":[2],"InkBottle":[57],"Lee\u0027s Waffle":19,"Happy Flower":[12],"counters":[33,177],"Eternal Feather":96,"Pen Nib":[19],"PreservedInsect":68,"Letter Opener":[55],"War Paint":["BootSequence","Genetic Algorithm"],"MawBank":360,"Cables":[10,6,3,1,0],"Peace Pipe":1,"OrangePellets":[44],"Snecko Eye":[122,113,111,114],"Black Star":10,"Art of War":[12],"obtain_stats":[{"Regal Pillow":42,"Torii":28,"Vajra":13,"Mango":23,"Ginger":25,"Ancient Tea Set":6,"Cursed Key":34,"Smiling Mask":40,"Old Coin":6,"Blood Vial":54,"SsserpentHead":30,"HornCleat":40,"Pantograph":54,"MealTicket":19,"Red Mask":21,"HandDrill":53,"Cracked Core":0,"InkBottle":9,"Potion Belt":13,"Lee\u0027s Waffle":8,"Happy Flower":44,"Eternal Feather":11,"Pen Nib":11,"PreservedInsect":44,"Letter Opener":53,"War Paint":28,"Frozen Egg 2":43,"MawBank":23,"Cables":53,"keyreminder:keyreminder":26,"Peace Pipe":46,"Du-Vu Doll":47,"OrangePellets":19,"Anchor":25,"Snecko Eye":17,"Black Star":0,"Art of War":42},{"Regal Pillow":26,"Torii":16,"Vajra":8,"Mango":14,"Ginger":15,"Ancient Tea Set":5,"Cursed Key":19,"Smiling Mask":25,"Old Coin":5,"Blood Vial":32,"SsserpentHead":17,"HornCleat":25,"Pantograph":32,"MealTicket":10,"Red Mask":12,"HandDrill":31,"Cracked Core":0,"InkBottle":5,"Potion Belt":8,"Lee\u0027s Waffle":5,"Happy Flower":27,"Eternal Feather":7,"Pen Nib":7,"PreservedInsect":27,"Letter Opener":31,"War Paint":16,"Frozen Egg 2":26,"MawBank":14,"Cables":31,"keyreminder:keyreminder":15,"Peace Pipe":28,"Du-Vu Doll":29,"OrangePellets":10,"Anchor":15,"Snecko Eye":9,"Black Star":0,"Art of War":26},{"Regal Pillow":134,"Torii":79,"Vajra":38,"Mango":69,"Ginger":74,"Ancient Tea Set":20,"Cursed Key":92,"Smiling Mask":124,"Old Coin":20,"Blood Vial":170,"SsserpentHead":83,"HornCleat":124,"Pantograph":170,"MealTicket":50,"Red Mask":60,"HandDrill":166,"Cracked Core":0,"InkBottle":20,"Potion Belt":38,"Lee\u0027s Waffle":20,"Happy Flower":139,"Eternal Feather":32,"Pen Nib":32,"PreservedInsect":139,"Letter Opener":166,"War Paint":79,"Frozen Egg 2":134,"MawBank":69,"Cables":166,"keyreminder:keyreminder":74,"Peace Pipe":147,"Du-Vu Doll":152,"OrangePellets":50,"Anchor":74,"Snecko Eye":45,"Black Star":0,"Art of War":134}]},"card_choices":[{"not_picked":["Steam Power","Gash"],"picked":"Ball Lightning","floor":1.0},{"not_picked":["Steam Power","Rebound"],"picked":"Undo","floor":2.0},{"not_picked":["Auto Shields","Recycle"],"picked":"Genetic Algorithm","floor":3.0},{"not_picked":["Melter","Darkness"],"picked":"Chill","floor":4.0},{"not_picked":["Redo","Undo"],"picked":"Stack","floor":6.0},{"not_picked":["Compile Driver","Leap"],"picked":"BootSequence","floor":10.0},{"not_picked":["Hello World","Cold Snap"],"picked":"Doom and Gloom","floor":11.0},{"not_picked":["BootSequence","Beam Cell"],"picked":"Compile Driver","floor":13.0},{"not_picked":["Rainbow","Core Surge"],"picked":"Biased Cognition","floor":16.0},{"not_picked":["Streamline+1","Rebound"],"picked":"Cold Snap","floor":18.0},{"not_picked":["Steam+1","Leap"],"picked":"Sweeping Beam+1","floor":20.0},{"not_picked":["Hologram","Coolheaded","Cold Snap"],"picked":"SKIP","floor":22.0},{"not_picked":["Rebound+1","Beam Cell+1"],"picked":"Sunder","floor":23.0},{"not_picked":["Melter+1","Reprogram"],"picked":"Echo Form","floor":25.0},{"not_picked":["Doom and Gloom","Consume"],"picked":"Core Surge","floor":28.0},{"not_picked":["Coolheaded","Lockon"],"picked":"Skim","floor":29.0},{"not_picked":["Ball Lightning+1","Hello World"],"picked":"Coolheaded","floor":31.0},{"not_picked":["All For One","Hyperbeam"],"picked":"Machine Learning","floor":33.0},{"not_picked":["Compile Driver+1","Chaos+1"],"picked":"Conserve Battery+1","floor":35.0},{"not_picked":["Turbo","Go for the Eyes+1"],"picked":"Blizzard+1","floor":36.0},{"not_picked":["Compile Driver+1","Loop"],"picked":"Static Discharge+1","floor":37.0},{"not_picked":["White Noise+1","Sunder"],"picked":"Defragment+1","floor":38.0},{"not_picked":["Cold Snap","White Noise+1","Steam"],"picked":"SKIP","floor":39.0},{"not_picked":["Consume","Go for the Eyes","Hologram"],"picked":"SKIP","floor":40.0},{"not_picked":["Chaos","Turbo+1"],"picked":"Darkness+1","floor":42.0},{"not_picked":["Go for the Eyes+1","Fusion"],"picked":"Stack","floor":44.0},{"not_picked":["Discovery","Dark Shackles"],"picked":"Apotheosis","floor":45.0},{"not_picked":["Finesse","Trip"],"picked":"Secret Technique","floor":45.0},{"not_picked":["Reinforced Body+1","Leap+1"],"picked":"Tempest+1","floor":46.0},{"not_picked":["Turbo","Sunder","Gash+1"],"picked":"SKIP","floor":48},{"not_picked":["Streamline+1","Turbo"],"picked":"Thunder Strike","floor":54}],"player_experience":919417,"relics_obtained":[{"floor":6.0,"key":"Old Coin"},{"floor":6.0,"key":"Ancient Tea Set"},{"floor":9.0,"key":"InkBottle"},{"floor":11.0,"key":"Eternal Feather"},{"floor":11.0,"key":"Pen Nib"},{"floor":13.0,"key":"Vajra"},{"floor":13.0,"key":"Potion Belt"},{"floor":21.0,"key":"Red Mask"},{"floor":23.0,"key":"MawBank"},{"floor":23.0,"key":"Mango"},{"floor":25.0,"key":"Ginger"},{"floor":25.0,"key":"Anchor"},{"floor":28.0,"key":"War Paint"},{"floor":28.0,"key":"Torii"},{"floor":40.0,"key":"HornCleat"},{"floor":40.0,"key":"Smiling Mask"},{"floor":42.0,"key":"Regal Pillow"},{"floor":42.0,"key":"Art of War"},{"floor":43.0,"key":"Frozen Egg 2"},{"floor":44.0,"key":"Happy Flower"},{"floor":44.0,"key":"PreservedInsect"},{"floor":46.0,"key":"Peace Pipe"},{"floor":47,"key":"Du-Vu Doll"},{"floor":54,"key":"Blood Vial"},{"floor":54,"key":"Pantograph"}],"event_choices":[{"damage_healed":0.0,"max_hp_gain":0.0,"max_hp_loss":0.0,"gold_gain":0.0,"cards_transformed":["Strike_B"],"event_name":"Living Wall","player_choice":"Change","floor":5.0,"gold_loss":0.0,"damage_taken":0.0,"cards_obtained":["Rainbow"]},{"cards_removed":["Strike_B"],"damage_healed":0.0,"max_hp_gain":0.0,"max_hp_loss":0.0,"gold_gain":0.0,"event_name":"The Cleric","player_choice":"Card Removal","floor":14.0,"gold_loss":50.0,"damage_taken":0.0},{"damage_healed":0.0,"max_hp_gain":0.0,"max_hp_loss":0.0,"gold_gain":0.0,"event_name":"Masked Bandits","player_choice":"Fought Bandits","floor":21.0,"gold_loss":0.0,"damage_taken":0.0},{"damage_healed":0.0,"max_hp_gain":0.0,"max_hp_loss":0.0,"gold_gain":0.0,"event_name":"N\u0027loth","player_choice":"Ignored","floor":24.0,"gold_loss":0.0,"damage_taken":0.0},{"damage_healed":0.0,"max_hp_gain":0.0,"max_hp_loss":0.0,"gold_gain":0.0,"event_name":"FaceTrader","player_choice":"Trade","floor":30.0,"gold_loss":0.0,"damage_taken":0.0,"relics_obtained":["SsserpentHead"]},{"damage_healed":0.0,"max_hp_gain":0.0,"max_hp_loss":0.0,"gold_gain":0.0,"event_name":"SensoryStone","player_choice":"Memory 3","floor":45.0,"gold_loss":0.0,"damage_taken":10.0},{"damage_healed":0.0,"max_hp_gain":0.0,"max_hp_loss":0.0,"gold_gain":0.0,"event_name":"MindBloom","player_choice":"Fight","floor":46.0,"gold_loss":0.0,"damage_taken":0.0},{"damage_healed":0,"gold_gain":0,"player_choice":"Fight","damage_taken":0,"max_hp_gain":0,"max_hp_loss":0,"event_name":"Mysterious Sphere","floor":47,"gold_loss":0}],"is_beta":false,"boss_relics":[{"not_picked":["Empty Cage","SacredBark"],"picked":"Snecko Eye"},{"not_picked":["Astrolabe","Coffee Dripper"],"picked":"Cursed Key"}],"items_purged_floors":[8,53],"is_endless":false,"potions_floor_spawned":[1,4,6,11,16,20,23,25,28,33,35,37,38,39,42,46,48],"ascension_level":5}}