{"host":"j0eim393g9d9b4b2","time":1613154641,"event":{"mods":["Act Like it!","Aspiration","Bard","BaseMod","Better Altar","Better Match","Better Note","Better Sensory Stone","Better Skull","Better Third Choice","Better-Laid Plans","Clockwork Mod","Colored Map","Conspire","Custom Start","Downfall","Energized Spire","GifTheSpireLib","Glutton Mod","Hermit","Hubris","Infinite Spire","Jorbs\u0027s Wanderer Trilogy","Marisa????????","Menagerie","Minty Spire (QoL Compilation)","Quick Restart","Random Character Button","Relic Stats","Replay The Spire","Retaliation","Reworked Bosses","Shade Mod","Shop Mod","Somnambulant","Spicy Shops","Spikes Relics","StSLib","Stuff the Spire","The Bug Knight","The Cursed","The Disciple","The Exalted","The Forsaken","The Hierophant","The Jungle","The Mystic","The Necromancer","The Runesmith","The Servant 0.9.4","The Valiant","Transform Curses","UnlockEverythingMod"],"gold_per_floor":[99,116,151,165,179,195,195,195,208,1,18,51,51,81,100,202,202,202,222,240,254,12,12,12,27,27,27,27,27],"floor_reached":27,"language":"ENG","playtime":2758,"items_purged":["hexamod:Defend"],"score":302,"play_id":"465412b8-e932-4a53-ad23-d0f18d633db3","local_time":"20210212133041","is_ascension_mode":false,"campfire_choices":[{"data":"hexamod:Float","floor":1,"key":"SMITH"},{"data":"hexamod:ForkedFlame","floor":18,"key":"SMITH"}],"circlet_count":0,"master_deck":["hexamod:Strike","hexamod:Strike","hexamod:Strike","hexamod:Strike","hexamod:Defend","hexamod:Defend","hexamod:Defend","hexamod:Sear","hexamod:Float+1","hexamod:Hexaguard","hexamod:ChargedBarrage+1","hexamod:EtherealExpedition+1","hexamod:RecurringNightmare","hexamod:HauntingEcho","hexamod:ThermalTransfer","hexamod:BurningTouch","hexamod:GhostflameBarrier","hexamod:GhostflameBarrier","hexamod:Firestarter","hexamod:PhantomFireball","hexamod:SpectersWail","hexamod:DynamicBlow","hexamod:GhostOfSpireFuture","hexamod:ForkedFlame+1","hexamod:ThermalTransfer+1","hexamod:GhostLash+1","hexamod:RadiantFlame+1","hexamod:EtherealExpedition","hexamod:HeatMetal"],"relics":["hexamod:SpiritBrand","PreservedInsect","hubris:MysteriousPyramids","Replay:Accelerometer","infinitespire:Eraser","Replay:Wax Seal","StuffTheSpire:Gunfinga","hubris:Towel","Art of War","energizedSpire:MagnifyingGlass","Guide Book","Matryoshka"],"acts_visited":["Exordium","TheCity"],"potions_floor_usage":[9,12,14,15,16],"damage_taken":[{"damage":5,"enemies":"conspire:RoseBush","floor":2,"turns":3},{"damage":16,"enemies":"conspire:MimicChest","floor":3,"turns":7},{"damage":0,"enemies":"Jaw Worm","floor":4,"turns":3},{"damage":3,"enemies":"infinitespire:Voidling","floor":5,"turns":3},{"damage":1,"enemies":"Large Slime","floor":6,"turns":6},{"damage":1,"enemies":"Red Slaver","floor":9,"turns":3},{"damage":0,"enemies":"downfall:FleeingMerchant","floor":10,"turns":4},{"damage":2,"enemies":"3 Louse","floor":11,"turns":3},{"damage":4,"enemies":"3 Sentries","floor":12,"turns":7},{"damage":0,"enemies":"HollowMod:MossKnight","floor":14,"turns":6},{"damage":9,"enemies":"Blue Slaver","floor":15,"turns":4},{"damage":0,"enemies":"IC_STATUS_ARCHETYPE","floor":16,"turns":6},{"damage":5,"enemies":"3 Byrds","floor":19,"turns":4},{"damage":17,"enemies":"Centurion and Healer","floor":20,"turns":7},{"damage":10,"enemies":"Cultist and Chosen","floor":21,"turns":6},{"damage":0,"enemies":"downfall:FleeingMerchant","floor":22,"turns":4},{"damage":15,"enemies":"Snake Plant","floor":25,"turns":3},{"damage":3,"enemies":"Centurion and Healer","floor":27,"turns":2}],"seed_played":"5709689399660024342","potions_obtained":[{"floor":5,"key":"Ancient Potion"},{"floor":11,"key":"SkillPotion"},{"floor":12,"key":"hexamod:EctoCoolerPotion"},{"floor":14,"key":"hexamod:EctoCoolerPotion"},{"floor":15,"key":"AttackPotion"},{"floor":25,"key":"Milkshake"}],"is_trial":false,"path_per_floor":["R","M","?","M","M","M","T","?","M","$","M","E","?","E","M","B",null,"R","M","M","M","$","R","T","M","?","M"],"character_chosen":"THE_SPIRIT","items_purchased":["hexamod:GhostflameBarrier","Replay:Wax Seal","hexamod:Firestarter","Guide Book"],"campfire_rested":0,"item_purchase_floors":[10,10,10,22],"current_hp_per_floor":[70,65,49,49,46,45,45,45,44,44,42,38,38,38,29,29,70,70,65,48,38,38,38,38,23,23,20,20,20],"gold":27,"neow_bonus":"RANDOM_COMMON_RELIC","is_daily":false,"chose_seed":false,"campfire_upgraded":2,"win_rate":0.0,"timestamp":1613154641,"path_taken":["R","M","?","M","?","M","T","?","M","$","?","E","?","E","M","BOSS","R","M","M","M","$","R","T","M","?","M"],"items_purchased_type":["Card","Relic","Card","Relic"],"build_version":"2020-12-22","purchased_purges":1,"victory":false,"max_hp_per_floor":[70,70,70,70,70,70,70,70,70,70,70,70,70,70,70,70,70,70,70,70,70,70,70,70,70,70,70,70,70],"relic_stats":{"counters":[18,81],"PreservedInsect":152,"Art of War":[3],"obtain_stats":[{"Replay:Accelerometer":7,"StuffTheSpire:Gunfinga":12,"Matryoshka":24,"Guide Book":22,"PreservedInsect":0,"Art of War":14,"energizedSpire:MagnifyingGlass":17,"hubris:MysteriousPyramids":3,"infinitespire:Eraser":8,"Replay:Wax Seal":10,"hubris:Towel":13,"hexamod:SpiritBrand":0},{"Replay:Accelerometer":5,"StuffTheSpire:Gunfinga":9,"Matryoshka":16,"Guide Book":16,"PreservedInsect":0,"Art of War":10,"energizedSpire:MagnifyingGlass":12,"hubris:MysteriousPyramids":2,"infinitespire:Eraser":5,"Replay:Wax Seal":7,"hubris:Towel":9,"hexamod:SpiritBrand":0},{"Replay:Accelerometer":22,"StuffTheSpire:Gunfinga":39,"Matryoshka":76,"Guide Book":76,"PreservedInsect":0,"Art of War":45,"energizedSpire:MagnifyingGlass":55,"hubris:MysteriousPyramids":10,"infinitespire:Eraser":22,"Replay:Wax Seal":29,"hubris:Towel":39,"hexamod:SpiritBrand":0}]},"card_choices":[{"not_picked":["hexamod:BacktrackSmack","hexamod:FourthSeal"],"picked":"hexamod:Hexaguard","floor":2},{"not_picked":["hexamod:RainOfEmbers","hexamod:Firestarter"],"picked":"hexamod:ChargedBarrage","floor":3},{"not_picked":["hexamod:SwordOfDarkness","hexamod:PowerFromBeyond"],"picked":"hexamod:EtherealExpedition","floor":4},{"not_picked":["hexamod:Firestarter","hexamod:ShieldOfDarkness"],"picked":"hexamod:RecurringNightmare","floor":5},{"not_picked":["hexamod:Incineration","hexamod:InspiringFlames"],"picked":"hexamod:HauntingEcho","floor":6},{"not_picked":["hexamod:HeatMetal","hexamod:GhostflameInferno"],"picked":"hexamod:ThermalTransfer","floor":9},{"not_picked":["hexamod:Firestarter","hexamod:InspiringFlames"],"picked":"hexamod:BurningTouch","floor":10},{"not_picked":["hexamod:ShieldOfDarkness","hexamod:NightmareStrike"],"picked":"hexamod:PhantomFireball","floor":11},{"not_picked":["hexamod:BurningTouch","hexamod:FirstSeal"],"picked":"hexamod:SpectersWail","floor":12},{"not_picked":["hexamod:Again","hexamod:FourthSeal"],"picked":"hexamod:DynamicBlow","floor":14},{"not_picked":["hexamod:SpectersWail","hexamod:Firestarter"],"picked":"hexamod:GhostOfSpireFuture","floor":15},{"not_picked":["hexamod:SearingWound","hexamod:FifthSeal"],"picked":"hexamod:ForkedFlame","floor":16},{"not_picked":["hexamod:BurningTouch","hexamod:HauntingEcho"],"picked":"hexamod:ThermalTransfer+1","floor":19},{"not_picked":["hexamod:PhantomCloak","hexamod:RainOfEmbers+1"],"picked":"hexamod:GhostLash+1","floor":20},{"not_picked":["hexamod:BurningTouch+1","hexamod:InspiringFlames+1"],"picked":"hexamod:RadiantFlame","floor":21},{"not_picked":["hexamod:RecurringNightmare","hexamod:GhostShield+1"],"picked":"hexamod:EtherealExpedition","floor":22},{"not_picked":["hexamod:RecurringNightmare","hexamod:FlamesFromBeyond+1"],"picked":"hexamod:HeatMetal","floor":25}],"player_experience":216085,"relics_obtained":[{"floor":3,"key":"hubris:MysteriousPyramids"},{"floor":7,"key":"Replay:Accelerometer"},{"floor":8,"key":"infinitespire:Eraser"},{"floor":12,"key":"StuffTheSpire:Gunfinga"},{"floor":14,"key":"Art of War"},{"floor":24,"key":"Matryoshka"}],"event_choices":[{"damage_healed":0,"gold_gain":0,"player_choice":"Relic","damage_taken":0,"max_hp_gain":0,"max_hp_loss":0,"event_name":"Wheel of Change","floor":8,"gold_loss":0},{"damage_healed":0,"gold_gain":0,"player_choice":"Forge","damage_taken":0,"max_hp_gain":0,"max_hp_loss":0,"event_name":"Accursed Blacksmith","floor":26,"gold_loss":0,"cards_upgraded":["hexamod:RadiantFlame"]}],"is_beta":false,"boss_relics":[{"not_picked":["StuffTheSpire:RunicHypercube","ReplayTheSpireMod:DimensionalGlitch"],"picked":"energizedSpire:MagnifyingGlass"}],"items_purged_floors":[22],"is_endless":false,"potions_floor_spawned":[5,11,12,14,15,25],"killed_by":"Centurion and Healer","ascension_level":0}}