{"host":"7ttbe3gzet1mthv0","time":1613158804,"event":{"mods":["AchievementEnabler","BaseMod","Bestiary","Better Match","Better Note","Better Sensory Stone","Better Third Choice","BetterRewards","CapriCore","Colored Map","Colored Powertips","Custom Start","Downfall","Fox Events","Hermit","Highlight Path","Infinite Spire","Jorbs\u0027s Wanderer Trilogy","Luminous","Marisa????????","Minty Spire (QoL Compilation)","Rare Cards Sparkle","Relic Stats","Spicy Shops","StSLib","The Alterego","The Bug Knight","The Cursed","The Hierophant","The Marked","Wandering Minibosses"],"gold_per_floor":[99,109,94,112,124,124,151,161,161,161,0,32,32,61,72,174,174,174,174],"floor_reached":17,"language":"SPA","playtime":1298,"items_purged":[],"score":200,"play_id":"e5baee56-2668-4f64-85e0-b6aca9a4b928","local_time":"20210212204004","is_ascension_mode":true,"campfire_choices":[{"data":"Guardian:CurlUp","floor":1,"key":"SMITH"},{"data":"Guardian:GatlingBeam","floor":6,"key":"SMITH"},{"data":"Guardian:Preprogram","floor":9,"key":"SMITH"}],"circlet_count":0,"master_deck":["Guardian:Strike_Guardian","Guardian:Strike_Guardian","Guardian:Strike_Guardian","Guardian:Strike_Guardian","Guardian:Defend_Guardian","Guardian:Defend_Guardian","Guardian:Defend_Guardian","Guardian:Defend_Guardian","Guardian:CurlUp+1","Guardian:TwinSlam","Guardian:ShieldSpikes","Guardian:GatlingBeam+1","Guardian:Preprogram+1","Guardian:BronzeArmor","Guardian:DonusPower","Guardian:StasisField","Guardian:ShieldCharger","Guardian:Gem_Synthetic"],"relics":["Guardian:ModeShifter","Anchor","Orichalcum","Strange Spoon","Frozen Egg 2","Guardian:PickAxe","SacredBark"],"acts_visited":["Exordium","TheCity"],"potions_floor_usage":[12,12,14,14,16],"damage_taken":[{"damage":13,"enemies":"Cultist","floor":2,"turns":8},{"damage":0,"enemies":"downfall:FleeingMerchant","floor":3,"turns":4},{"damage":3,"enemies":"Small Slimes","floor":4,"turns":4},{"damage":5,"enemies":"Jaw Worm","floor":5,"turns":6},{"damage":0,"enemies":"Exordium Wildlife","floor":8,"turns":4},{"damage":0,"enemies":"downfall:FleeingMerchant","floor":11,"turns":6},{"damage":0,"enemies":"Lagavulin","floor":12,"turns":4},{"damage":14,"enemies":"3 Sentries","floor":14,"turns":12},{"damage":0,"enemies":"3 Louse","floor":15,"turns":5},{"damage":52,"enemies":"IC_STATUS_ARCHETYPE","floor":16,"turns":16}],"seed_played":"16575065225080081","potions_obtained":[{"floor":2,"key":"Block Potion"},{"floor":5,"key":"hexamod:SoulburnPotion"},{"floor":8,"key":"champ:CounterPotion"},{"floor":12,"key":"ColorlessPotion"},{"floor":15,"key":"Explosive Potion"},{"floor":16,"key":"Guardian:DefensiveModePotion"}],"is_trial":false,"path_per_floor":["R","M","$","M","M","R","T","M","R","T","$","E","?","E","M","B",null],"character_chosen":"GUARDIAN","items_purchased":["Strange Spoon"],"campfire_rested":0,"item_purchase_floors":[11],"current_hp_per_floor":[88,75,75,72,67,67,67,67,67,67,67,67,72,58,58,6,93,93,93],"gold":174,"neow_bonus":"TEN_PERCENT_HP_BONUS","is_daily":false,"chose_seed":false,"campfire_upgraded":3,"win_rate":0.0,"timestamp":1613158804,"path_taken":["R","M","$","M","M","R","T","M","R","?","$","E","?","E","M","BOSS"],"items_purchased_type":["Relic"],"build_version":"2020-12-22","purchased_purges":0,"victory":false,"max_hp_per_floor":[88,88,88,88,88,88,88,88,88,88,88,88,93,93,93,93,93,93,93],"relic_stats":{"Strange Spoon":[5],"counters":[10,69],"Orichalcum":[42],"obtain_stats":[{"Guardian:PickAxe":14,"Strange Spoon":11,"Anchor":7,"SacredBark":17,"Guardian:ModeShifter":0,"Orichalcum":10,"Frozen Egg 2":12},{"Guardian:PickAxe":8,"Strange Spoon":6,"Anchor":4,"SacredBark":10,"Guardian:ModeShifter":0,"Orichalcum":5,"Frozen Egg 2":7},{"Guardian:PickAxe":48,"Strange Spoon":32,"Anchor":22,"SacredBark":69,"Guardian:ModeShifter":0,"Orichalcum":26,"Frozen Egg 2":36}]},"card_choices":[{"not_picked":["Guardian:PiercingHide","Guardian:Gem_Cyan"],"picked":"Guardian:Gem_Blue","floor":2},{"not_picked":["Guardian:Gem_White","Guardian:Gem_Purple"],"picked":"Guardian:ShieldSpikes","floor":3},{"not_picked":["Guardian:RefractedBeam","Guardian:PrimingBeam"],"picked":"Guardian:Gem_Yellow","floor":4},{"not_picked":["Guardian:Reroute","Guardian:TemporalShield"],"picked":"Guardian:GatlingBeam","floor":5},{"not_picked":["Guardian:Emergency","Guardian:Gem_Lightblue"],"picked":"Guardian:Preprogram","floor":8},{"not_picked":["Guardian:Gem_Lightblue","Guardian:Preprogram"],"picked":"Guardian:BronzeArmor","floor":11},{"not_picked":["Guardian:BronzeArmor","Guardian:PiercingHide"],"picked":"Guardian:DonusPower","floor":12},{"not_picked":["Guardian:TimeBomb","Guardian:ShieldCharger"],"picked":"Guardian:StasisField","floor":14},{"not_picked":["Guardian:PrimingBeam","Guardian:Gem_Cyan"],"picked":"Guardian:ShieldCharger","floor":15},{"not_picked":["Guardian:GemFire","Guardian:GatlingBeam"],"picked":"Guardian:Gem_Synthetic","floor":16}],"player_experience":59901,"relics_obtained":[{"floor":7,"key":"Anchor"},{"floor":10,"key":"Orichalcum"},{"floor":12,"key":"Frozen Egg 2"},{"floor":14,"key":"Guardian:PickAxe"}],"event_choices":[{"damage_healed":0,"gold_gain":0,"player_choice":"Donut","damage_taken":0,"max_hp_gain":5,"max_hp_loss":0,"event_name":"Big Fish","floor":13,"gold_loss":0}],"is_beta":false,"boss_relics":[{"not_picked":["Busted Crown","Fusion Hammer"],"picked":"SacredBark"}],"items_purged_floors":[],"is_endless":false,"potions_floor_spawned":[2,5,8,12,15,16],"ascension_level":1}}