{"host":"Plmjuhv","time":1613107614,"event":{"mods":["AchievementEnabler","BaseMod","Minty Spire (QoL Compilation)","Relic Stats"],"gold_per_floor":[160,178,128,148,160,160,194,0,53,53,53,86,98,115,115,115,115],"floor_reached":16,"language":"ENG","playtime":616,"items_purged":[],"score":168,"play_id":"27089f93-80ff-4ba1-9417-00792d5b3c50","local_time":"20210212162654","is_ascension_mode":true,"campfire_choices":[{"floor":6,"key":"REST"},{"floor":15,"key":"REST"}],"circlet_count":0,"master_deck":["AscendersBane","Strike_R","Strike_R","Strike_R+1","Defend_R","Defend_R","Defend_R","Defend_R","Bash","Uppercut","Searing Blow","Dual Wield","Rupture","Rage","True Grit","Feed+1","Inflame"],"relics":["Tiny House","Self Forming Clay","Blood Vial","MealTicket"],"acts_visited":["Exordium"],"potions_floor_usage":[5,5,7,7,12],"damage_taken":[{"damage":0,"enemies":"Cultist","floor":1,"turns":3},{"damage":0,"enemies":"Small Slimes","floor":2,"turns":3},{"damage":9,"enemies":"Jaw Worm","floor":4,"turns":4},{"damage":42,"enemies":"Gremlin Gang","floor":5,"turns":5},{"damage":27,"enemies":"Lagavulin","floor":7,"turns":7},{"damage":16,"enemies":"3 Sentries","floor":12,"turns":5},{"damage":2,"enemies":"Red Slaver","floor":13,"turns":3},{"damage":2,"enemies":"Blue Slaver","floor":14,"turns":5},{"damage":51,"enemies":"The Guardian","floor":16,"turns":14}],"seed_played":"1262321389746262828","potions_obtained":[{"floor":0,"key":"Weak Potion"},{"floor":1,"key":"Weak Potion"},{"floor":4,"key":"PowerPotion"},{"floor":5,"key":"Fire Potion"},{"floor":7,"key":"AttackPotion"}],"is_trial":false,"path_per_floor":["M","M","?","M","M","R","E","$","T","?","?","E","M","M","R","B"],"character_chosen":"IRONCLAD","items_purchased":["Feed","Inflame"],"campfire_rested":2,"item_purchase_floors":[8,8],"current_hp_per_floor":[77,77,77,68,26,51,24,24,24,24,24,14,18,18,45,0,0],"gold":115,"neow_bonus":"BOSS_RELIC","is_daily":false,"chose_seed":false,"campfire_upgraded":0,"win_rate":0.0,"timestamp":1613107614,"path_taken":["M","M","?","M","M","R","E","$","T","?","?","E","M","M","R","BOSS"],"items_purchased_type":["Card","Card"],"build_version":"2020-12-18","purchased_purges":0,"victory":false,"max_hp_per_floor":[85,85,85,85,85,85,85,85,85,85,85,89,93,93,93,93,93],"relic_stats":{"Blood Vial":8,"counters":[9,49],"Self Forming Clay":[36],"MealTicket":0,"obtain_stats":[{"Blood Vial":9,"Tiny House":0,"Self Forming Clay":7,"MealTicket":12,"Burning Blood":0},{"Blood Vial":5,"Tiny House":0,"Self Forming Clay":5,"MealTicket":6,"Burning Blood":0},{"Blood Vial":22,"Tiny House":0,"Self Forming Clay":22,"MealTicket":27,"Burning Blood":0}]},"card_choices":[{"not_picked":["Whirlwind","Burning Pact"],"picked":"Uppercut","floor":0},{"not_picked":["Inflame","Carnage"],"picked":"Searing Blow","floor":1},{"not_picked":["Warcry","Body Slam"],"picked":"Dual Wield","floor":2},{"not_picked":["Heavy Blade","Inflame"],"picked":"Rupture","floor":4},{"not_picked":["Whirlwind","Rupture"],"picked":"Rage","floor":5},{"not_picked":["Havoc","Armaments"],"picked":"True Grit","floor":7},{"not_picked":["Sever Soul","Wild Strike","Anger"],"picked":"SKIP","floor":12},{"not_picked":["Warcry","Body Slam","Entrench"],"picked":"SKIP","floor":13},{"not_picked":["Iron Wave","Havoc","Rage"],"picked":"SKIP","floor":14}],"player_experience":312613,"relics_obtained":[{"floor":7,"key":"Self Forming Clay"},{"floor":9,"key":"Blood Vial"},{"floor":12,"key":"MealTicket"}],"event_choices":[{"cards_removed":["Strike_R"],"damage_healed":0,"gold_gain":0,"player_choice":"Card Removal","damage_taken":0,"max_hp_gain":0,"max_hp_loss":0,"event_name":"The Cleric","floor":3,"gold_loss":50},{"damage_healed":0,"gold_gain":0,"player_choice":"Grow","damage_taken":0,"max_hp_gain":0,"max_hp_loss":0,"event_name":"Living Wall","floor":10,"gold_loss":0,"cards_upgraded":["Feed"]},{"cards_removed":["Strike_R"],"damage_healed":0,"gold_gain":0,"player_choice":"Card Removal","damage_taken":0,"max_hp_gain":0,"max_hp_loss":0,"event_name":"Wheel of Change","floor":11,"gold_loss":0}],"is_beta":true,"boss_relics":[],"items_purged_floors":[],"is_endless":false,"potions_floor_spawned":[1,4,5,7],"killed_by":"The Guardian","ascension_level":10}}