{"host":"x7xd4wkamhrqrrvw","time":1613089500,"event":{"mods":["AchievementEnabler","BaseMod","Minty Spire (QoL Compilation)","Relic Stats","StSLib"],"gold_per_floor":[117,137,62,80,98,98,121,155,155,182,195,221,156,169,169,246,246,260,273,289,289,31,31,31,57,80,80,97,97,97,432,432,505,505,524,538,593,593,603,478,478,478],"floor_reached":41,"language":"ENG","playtime":3923,"items_purged":["Strike_G","Strike_G","Strike_G"],"score":812,"play_id":"d301f22d-e882-4453-906d-950c85aa3565","local_time":"20210211222500","is_ascension_mode":true,"campfire_choices":[{"data":"Apotheosis","floor":6,"key":"SMITH"},{"data":"Noxious Fumes","floor":15,"key":"SMITH"},{"data":"Tools of the Trade","floor":23,"key":"SMITH"},{"data":"Crippling Poison","floor":24,"key":"SMITH"},{"floor":29,"key":"REST"},{"floor":32,"key":"REST"}],"circlet_count":0,"master_deck":["AscendersBane","Strike_G","Strike_G","Defend_G","Defend_G","Defend_G","Defend_G","Defend_G","Survivor","Neutralize","Apotheosis+1","Poisoned Stab","Poisoned Stab","Dash","Deadly Poison","Noxious Fumes+1","PiercingWail","Crippling Poison+1","Tools of the Trade+1","Adrenaline","Backflip"],"relics":["Ring of the Snake","Odd Mushroom","WingedGreaves","Pantograph","Darkstone Periapt","StrikeDummy","Velvet Choker","TwistedFunnel","Omamori","Anchor","Old Coin","Cursed Key","Gambling Chip"],"acts_visited":["Exordium","TheCity","TheBeyond"],"potions_floor_usage":[5,5,10,14,20,31,33,36,37,37],"damage_taken":[{"damage":4,"enemies":"Jaw Worm","floor":1,"turns":4},{"damage":2,"enemies":"Small Slimes","floor":2,"turns":4},{"damage":0,"enemies":"2 Louse","floor":4,"turns":2},{"damage":3,"enemies":"Exordium Thugs","floor":5,"turns":5},{"damage":3,"enemies":"The Mushroom Lair","floor":7,"turns":5},{"damage":12,"enemies":"3 Sentries","floor":8,"turns":8},{"damage":11,"enemies":"Gremlin Nob","floor":10,"turns":4},{"damage":0,"enemies":"Looter","floor":11,"turns":3},{"damage":2,"enemies":"3 Sentries","floor":12,"turns":7},{"damage":0,"enemies":"3 Louse","floor":14,"turns":2},{"damage":6,"enemies":"Hexaghost","floor":16,"turns":8},{"damage":15,"enemies":"3 Byrds","floor":18,"turns":4},{"damage":0,"enemies":"Chosen","floor":19,"turns":4},{"damage":0,"enemies":"Snake Plant","floor":20,"turns":5},{"damage":25,"enemies":"Book of Stabbing","floor":25,"turns":6},{"damage":0,"enemies":"Centurion and Healer","floor":28,"turns":5},{"damage":2,"enemies":"Gremlin Leader","floor":31,"turns":5},{"damage":54,"enemies":"Automaton","floor":33,"turns":9},{"damage":0,"enemies":"3 Shapes","floor":35,"turns":2},{"damage":0,"enemies":"3 Darklings","floor":36,"turns":4},{"damage":28,"enemies":"2 Orb Walkers","floor":37,"turns":5},{"damage":9,"enemies":"4 Shapes","floor":39,"turns":4},{"damage":17,"enemies":"Giant Head","floor":41,"turns":9}],"seed_played":"7898763632057844121","potions_obtained":[{"floor":2,"key":"PowerPotion"},{"floor":4,"key":"Ancient Potion"},{"floor":8,"key":"LiquidMemories"},{"floor":11,"key":"Explosive Potion"},{"floor":14,"key":"LiquidBronze"},{"floor":16,"key":"GhostInAJar"},{"floor":25,"key":"ColorlessPotion"},{"floor":31,"key":"Strength Potion"},{"floor":33,"key":"Dexterity Potion"},{"floor":36,"key":"DuplicationPotion"},{"floor":37,"key":"SteroidPotion"}],"is_trial":false,"path_per_floor":["M","M","$","M","M","R","?","E","T","E","M","E","?","M","R","B",null,"M","M","M","?","$","R","R","E","T","?","M","R","?","E","R","B",null,"M","M","?","?","M","$","E"],"character_chosen":"THE_SILENT","items_purchased":["TwistedFunnel"],"campfire_rested":2,"item_purchase_floors":[22],"current_hp_per_floor":[40,38,38,38,35,35,32,20,20,9,9,7,7,7,7,26,56,41,41,41,41,41,41,41,16,16,29,29,48,48,46,65,12,53,53,53,25,25,16,16,0,0],"gold":478,"neow_bonus":"RANDOM_COLORLESS_2","is_daily":false,"chose_seed":false,"campfire_upgraded":4,"win_rate":0.0,"timestamp":1613089500,"path_taken":["M","M","$","M","M","R","?","E","T","E","M","E","?","M","R","BOSS","M","M","M","?","$","R","R","E","T","?","M","R","?","E","R","BOSS","M","M","?","?","M","$","E"],"items_purchased_type":["Relic"],"build_version":"2020-12-22","purchased_purges":3,"victory":false,"max_hp_per_floor":[66,66,66,66,66,66,66,66,66,66,66,66,66,66,66,66,66,66,66,66,66,66,66,66,66,66,66,66,66,66,66,66,66,66,66,66,66,63,63,63,63,63],"relic_stats":{"Darkstone Periapt":0,"counters":[23,114],"Pantograph":26,"Gambling Chip":[6],"Cursed Key":0,"obtain_stats":[{"Darkstone Periapt":10,"TwistedFunnel":22,"Velvet Choker":17,"Omamori":25,"Odd Mushroom":7,"Cursed Key":34,"Old Coin":31,"Anchor":26,"Pantograph":9,"Gambling Chip":37,"WingedGreaves":8,"StrikeDummy":12,"Ring of the Snake":0},{"Darkstone Periapt":7,"TwistedFunnel":14,"Velvet Choker":11,"Omamori":15,"Odd Mushroom":5,"Cursed Key":18,"Old Coin":17,"Anchor":15,"Pantograph":6,"Gambling Chip":21,"WingedGreaves":6,"StrikeDummy":9,"Ring of the Snake":0},{"Darkstone Periapt":32,"TwistedFunnel":65,"Velvet Choker":52,"Omamori":71,"Odd Mushroom":20,"Cursed Key":90,"Old Coin":81,"Anchor":71,"Pantograph":28,"Gambling Chip":101,"WingedGreaves":28,"StrikeDummy":42,"Ring of the Snake":0}],"Ring of the Snake":[46]},"card_choices":[{"not_picked":["Mayhem","The Bomb"],"picked":"Apotheosis","floor":0},{"not_picked":["Sucker Punch","Blade Dance"],"picked":"Poisoned Stab","floor":1},{"not_picked":["Heel Hook","Backflip"],"picked":"Poisoned Stab","floor":2},{"not_picked":["Flechettes","Dodge and Roll"],"picked":"Dash","floor":4},{"not_picked":["Blade Dance","Masterful Stab","Choke"],"picked":"SKIP","floor":5},{"not_picked":["Cloak And Dagger","Choke"],"picked":"Deadly Poison","floor":7},{"not_picked":["Storm of Steel","Quick Slash"],"picked":"Noxious Fumes","floor":8},{"not_picked":["Blur","Prepared"],"picked":"PiercingWail","floor":10},{"not_picked":["Dagger Spray","Blade Dance","Prepared"],"picked":"SKIP","floor":11},{"not_picked":["Expertise","Choke"],"picked":"Crippling Poison","floor":12},{"not_picked":["Acrobatics","Deadly Poison","Noxious Fumes"],"picked":"SKIP","floor":14},{"not_picked":["After Image","Grand Finale"],"picked":"Tools of the Trade","floor":16},{"not_picked":["Blade Dance+1","Deflect","Deadly Poison"],"picked":"SKIP","floor":18},{"not_picked":["Quick Slash","Cloak And Dagger","Expertise"],"picked":"SKIP","floor":19},{"not_picked":["Well Laid Plans","Cloak And Dagger"],"picked":"Adrenaline","floor":20},{"not_picked":["Venomology","Caltrops","Backflip"],"picked":"SKIP","floor":25},{"not_picked":["Deadly Poison","Expertise+1","Underhanded Strike"],"picked":"SKIP","floor":28},{"not_picked":["Terror+1","Underhanded Strike","Quick Slash+1"],"picked":"SKIP","floor":31},{"not_picked":["Poisoned Stab","Concentrate","Caltrops"],"picked":"SKIP","floor":35},{"not_picked":["Backflip","PiercingWail","Terror+1"],"picked":"SKIP","floor":36},{"not_picked":["Blur","Acrobatics"],"picked":"Backflip","floor":39}],"player_experience":456515,"relics_obtained":[{"floor":7,"key":"Odd Mushroom"},{"floor":8,"key":"WingedGreaves"},{"floor":9,"key":"Pantograph"},{"floor":10,"key":"Darkstone Periapt"},{"floor":12,"key":"StrikeDummy"},{"floor":25,"key":"Omamori"},{"floor":26,"key":"Anchor"},{"floor":31,"key":"Old Coin"},{"floor":37,"key":"Gambling Chip"}],"event_choices":[{"damage_healed":0,"gold_gain":0,"player_choice":"Fought Mushrooms","damage_taken":0,"max_hp_gain":0,"max_hp_loss":0,"event_name":"Mushrooms","floor":7,"gold_loss":0},{"damage_healed":0,"gold_gain":0,"player_choice":"Left Gold","damage_taken":0,"max_hp_gain":0,"max_hp_loss":0,"event_name":"World of Goop","floor":13,"gold_loss":65},{"damage_healed":0,"gold_gain":0,"player_choice":"Ignored","damage_taken":0,"max_hp_gain":0,"max_hp_loss":0,"event_name":"The Mausoleum","floor":21,"gold_loss":0},{"damage_healed":13,"gold_gain":0,"player_choice":"Heal","damage_taken":0,"max_hp_gain":0,"max_hp_loss":0,"event_name":"The Library","floor":27,"gold_loss":0},{"damage_healed":0,"gold_gain":0,"player_choice":"Ignored","damage_taken":0,"max_hp_gain":0,"max_hp_loss":0,"event_name":"Vampires","floor":30,"gold_loss":0},{"damage_healed":0,"gold_gain":0,"player_choice":"Fight","damage_taken":0,"max_hp_gain":0,"max_hp_loss":0,"event_name":"Mysterious Sphere","floor":37,"gold_loss":0},{"damage_healed":0,"gold_gain":0,"player_choice":"Max HP","damage_taken":0,"max_hp_gain":0,"max_hp_loss":3,"event_name":"Winding Halls","floor":38,"gold_loss":0}],"is_beta":false,"boss_relics":[{"not_picked":["Ring of the Serpent","Black Star"],"picked":"Velvet Choker"},{"not_picked":["WristBlade","Astrolabe"],"picked":"Cursed Key"}],"items_purged_floors":[3,22,40],"is_endless":false,"potions_floor_spawned":[2,4,8,11,14,16,25,28,31,33,36,37],"killed_by":"Giant Head","ascension_level":16}}