{"host":"m552uo5jodlktm3e","time":1613093906,"event":{"mods":["BaseMod","Colored Powertips","Downfall","Minty Spire (QoL Compilation)","Quick Restart","StSLib"],"gold_per_floor":[99,118,135,151,162,172,172,3,103,132,232,259,292,292,305,408,408,408,421,435,435,435,463,539,577,589,261,272,283,283,356,370,471,471,471,481,493,95,109,109,109,109,121,121,121,168,68,96,110,110],"floor_reached":51,"language":"ENG","playtime":3628,"items_purged":["Injury","champ:Defend"],"score":1021,"play_id":"80275976-1603-4ceb-a19e-6a0323491d6d","local_time":"20210211173826","is_ascension_mode":true,"campfire_choices":[{"data":"champ:Taunt","floor":1.0,"key":"SMITH"},{"floor":18,"key":"RECALL"},{"data":"champ:TripleStrike","floor":35,"key":"SMITH"},{"data":"champ:DancingMaster","floor":45,"key":"SMITH"},{"data":"champ:PerfectedStrike","floor":47,"key":"SMITH"}],"circlet_count":0,"master_deck":["champ:Strike","champ:Execute","champ:Taunt+1","champ:FlashCut+1","champ:ArenaPreparation+1","champ:ArenaPreparation","champ:BerserkersShout+1","champ:Duel+1","champ:PerfectedStrike+1","champ:CrookedStrike","champ:FocusedBerserking","champ:MurderStrike","champ:VampiricStrike","CurseOfTheBell","champ:IgnorePain+1","Necronomicurse","champ:CheapShot","champ:DancingMaster+1","champ:TripleStrike+1","champ:FocusedBerserking+1","champ:ArenaPreparation+1","expansioncontent:InvincibleStrength","expansioncontent:AwakenDeath","expansioncontent:AwakenDeath"],"relics":["champ:ChampionCrown","Pen Nib","Matryoshka","Juzu Bracelet","Ancient Tea Set","Odd Mushroom","Question Card","champ:FightingForDummies","Shuriken","Calling Bell","Centennial Puzzle","Singing Bowl","Turnip","Necronomicon","Oddly Smooth Stone","MawBank","Whetstone","Kunai","War Paint","Coffee Dripper","Gremlin Horn","Lantern","Toy Ornithopter","Pocketwatch","downfall:HeartBlessingRed","Thread and Needle"],"acts_visited":["TheCity","TheBeyond"],"potions_floor_usage":[9,9,16,23,25,46],"damage_taken":[{"damage":10.0,"enemies":"Cultist","floor":2.0,"turns":4.0},{"damage":10.0,"enemies":"2 Louse","floor":3.0,"turns":2.0},{"damage":0.0,"enemies":"Small Slimes","floor":4.0,"turns":3.0},{"damage":21.0,"enemies":"3 Louse","floor":5.0,"turns":4.0},{"damage":80.0,"enemies":"Exordium Thugs","floor":6.0,"turns":5.0},{"damage":25.0,"enemies":"downfall:FleeingMerchant","floor":8.0,"turns":4.0},{"damage":50,"enemies":"downfall:Heads","floor":9,"turns":5},{"damage":60,"enemies":"Lagavulin","floor":10,"turns":5},{"damage":29,"enemies":"The Mushroom Lair","floor":12,"turns":3},{"damage":20,"enemies":"Gremlin Nob","floor":13,"turns":2},{"damage":35,"enemies":"Blue Slaver","floor":15,"turns":3},{"damage":30,"enemies":"WA_ARCHETYPE_RETAIN","floor":16,"turns":5},{"damage":20,"enemies":"3 Byrds","floor":19,"turns":4},{"damage":30,"enemies":"Shell Parasite","floor":20,"turns":3},{"damage":44,"enemies":"Slavers","floor":23,"turns":5},{"damage":60,"enemies":"Gremlin Leader","floor":25,"turns":4},{"damage":50,"enemies":"downfall:FleeingMerchant","floor":27,"turns":6},{"damage":15,"enemies":"Shelled Parasite and Fungi","floor":28,"turns":2},{"damage":25,"enemies":"Snecko","floor":29,"turns":2},{"damage":15,"enemies":"downfall:FleeingMerchant","floor":31,"turns":1},{"damage":45,"enemies":"Chosen and Byrds","floor":32,"turns":4},{"damage":152,"enemies":"DF_ARCHETYPE_CLAW","floor":33,"turns":7},{"damage":35,"enemies":"3 Darklings","floor":36,"turns":3},{"damage":46,"enemies":"3 Shapes","floor":37,"turns":2},{"damage":77,"enemies":"Writhing Mass","floor":39,"turns":3},{"damage":58,"enemies":"4 Shapes","floor":43,"turns":2},{"damage":89,"enemies":"2 Orb Walkers","floor":46,"turns":3},{"damage":45,"enemies":"Reptomancer","floor":48,"turns":4},{"damage":50,"enemies":"Sphere and 2 Shapes","floor":49,"turns":3},{"damage":93,"enemies":"SI_POISON_ARCHETYPE","floor":50,"turns":5}],"seed_played":"942896014459164974","potions_obtained":[{"floor":2.0,"key":"Dexterity Potion"},{"floor":3.0,"key":"EssenceOfSteel"},{"floor":6.0,"key":"AttackPotion"},{"floor":10,"key":"BlessingOfTheForge"},{"floor":13,"key":"Swift Potion"},{"floor":16,"key":"Ancient Potion"},{"floor":19,"key":"Block Potion"},{"floor":23,"key":"champ:TechniquePotion"},{"floor":25,"key":"SpeedPotion"},{"floor":33,"key":"LiquidMemories"},{"floor":48,"key":"Block Potion"}],"is_trial":false,"path_per_floor":["R","M","M","M","M","M","T","$","?","E","?","?","E","T","M","B",null,"R","M","M","?","?","E","T","E","?","$","M","M","?","$","M","B",null,"R","M","M","$","M","?","T","$","M","?","R","?","R","E","M","B",null],"character_chosen":"THE_CHAMP","items_purchased":["Juzu Bracelet","Kunai","War Paint","Gremlin Horn","Lantern"],"campfire_rested":0,"item_purchase_floors":[8,27,31,38,38],"current_hp_per_floor":[90,90,90,90,89,84,84,84,74,74,74,65,65,65,65,65,90,90,92,92,76,76,74,74,74,55,57,59,61,105,105,107,30,107,107,104,98,98,98,98,98,98,95,85,85,87,87,99,91,117],"gold":110,"neow_bonus":"RANDOM_COMMON_RELIC","is_daily":false,"chose_seed":false,"campfire_upgraded":4,"win_rate":0.0,"timestamp":1613093906,"path_taken":["R","M","M","?","M","M","T","$","?","E","?","?","E","?","M","BOSS","R","M","M","?","?","E","T","E","?","$","M","M","?","$","M","BOSS","R","M","M","$","M","?","T","?","M","?","R","?","R","E","M","BOSS"],"items_purchased_type":["Relic","Relic","Relic","Relic","Relic"],"build_version":"2020-12-22","purchased_purges":2,"victory":true,"max_hp_per_floor":[90,90,90,90,90,90,90,90,90,90,90,90,90,90,90,90,90,90,92,92,92,92,94,94,94,99,101,103,105,105,105,107,107,107,107,109,109,109,111,111,111,111,111,111,111,113,113,115,117,117],"card_choices":[{"not_picked":["champ:IronFortress","champ:CrownThrow"],"picked":"champ:FlashCut","floor":2.0},{"not_picked":["champ:FlashCut","champ:GutPunch"],"picked":"champ:ArenaPreparation","floor":3.0},{"not_picked":["champ:AdrenalArmor","champ:IronFortress"],"picked":"champ:ArenaPreparation","floor":4.0},{"not_picked":["champ:EnGarde","champ:Haymaker"],"picked":"champ:BerserkersShout","floor":5.0},{"not_picked":["champ:EnGarde","champ:AdrenalArmor"],"picked":"champ:Duel","floor":6.0},{"not_picked":["champ:FlashCut","champ:BladeFlurry","champ:BringItOn"],"picked":"SKIP","floor":8.0},{"not_picked":["champ:FalseCounter","champ:CrownThrow"],"picked":"champ:CrookedStrike","floor":9},{"not_picked":["champ:PerfectedStrike","champ:EnGarde"],"picked":"champ:FocusedBerserking","floor":10},{"not_picked":["champ:TornadoPunch","champ:Backstep"],"picked":"champ:MurderStrike","floor":12},{"not_picked":["champ:ShieldSigil","champ:EnGarde","champ:TornadoPunch"],"picked":"SKIP","floor":13},{"not_picked":["champ:Endure","champ:ArenaPreparation","champ:DefensiveShout"],"picked":"champ:DefensiveStyle","floor":15},{"not_picked":["champ:HeavySlash","champ:SteelEdge","champ:LastStand"],"picked":"champ:VampiricStrike","floor":16},{"not_picked":["champ:ViciousMockery","champ:FlashCut","champ:BladeFlurry","champ:Shatter"],"picked":"Singing Bowl","floor":19},{"not_picked":["champ:GladiatorStyle","champ:RecklessLeap","champ:ShieldSlam"],"picked":"champ:IgnorePain","floor":20},{"not_picked":["champ:EndlessRage+1","champ:CrownThrow","champ:BladeFlurry+1","champ:Parry"],"picked":"Singing Bowl","floor":23},{"not_picked":["champ:Shatter","champ:StanceDance+1","champ:PreciseThrust"],"picked":"champ:CheapShot","floor":25},{"not_picked":["champ:DefensiveShout+1","champ:HeartStrike","champ:BerserkersShout+1","champ:Haymaker"],"picked":"Singing Bowl","floor":27},{"not_picked":["champ:FlashCut","champ:BerserkerStyle","champ:BladeFlurry","champ:PerfectedStrike"],"picked":"Singing Bowl","floor":28},{"not_picked":["champ:EndlessRage","champ:RapidStrikes","champ:EnragedBash","champ:Parry"],"picked":"Singing Bowl","floor":29},{"not_picked":["champ:Haymaker+1","champ:Duel","champ:DefensiveStyle"],"picked":"champ:DancingMaster","floor":31},{"not_picked":["champ:CrownThrow+1","champ:Parry+1","champ:GutPunch","champ:StanceDance"],"picked":"Singing Bowl","floor":32},{"not_picked":["champ:CheapShot","champ:GladiatorForm","champ:StrikeOfGenius"],"picked":"champ:TripleStrike","floor":33},{"not_picked":["champ:ShieldSigil+1","champ:Shatter+1","champ:FlashCut+1","champ:AdrenalArmor+1"],"picked":"Singing Bowl","floor":36},{"not_picked":["champ:FanOfKnives","champ:PreciseThrust","champ:ShieldSigil"],"picked":"champ:FocusedBerserking+1","floor":37},{"not_picked":["champ:GutPunch","champ:BladeFlurry","champ:SetATrap+1","champ:Backstep"],"picked":"Singing Bowl","floor":39},{"not_picked":["champ:FocusedDefense","champ:DeathBlow+1","champ:ViciousMockery"],"picked":"champ:ArenaPreparation+1","floor":43},{"not_picked":["expansioncontent:Hexaburn","expansioncontent:PolyBeam"],"picked":"expansioncontent:InvincibleStrength","floor":44},{"not_picked":["expansioncontent:GuardianWhirl","expansioncontent:PolyBeam"],"picked":"expansioncontent:AwakenDeath","floor":44},{"not_picked":["expansioncontent:Chronoboost","expansioncontent:Hexaburn"],"picked":"expansioncontent:AwakenDeath","floor":44},{"not_picked":["champ:TornadoPunch","champ:BladeFlurry","champ:EndlessRage","champ:ShieldSigil+1"],"picked":"Singing Bowl","floor":46},{"not_picked":["champ:BladeFlurry+1","champ:ShieldSigil+1","champ:EnragedBash+1","champ:ShieldWall"],"picked":"Singing Bowl","floor":48},{"not_picked":["champ:AdrenalArmor","champ:Shatter","champ:HeartStrike","champ:Duel"],"picked":"Singing Bowl","floor":49}],"player_experience":1053074,"relics_obtained":[{"floor":7.0,"key":"Matryoshka"},{"floor":10,"key":"Ancient Tea Set"},{"floor":12,"key":"Odd Mushroom"},{"floor":13,"key":"Question Card"},{"floor":14,"key":"champ:FightingForDummies"},{"floor":14,"key":"Shuriken"},{"floor":17,"key":"Centennial Puzzle"},{"floor":17,"key":"Singing Bowl"},{"floor":17,"key":"Turnip"},{"floor":21,"key":"Necronomicon"},{"floor":23,"key":"Oddly Smooth Stone"},{"floor":24,"key":"MawBank"},{"floor":25,"key":"Whetstone"},{"floor":41,"key":"Toy Ornithopter"},{"floor":46,"key":"Pocketwatch"},{"floor":48,"key":"Thread and Needle"}],"event_choices":[{"damage_healed":0,"gold_gain":0,"player_choice":"Fought Mushrooms","damage_taken":0,"max_hp_gain":0,"max_hp_loss":0,"event_name":"Mushrooms","floor":12,"gold_loss":0},{"cards_removed":["champ:DefensiveStyle"],"damage_healed":44,"gold_gain":0,"player_choice":"Offered Uncommon","damage_taken":0,"max_hp_gain":0,"max_hp_loss":0,"event_name":"Bonfire Elementals","floor":30,"gold_loss":0},{"cards_removed":["champ:Defend"],"damage_healed":0,"gold_gain":0,"player_choice":"Card Removal","damage_taken":0,"max_hp_gain":0,"max_hp_loss":0,"event_name":"Wheel of Change","floor":40,"gold_loss":0},{"damage_healed":0,"gold_gain":0,"player_choice":"Fight","damage_taken":0,"max_hp_gain":0,"max_hp_loss":0,"event_name":"Mysterious Sphere","floor":46,"gold_loss":0}],"is_beta":false,"boss_relics":[{"not_picked":["Black Star","Runic Dome"],"picked":"Calling Bell"},{"not_picked":["Snecko Eye","champ:ChampionCrownUpgraded"],"picked":"Coffee Dripper"}],"items_purged_floors":[27,31],"is_endless":false,"potions_floor_spawned":[2,3,6,10,13,16,19,23,25,32,33,37,43,48],"ascension_level":1}}