{"host":"e2ju6k0wppswbhbd","time":1613158284,"event":{"mods":["BaseMod","Minty Spire (QoL Compilation)","Rare Cards Sparkle","StSLib"],"gold_per_floor":[119,129,142,161,161,188,215,68,114,126,126,141,170,189,189,290,290,307,327,342,267,267,267,300,58,58,68,84,84,84],"floor_reached":29,"language":"FRA","playtime":3533,"items_purged":["Defend_G"],"score":259,"play_id":"c1b216ad-28f8-4213-bf02-750a943bb75d","local_time":"20210212203124","is_ascension_mode":false,"campfire_choices":[{"floor":11,"key":"REST"},{"floor":15,"key":"RECALL"},{"data":"Backflip","floor":23,"key":"SMITH"}],"circlet_count":0,"master_deck":["Strike_G","Strike_G+1","Strike_G+1","Strike_G","Defend_G","Defend_G+1","Defend_G+1","Defend_G+1","Survivor","Neutralize+1","Dagger Throw","Backflip+1","Caltrops","Cloak And Dagger","Heel Hook+1","Dagger Spray","Noxious Fumes+1","Reflex","Footwork+1","Well Laid Plans+1","Quick Slash","Die Die Die","Sucker Punch+1","Deadly Poison+1","Bouncing Flask","Leg Sweep+1","Dramatic Entrance","Deadly Poison+1","Flying Knee+1"],"relics":["Ring of the Snake","Frozen Egg 2","Odd Mushroom","War Paint","Whetstone","Sozu","MutagenicStrength","Orichalcum","DollysMirror"],"acts_visited":["Exordium","TheCity"],"potions_floor_usage":[6,12,13,19,19],"damage_taken":[{"damage":0,"enemies":"2 Louse","floor":1,"turns":4},{"damage":0,"enemies":"Jaw Worm","floor":2,"turns":3},{"damage":0,"enemies":"Small Slimes","floor":3,"turns":4},{"damage":0,"enemies":"Looter","floor":4,"turns":4},{"damage":17,"enemies":"3 Sentries","floor":6,"turns":8},{"damage":8,"enemies":"The Mushroom Lair","floor":7,"turns":5},{"damage":1,"enemies":"Exordium Wildlife","floor":10,"turns":3},{"damage":0,"enemies":"Gremlin Gang","floor":12,"turns":4},{"damage":5,"enemies":"Lagavulin","floor":13,"turns":10},{"damage":0,"enemies":"Large Slime","floor":14,"turns":5},{"damage":2,"enemies":"Hexaghost","floor":16,"turns":10},{"damage":2,"enemies":"3 Byrds","floor":18,"turns":3},{"damage":10,"enemies":"2 Thieves","floor":19,"turns":3},{"damage":18,"enemies":"Centurion and Healer","floor":20,"turns":5},{"damage":20,"enemies":"Gremlin Leader","floor":24,"turns":5},{"damage":15,"enemies":"Snake Plant","floor":27,"turns":3},{"damage":2,"enemies":"Cultist and Chosen","floor":28,"turns":5},{"damage":4,"enemies":"Sentry and Sphere","floor":29,"turns":3}],"seed_played":"-8414276580328517399","potions_obtained":[{"floor":2,"key":"SteroidPotion"},{"floor":6,"key":"SteroidPotion"},{"floor":7,"key":"GamblersBrew"},{"floor":13,"key":"Energy Potion"},{"floor":16,"key":"Dexterity Potion"}],"is_trial":false,"path_per_floor":["M","M","M","M","?","E","?","$","T","M","R","M","E","M","R","B",null,"M","M","M","?","?","R","E","$","T","M","M","M"],"character_chosen":"THE_SILENT","items_purchased":["Noxious Fumes+1","Dramatic Entrance","DollysMirror"],"campfire_rested":1,"item_purchase_floors":[8,25,25],"current_hp_per_floor":[70,70,70,70,56,39,31,31,31,30,51,51,46,46,46,44,70,68,58,40,40,40,40,20,20,20,5,3,0,0],"gold":84,"neow_bonus":"UPGRADE_CARD","is_daily":false,"chose_seed":false,"campfire_upgraded":1,"win_rate":0.0,"timestamp":1613158284,"path_taken":["M","M","M","M","?","E","?","$","T","M","R","M","E","M","R","BOSS","M","M","M","?","?","R","E","?","T","M","M","?"],"items_purchased_type":["Card","Card","Relic"],"build_version":"2020-12-22","purchased_purges":1,"victory":false,"max_hp_per_floor":[70,70,70,70,70,70,70,70,70,70,70,70,70,70,70,70,70,70,70,70,70,70,70,70,70,70,70,70,70,70],"card_choices":[{"not_picked":["Prepared","Concentrate"],"picked":"Dagger Throw","floor":1},{"not_picked":["Poisoned Stab","Sucker Punch"],"picked":"Backflip","floor":2},{"not_picked":["Prepared","Backflip"],"picked":"Caltrops","floor":3},{"not_picked":["Acrobatics","Reflex"],"picked":"Cloak And Dagger","floor":4},{"not_picked":["Expertise","Concentrate"],"picked":"Heel Hook","floor":6},{"not_picked":["Heel Hook","Burst"],"picked":"Dagger Spray","floor":7},{"not_picked":["Dodge and Roll","Outmaneuver"],"picked":"Reflex","floor":10},{"not_picked":["PiercingWail","Prepared"],"picked":"Footwork+1","floor":12},{"not_picked":["Cloak And Dagger","Acrobatics"],"picked":"Well Laid Plans+1","floor":13},{"not_picked":["Slice","Deflect"],"picked":"Quick Slash","floor":14},{"not_picked":["Glass Knife","Unload"],"picked":"Die Die Die","floor":16},{"not_picked":["Quick Slash","Bane"],"picked":"Sucker Punch+1","floor":18},{"not_picked":["Concentrate","Reflex"],"picked":"Deadly Poison+1","floor":19},{"not_picked":["Distraction","Quick Slash"],"picked":"Bouncing Flask","floor":20},{"not_picked":["Sucker Punch+1","Endless Agony"],"picked":"Leg Sweep+1","floor":24},{"not_picked":["Deflect","Prepared+1"],"picked":"Flying Knee+1","floor":27},{"not_picked":["Bane","Flechettes","Skewer"],"picked":"SKIP","floor":28}],"player_experience":2836498,"relics_obtained":[{"floor":6,"key":"Frozen Egg 2"},{"floor":7,"key":"Odd Mushroom"},{"floor":9,"key":"War Paint"},{"floor":13,"key":"Whetstone"},{"floor":24,"key":"Orichalcum"}],"event_choices":[{"damage_healed":0,"gold_gain":0,"player_choice":"Entered Light","damage_taken":14,"max_hp_gain":0,"max_hp_loss":0,"event_name":"Shining Light","floor":5,"gold_loss":0,"cards_upgraded":["Strike_G","Defend_G"]},{"damage_healed":0,"gold_gain":0,"player_choice":"Fought Mushrooms","damage_taken":0,"max_hp_gain":0,"max_hp_loss":0,"event_name":"Mushrooms","floor":7,"gold_loss":0},{"cards_removed":["Strike_G"],"damage_healed":0,"gold_gain":0,"player_choice":"Gave Gold","damage_taken":0,"max_hp_gain":0,"max_hp_loss":0,"event_name":"Beggar","floor":21,"gold_loss":75},{"damage_healed":0,"gold_gain":0,"player_choice":"Inject Mutagens","damage_taken":0,"relics_obtained":["MutagenicStrength"],"max_hp_gain":0,"max_hp_loss":0,"event_name":"Drug Dealer","floor":22,"gold_loss":0}],"is_beta":false,"boss_relics":[{"not_picked":["Velvet Choker","Runic Pyramid"],"picked":"Sozu"}],"items_purged_floors":[8],"is_endless":false,"potions_floor_spawned":[2,6,7,13,16,18,28],"killed_by":"Sentry and Sphere","ascension_level":0}}