{"host":"fxrgx7wt2cpkbhka","time":1613126717,"event":{"mods":["AchievementEnabler","BaseMod","Colored Powertips","Dark Map","Minty Spire (QoL Compilation)","Permanent Neow","Quick Restart","Slay-I","StSLib","Waifu the Spire"],"gold_per_floor":[110,110,121,46,121,121,196,196,196],"floor_reached":8,"language":"ENG","playtime":133,"items_purged":["Strike_B"],"score":75,"play_id":"06e2b4c3-6c78-4453-a70a-14c4c7902004","local_time":"20210212024517","is_ascension_mode":true,"campfire_choices":[{"data":"Gash","floor":6,"key":"SMITH"}],"circlet_count":0,"master_deck":["AscendersBane","Strike_B","Strike_B","Strike_B+1","Defend_B","Defend_B","Defend_B","Defend_B+1","Zap","Dualcast","Gash+1","Go for the Eyes"],"relics":["Cracked Core"],"acts_visited":["Exordium"],"potions_floor_usage":[],"damage_taken":[{"damage":0,"enemies":"2 Louse","floor":1,"turns":1},{"damage":0,"enemies":"Cultist","floor":3,"turns":3},{"damage":32,"enemies":"Lagavulin","floor":8,"turns":8}],"seed_played":"7747636859163334277","potions_obtained":[],"is_trial":false,"path_per_floor":["M","?","M","$","?","R","?","E"],"character_chosen":"DEFECT","items_purchased":[],"campfire_rested":0,"item_purchase_floors":[],"current_hp_per_floor":[64,50,50,50,39,39,32,0,0],"gold":196,"neow_bonus":"THREE_CARDS","is_daily":false,"chose_seed":false,"campfire_upgraded":1,"win_rate":0.0,"timestamp":1613126717,"path_taken":["M","?","M","$","?","R","?","E"],"items_purchased_type":[],"build_version":"2020-12-22","purchased_purges":1,"victory":false,"max_hp_per_floor":[71,71,71,71,71,71,71,71,71],"card_choices":[{"not_picked":["Stack","Go for the Eyes"],"picked":"Gash","floor":0},{"not_picked":["Hologram","Gash","Beam Cell"],"picked":"SKIP","floor":1},{"not_picked":["Cold Snap","Steam"],"picked":"Go for the Eyes","floor":3}],"player_experience":772169,"relics_obtained":[],"event_choices":[{"damage_healed":0,"gold_gain":0,"player_choice":"Entered Light","damage_taken":14,"max_hp_gain":0,"max_hp_loss":0,"event_name":"Shining Light","floor":2,"gold_loss":0,"cards_upgraded":["Defend_B","Strike_B"]},{"damage_healed":0,"gold_gain":75,"player_choice":"Gather Gold","damage_taken":11,"max_hp_gain":0,"max_hp_loss":0,"event_name":"World of Goop","floor":5,"gold_loss":0},{"damage_healed":0,"gold_gain":75,"player_choice":"Touch","damage_taken":7,"max_hp_gain":0,"max_hp_loss":0,"event_name":"FaceTrader","floor":7,"gold_loss":0}],"is_beta":false,"boss_relics":[],"items_purged_floors":[4],"is_endless":false,"potions_floor_spawned":[],"killed_by":"Lagavulin","ascension_level":14}}