{"host":"6to8m083wj0ro91z","time":1613171777,"event":{"mods":["BaseMod","Better Third Choice","BetterRewards","CatGirl Mod","ChefMod","Friendly Minions","Hubris","Mad Scientist","Marisa????????","Minty Spire (QoL Compilation)","Robot Space Explorer","Shade Mod","Spicy Shops","StSLib","The Blackbeard","The Death Knight","The Elementalist","The Forsaken","The Gatherer","The Marked","The Mystic","The Necromancer","The Runesmith","The Servant 0.9.4","The Showman","The Vixen","Yohane!"],"gold_per_floor":[117,117,192,211,221,221,253,265,292,327,327,327,359,54,54,158,158,172,183,193,292,302,330,356,391,417,428,428,441,441,467,467,562,562,579,594,594,594,594,594,594,594,618,651,552,584,584,594,594,594,594,594,19,47,47],"floor_reached":56,"language":"ENG","playtime":2463,"items_purged":["theMarked:Strike","theMarked:Strike","theMarked:Strike","theMarked:Defend","theMarked:Strike","theMarked:Strike","theMarked:Defend+1"],"score":2138,"play_id":"4558aa35-1c59-46de-917f-6a1da3bd7b6a","local_time":"20210213001617","is_ascension_mode":true,"campfire_choices":[{"data":"theMarked:RepellingDischarge","floor":6,"key":"SMITH"},{"data":"theMarked:OneWithTheBlade","floor":11,"key":"SMITH"},{"floor":15,"key":"RECALL"},{"data":"theMarked:RepellingDischarge","floor":30,"key":"SMITH"},{"data":"theMarked:ThrowWeapon","floor":32,"key":"SMITH"},{"floor":40,"key":"REST"},{"floor":42,"key":"REST"},{"data":"theMarked:RepellingDischarge","floor":49,"key":"SMITH"},{"data":"theMarked:Polarize","floor":52,"key":"SMITH"}],"circlet_count":0,"master_deck":["theMarked:Defend+1","theMarked:SoldierOfQuellstein+1","theMarked:GodGivenPower+1","theMarked:RepellingDischarge+1","theMarked:OneWithTheBlade+1","theMarked:ThrowWeapon+1","theMarked:RepellingDischarge+1","theMarked:EternalStudent+1","theMarked:Polarize+1","theMarked:RepellingDischarge+1","Good Instincts"],"relics":["theMarked:ArtifactOfAir","Lee\u0027s Waffle","Oddly Smooth Stone","Pen Nib","Bronze Scales","Medical Kit","Turnip","War Paint","Membership Card","Bag of Marbles","theMarked:Gun","Strawberry","hubris:Metronome","hubris:FunFungus","hubris:EmptyBottle","Bag of Preparation","hubris:VirtuousBlindfold","Tiny Chest","Juzu Bracelet","Lantern","hubris:Towel","Happy Flower","SacredBark","Singing Bowl","theForsaken:Gavel","hubris:ToyBattleship","Vajra","Centennial Puzzle","ClockworkSouvenir","TheAbacus","CaptainsWheel","Shuriken","DeathKnight:PutricidesVial"],"acts_visited":["Exordium","TheCity","TheBeyond","TheEnding"],"potions_floor_usage":[14,14,23,23,55,55,55,55,55],"damage_taken":[{"damage":0,"enemies":"Small Slimes","floor":1,"turns":3},{"damage":0,"enemies":"2 Louse","floor":4,"turns":1},{"damage":0,"enemies":"Jaw Worm","floor":5,"turns":3},{"damage":0,"enemies":"Lagavulin","floor":7,"turns":5},{"damage":0,"enemies":"Blue Slaver","floor":8,"turns":2},{"damage":0,"enemies":"Gremlin Nob","floor":10,"turns":3},{"damage":0,"enemies":"Lagavulin","floor":13,"turns":5},{"damage":0,"enemies":"Slime Boss","floor":16,"turns":5},{"damage":0,"enemies":"2 Thieves","floor":18,"turns":2},{"damage":0,"enemies":"Spheric Guardian","floor":19,"turns":2},{"damage":0,"enemies":"Chosen and Byrds","floor":20,"turns":3},{"damage":0,"enemies":"3 Cultists","floor":22,"turns":3},{"damage":0,"enemies":"Gremlin Leader","floor":23,"turns":4},{"damage":0,"enemies":"Slavers","floor":25,"turns":4},{"damage":0,"enemies":"Snecko","floor":27,"turns":2},{"damage":0,"enemies":"Shelled Parasite and Fungi","floor":29,"turns":3},{"damage":0,"enemies":"Gremlin Leader","floor":31,"turns":3},{"damage":0,"enemies":"Automaton","floor":33,"turns":5},{"damage":0,"enemies":"Orb Walker","floor":35,"turns":2},{"damage":0,"enemies":"3 Shapes","floor":36,"turns":3},{"damage":5,"enemies":"Nemesis","floor":44,"turns":3},{"damage":0,"enemies":"Giant Head","floor":46,"turns":5},{"damage":0,"enemies":"Transient","floor":48,"turns":5},{"damage":0,"enemies":"Donu and Deca","floor":50,"turns":6},{"damage":0,"enemies":"Shield and Spear","floor":54,"turns":3},{"damage":0,"enemies":"The Heart","floor":55,"turns":5}],"seed_played":"-9126604872690677055","potions_obtained":[{"floor":4,"key":"Swift Potion"},{"floor":5,"key":"AttackPotion"},{"floor":16,"key":"Weak Potion"},{"floor":20,"key":"Ancient Potion"},{"floor":25,"key":"FearPotion"},{"floor":48,"key":"EssenceOfSteel"}],"is_trial":false,"path_per_floor":["M","?","?","M","M","R","E","M","T","E","R","?","E","$","R","B",null,"M","M","M","?","M","E","T","E","T","M","?","M","R","E","R","B",null,"M","M","?","T","?","R","?","R","T","E","$","E","?","M","R","B",null,"R","$","E","B",null],"character_chosen":"THE_DEFAULT","items_purchased":["Lee\u0027s Waffle","Oddly Smooth Stone","Pen Nib","Bronze Scales","Medical Kit","Turnip","theMarked:GodGivenPower","War Paint","Membership Card","theMarked:RepellingDischarge","Bag of Marbles","Block Potion","hubris:EmptyBottle","Fruit Juice","Bag of Preparation","Vajra","theMarked:RepellingDischarge","ClockworkSouvenir","TheAbacus","CaptainsWheel","Shuriken","EssenceOfSteel"],"campfire_rested":2,"item_purchase_floors":[0,0,0,0,0,0,0,0,0,0,0,0,14,14,14,45,45,53,53,53,53,53],"current_hp_per_floor":[77,70,59,59,59,59,59,59,66,66,66,66,66,76,76,76,94,94,94,94,94,94,94,94,94,94,94,94,94,94,94,94,94,94,94,94,66,66,68,96,99,99,99,96,96,98,92,96,96,99,107,107,107,109,109],"gold":47,"neow_bonus":"","is_daily":false,"chose_seed":false,"campfire_upgraded":6,"win_rate":0.0,"timestamp":1613171777,"path_taken":["M","?","?","M","M","R","E","?","T","E","R","?","E","$","R","BOSS","M","?","M","?","M","E","?","E","T","M","?","M","R","E","R","BOSS","M","M","?","?","?","R","?","R","T","E","$","E","?","M","R","BOSS","R","$","E","BOSS"],"items_purchased_type":["Relic","Relic","Relic","Relic","Relic","Relic","Card","Relic","Relic","Card","Relic","Potion","Relic","Potion","Relic","Relic","Card","Relic","Relic","Relic","Relic","Potion"],"build_version":"2020-12-22","purchased_purges":7,"victory":true,"max_hp_per_floor":[77,77,77,77,77,77,77,77,84,84,84,84,84,94,94,94,94,94,94,94,94,94,94,94,94,94,94,94,94,94,94,94,94,94,94,94,94,94,96,96,99,99,99,99,99,101,105,107,107,107,107,107,107,109,109],"card_choices":[{"not_picked":["theMarked:Aftermath","theMarked:EmpowerWeapon","theMarked:CreepingChasm"],"picked":"SKIP","floor":1},{"not_picked":["theMarked:ResourceFulStrike","theMarked:Improvise"],"picked":"theMarked:OneWithTheBlade","floor":4},{"not_picked":["theMarked:WardOff","theMarked:Frustration","theMarked:TakeCover"],"picked":"SKIP","floor":5},{"not_picked":["theMarked:WardOff","theMarked:BanishingStrike","theMarked:Pokerface"],"picked":"SKIP","floor":7},{"not_picked":["theMarked:EmpowerWeapon","theMarked:Opportunist","theMarked:TakeCover"],"picked":"SKIP","floor":8},{"not_picked":["theMarked:Toughness","theMarked:Improvise","theMarked:TheMission"],"picked":"SKIP","floor":10},{"not_picked":["theMarked:WastefulAttack","theMarked:Aftermath","theMarked:BanishingStrike"],"picked":"SKIP","floor":13},{"not_picked":["theMarked:Defy","theMarked:UnarmedFury"],"picked":"theMarked:ThrowWeapon","floor":16},{"not_picked":["theMarked:BanishingStrike+1","theMarked:Maelstrom","theMarked:EnhanceMovement"],"picked":"SKIP","floor":18},{"not_picked":["theMarked:ResourceFulStrike","theMarked:KeepCalmAndFight+1","theMarked:HeightenedSenses"],"picked":"SKIP","floor":19},{"not_picked":["theMarked:Electrify","theMarked:WardOff+1"],"picked":"theMarked:RepellingDischarge","floor":20},{"not_picked":["theMarked:Parkour","theMarked:AttractMetal","theMarked:WardOff"],"picked":"SKIP","floor":22},{"not_picked":["theMarked:Parkour","theMarked:MuscleMemory","theMarked:ElectricStrings"],"picked":"SKIP","floor":23},{"not_picked":["theMarked:Aftermath","theMarked:Indomitable","theMarked:DispelDoubt"],"picked":"SKIP","floor":25},{"not_picked":["theMarked:Frustration","theMarked:Improvise","theMarked:HeightenedSenses+1"],"picked":"SKIP","floor":27},{"not_picked":["theMarked:Frustration","theMarked:RogueSparks","theMarked:Opportunist"],"picked":"SKIP","floor":29},{"not_picked":["theMarked:ResourceFulStrike","theMarked:SwordAndMagic","theMarked:Improvise"],"picked":"SKIP","floor":31},{"not_picked":["theMarked:TakeOffHeels","theMarked:DispelDoubt"],"picked":"theMarked:EternalStudent","floor":33},{"not_picked":["theMarked:MysticalArsenal","theMarked:TwofoldDefense+1","theMarked:Memento"],"picked":"SKIP","floor":35},{"not_picked":["theMarked:Maelstrom","theMarked:TheMission","theMarked:WardOff"],"picked":"SKIP","floor":36},{"not_picked":["Forethought","Metamorphosis","HandOfGreed"],"picked":"Singing Bowl","floor":39},{"not_picked":["theMarked:ComboAttacks","theMarked:Frustration+1"],"picked":"theMarked:Polarize","floor":44},{"not_picked":["theMarked:ChainLightning","theMarked:HeightenedSenses","theMarked:Overthink"],"picked":"Singing Bowl","floor":46},{"not_picked":["Secret Technique","Panache","Swift Strike"],"picked":"Singing Bowl","floor":47},{"not_picked":["Mayhem","Mind Blast"],"picked":"Good Instincts","floor":47},{"not_picked":["Secret Technique","Apotheosis","Mayhem"],"picked":"Singing Bowl","floor":47},{"not_picked":["theMarked:ComboAttacks","theMarked:Opportunist+1","theMarked:EmpowerWeapon"],"picked":"Singing Bowl","floor":48},{"not_picked":["theMarked:Challenge","theMarked:MysticalArsenal+1","theMarked:EmpowerWeapon"],"picked":"Singing Bowl","floor":54}],"player_experience":1147187,"relics_obtained":[{"floor":7,"key":"theMarked:Gun"},{"floor":9,"key":"Strawberry"},{"floor":10,"key":"hubris:Metronome"},{"floor":13,"key":"hubris:FunFungus"},{"floor":23,"key":"Tiny Chest"},{"floor":24,"key":"Juzu Bracelet"},{"floor":25,"key":"Lantern"},{"floor":31,"key":"Happy Flower"},{"floor":38,"key":"Singing Bowl"},{"floor":43,"key":"theForsaken:Gavel"},{"floor":44,"key":"hubris:ToyBattleship"},{"floor":46,"key":"Centennial Puzzle"},{"floor":54,"key":"DeathKnight:PutricidesVial"}],"event_choices":[{"cards_removed":["theMarked:Defend"],"damage_healed":0,"gold_gain":0,"player_choice":"Card Removal","damage_taken":7,"max_hp_gain":0,"max_hp_loss":0,"event_name":"Golden Wing","floor":2,"gold_loss":0},{"damage_healed":0,"gold_gain":75,"player_choice":"Gold","damage_taken":11,"max_hp_gain":0,"max_hp_loss":0,"event_name":"betterThird:BetterGoop","floor":3,"gold_loss":0},{"cards_removed":["OortCloud"],"damage_healed":0,"gold_gain":0,"player_choice":"Took Card","damage_taken":0,"max_hp_gain":0,"max_hp_loss":0,"event_name":"NoteForYourself","floor":12,"gold_loss":0,"cards_obtained":["OortCloud"]},{"damage_healed":0,"gold_gain":99,"player_choice":"Steal","damage_taken":0,"max_hp_gain":0,"max_hp_loss":0,"event_name":"betterThird:BetterNest","floor":21,"gold_loss":0},{"damage_healed":0,"gold_gain":0,"player_choice":"Random: Blue","damage_taken":0,"max_hp_gain":0,"max_hp_loss":0,"event_name":"betterThird:BetterPortal","floor":39,"gold_loss":0},{"damage_healed":0,"gold_gain":0,"player_choice":"Memory 1","damage_taken":0,"max_hp_gain":0,"max_hp_loss":0,"event_name":"SensoryStone","floor":39,"gold_loss":0},{"damage_healed":0,"gold_gain":0,"player_choice":"Memory 3","damage_taken":10,"max_hp_gain":0,"max_hp_loss":0,"event_name":"SensoryStone","floor":47,"gold_loss":0}],"is_beta":false,"boss_relics":[{"not_picked":["Calling Bell","Fusion Hammer"],"picked":"hubris:VirtuousBlindfold"},{"not_picked":["Black Star","hubris:TerracottaHorce"],"picked":"SacredBark"}],"items_purged_floors":[0,0,0,0,0,14,53],"is_endless":false,"potions_floor_spawned":[4,5,13,16,20,22,25,27,35,48,54],"ascension_level":1}}