{"host":"v9duy90nce28uent","time":1613108277,"event":{"mods":["BaseMod","Colored Map","Colored Powertips","Downfall","Hermit","Highlight Path","Infinite Spire","Minty Spire (QoL Compilation)","Replay The Spire","StSLib","The Cursed"],"gold_per_floor":[111,129,140,157,171,171,185,185,239,58,71,21,21,36,36,136,136,126,2,2,19,19,19,19],"floor_reached":23,"language":"ENG","playtime":1885,"items_purged":["Defend_B"],"score":185,"play_id":"cf4024d1-ab61-4753-b67f-adeadf411545","local_time":"20210212003757","is_ascension_mode":false,"campfire_choices":[{"data":"Zap","floor":6,"key":"SMITH"},{"data":"Steam","floor":8,"key":"SMITH"},{"data":"Chill","floor":15,"key":"SMITH"}],"circlet_count":0,"master_deck":["Strike_B","Strike_B","Strike_B","Defend_B","Defend_B","Defend_B","Zap+1","Dualcast","Cold Snap","BootSequence","Steam+1","Cold Snap+1","Chill+1","Steam Power","Redo","Decay","Slimebound:Tackle","Mirror Shield","Specialist","infinitespire:TheBestDefense","Leap","Barrage","Crystallizer","infinitespire:TheBestDefense"],"relics":["Cracked Core","NeowsBlessing","MawBank","StoneCalendar","ReplayTheSpireMod:SealedPack"],"acts_visited":["Exordium","TheCity"],"potions_floor_usage":[],"damage_taken":[{"damage":0,"enemies":"Cultist","floor":1,"turns":1},{"damage":0,"enemies":"infinitespire:Voidling","floor":2,"turns":1},{"damage":0,"enemies":"Small Slimes","floor":3,"turns":1},{"damage":0,"enemies":"Exordium Wildlife","floor":4,"turns":2},{"damage":0,"enemies":"Exordium Thugs","floor":5,"turns":5},{"damage":0,"enemies":"Blue Slaver","floor":7,"turns":3},{"damage":0,"enemies":"3 Louse","floor":11,"turns":3},{"damage":0,"enemies":"Large Slime","floor":14,"turns":6},{"damage":42,"enemies":"The Guardian","floor":16,"turns":12},{"damage":16,"enemies":"2 Thieves","floor":18,"turns":5},{"damage":1,"enemies":"Chosen","floor":21,"turns":5},{"damage":49,"enemies":"Slavers","floor":23,"turns":6}],"seed_played":"3830661157937793066","potions_obtained":[{"floor":1,"key":"ColorlessPotion"},{"floor":2,"key":"Adrenaline Potion"},{"floor":14,"key":"hexamod:SoulburnPotion"}],"is_trial":false,"path_per_floor":["M","M","M","M","M","R","M","R","T","$","M","?","T","M","R","B",null,"M","$","?","M","AVR","E"],"character_chosen":"DEFECT","items_purchased":["Cold Snap+1","Chill","Barrage","Crystallizer"],"campfire_rested":0,"item_purchase_floors":[10,10,19,19],"current_hp_per_floor":[75,75,75,75,75,75,75,75,75,75,75,75,75,75,75,33,75,59,59,45,44,44,0,0],"gold":19,"neow_bonus":"THREE_ENEMY_KILL","is_daily":false,"chose_seed":false,"campfire_upgraded":3,"win_rate":0.0,"timestamp":1613108277,"path_taken":["M","M","M","?","?","R","M","R","T","$","M","?","?","M","R","BOSS","M","$","?","M","AVR","E"],"items_purchased_type":["Card","Card","Card","Card"],"build_version":"2020-12-22","purchased_purges":1,"victory":false,"max_hp_per_floor":[75,75,75,75,75,75,75,75,75,75,75,75,75,75,75,75,75,75,75,80,80,80,80,80],"card_choices":[{"not_picked":["Gash","Ball Lightning"],"picked":"Cold Snap","floor":1},{"not_picked":["Compile Driver","Go for the Eyes","Rip and Tear"],"picked":"SKIP","floor":2},{"not_picked":["Creative AI","Leap"],"picked":"BootSequence","floor":3},{"not_picked":["Stack","Skim","Turbo"],"picked":"SKIP","floor":4},{"not_picked":["Compile Driver","Beam Cell","Ball Lightning"],"picked":"SKIP","floor":5},{"not_picked":["Doom and Gloom","Cold Snap"],"picked":"Steam","floor":7},{"not_picked":["ReplayTheSpireMod:Fabricate Wheel","Force Field"],"picked":"Steam Power","floor":11},{"not_picked":["Storm","Cold Snap"],"picked":"Redo","floor":14},{"not_picked":["Guardian:TwinSlam","hexamod:Float"],"picked":"Slimebound:Tackle","floor":17},{"not_picked":["Amplify","Core Surge"],"picked":"Mirror Shield","floor":17},{"not_picked":["Trip","Forethought"],"picked":"Specialist","floor":17},{"not_picked":["ReplayTheSpireMod:??????????????????????","infinitespire:UltimateForm"],"picked":"infinitespire:TheBestDefense","floor":17},{"not_picked":["Sweeping Beam","Turbo"],"picked":"Leap","floor":18},{"not_picked":["Scrape","Ball Lightning","Gash"],"picked":"SKIP","floor":21}],"player_experience":64226,"relics_obtained":[{"floor":9,"key":"MawBank"},{"floor":13,"key":"StoneCalendar"}],"event_choices":[{"cards_removed":["Strike_B"],"damage_healed":0,"gold_gain":0,"player_choice":"Card Removal","damage_taken":0,"max_hp_gain":0,"max_hp_loss":0,"event_name":"The Cleric","floor":12,"gold_loss":50},{"damage_healed":0,"gold_gain":0,"player_choice":"Shed Blood","damage_taken":19,"max_hp_gain":5,"max_hp_loss":0,"event_name":"Forgotten Altar","floor":20,"gold_loss":0}],"is_beta":false,"boss_relics":[{"not_picked":["SlaversCollar","FrozenCore"],"picked":"ReplayTheSpireMod:SealedPack"}],"items_purged_floors":[10],"is_endless":false,"potions_floor_spawned":[1,2,14,16],"killed_by":"Slavers","ascension_level":0}}