{"host":"gaqyve1328ta0etl","time":1613088574,"event":{"mods":["BaseMod","Colored Map","Colored Powertips","Duelist Mod","Googly Eyes","Hero for Fun","Minty Spire (QoL Compilation)","Shop Mod","StSLib","SuperFastMode","The Hierophant","The Runesmith"],"gold_per_floor":[237,81,81,81,100,100,114,114,114,125,180,180,238,262,262,366,366,415,265,265,343,358,358,423,423,447,491,503,514,514,191,191,290,290,308,327,346,43,93,93,93,93,93,93,139,157,176,186,186,186],"floor_reached":51,"language":"ENG","playtime":1625,"items_purged":["theDuelist:Sparks","theDuelist:CastleWalls","theDuelist:CastleWalls","theDuelist:Sparks+1"],"score":1063,"play_id":"3435a2a9-aa86-49bc-9da6-f77e1408a85a","local_time":"20210211160934","is_ascension_mode":true,"campfire_choices":[{"floor":6,"key":"REST"},{"data":"theDuelist:SeismicShockwave","floor":8,"key":"SMITH"},{"data":"theDuelist:NaturiaBarkion","floor":12,"key":"SMITH"},{"floor":15,"key":"REST"},{"data":"theDuelist:MultiplicationOfAnts","floor":23,"key":"SMITH"},{"data":"theDuelist:CopyPlant","floor":32,"key":"SMITH"},{"floor":40,"key":"REST"},{"data":"theDuelist:VenomShot+1","floor":42,"key":"SMITH"},{"floor":49,"key":"REST"}],"circlet_count":0,"master_deck":["theDuelist:NaturiaHydrangea","theDuelist:MultiplicationOfAnts+1","theDuelist:BrainCrusher","theDuelist:NaturiaDragonfly","theDuelist:NaturiaBarkion+1","theDuelist:NaturiaBeast","theDuelist:NaturiaEggplant","theDuelist:NaturiaVein+1","theDuelist:NaturiaCliff","theDuelist:NaturiaHorneedle","theDuelist:NaturiaTulip+1","theDuelist:VenomShot+2","theDuelist:NaturiaHorneedle+1","theDuelist:NaturiaForest+1","theDuelist:SliferSky+1","theDuelist:CopyPlant+1","theDuelist:NaturiaEggplant","theDuelist:NaturiaSacredTree","theDuelist:NaturiaRock+1","theDuelist:SeismicShockwave+1","theDuelist:NaturiaHorneedle+1","theDuelist:Canyon+1","theDuelist:NaturiaSacredTree+1","theDuelist:NaturiaSacredTree+1"],"relics":["theDuelist:MillenniumPuzzle","theDuelist:CardPoolRelic","theDuelist:CardPoolBasicRelic","theDuelist:BoosterPackPoolRelic","theDuelist:CardPoolAddRelic","theDuelist:CardPoolMinusRelic","theDuelist:CardPoolSaveRelic","theDuelist:CardPoolOptionsRelic","theDuelist:BoosterBetterBoostersRelic","Frozen Egg 2","theDuelist:KaibaToken","Red Skull","Empty Cage","Meat on the Bone","TungstenRod","Bag of Preparation","Happy Flower","Sozu","War Paint","Du-Vu Doll","Pantograph","Orichalcum"],"acts_visited":["Exordium","TheCity","TheBeyond"],"potions_floor_usage":[14,16,24,33,50,50],"damage_taken":[{"damage":0,"enemies":"2 Louse","floor":1,"turns":3},{"damage":4,"enemies":"Jaw Worm","floor":5,"turns":5},{"damage":1,"enemies":"Small Slimes","floor":7,"turns":3},{"damage":0,"enemies":"Exordium Thugs","floor":10,"turns":4},{"damage":3,"enemies":"3 Sentries","floor":11,"turns":4},{"damage":10,"enemies":"Lagavulin","floor":13,"turns":6},{"damage":0,"enemies":"2 Fungi Beasts","floor":14,"turns":2},{"damage":0,"enemies":"Slime Boss","floor":16,"turns":8},{"damage":0,"enemies":"Shell Parasite","floor":18,"turns":4},{"damage":14,"enemies":"2 Thieves","floor":22,"turns":4},{"damage":8,"enemies":"Slavers","floor":24,"turns":5},{"damage":13,"enemies":"Snake Plant","floor":27,"turns":4},{"damage":14,"enemies":"Sentry and Sphere","floor":28,"turns":6},{"damage":0,"enemies":"Snecko","floor":29,"turns":6},{"damage":4,"enemies":"Automaton","floor":33,"turns":9},{"damage":0,"enemies":"3 Shapes","floor":35,"turns":3},{"damage":14,"enemies":"3 Darklings","floor":36,"turns":4},{"damage":0,"enemies":"Sphere and 2 Shapes","floor":37,"turns":4},{"damage":20,"enemies":"Mind Bloom Boss Battle","floor":39,"turns":5},{"damage":3,"enemies":"Nemesis","floor":45,"turns":5},{"damage":3,"enemies":"Transient","floor":46,"turns":5},{"damage":7,"enemies":"4 Shapes","floor":47,"turns":5},{"damage":25,"enemies":"3 Darklings","floor":48,"turns":3},{"damage":38,"enemies":"Time Eater","floor":50,"turns":9}],"seed_played":"-2216141478783306682","potions_obtained":[{"floor":7,"key":"EssenceOfSteel"},{"floor":11,"key":"theDuelist:WaterBottle"},{"floor":13,"key":"AttackPotion"},{"floor":16,"key":"SteroidPotion"},{"floor":22,"key":"theDuelist:SealedPack"},{"floor":27,"key":"theDuelist:MillenniumElixir"},{"floor":29,"key":"theDuelist:BurningPotion"}],"is_trial":false,"path_per_floor":["M","$","?","?","M","R","M","R","T","M","E","R","E","M","R","B",null,"M","$","?","T","M","R","E","?","T","M","M","M","?","$","R","B",null,"M","M","M","$","?","R","?","R","T","?","E","M","M","M","R","B",null],"character_chosen":"THE_DUELIST","items_purchased":["theDuelist:NaturiaSacredTree","theDuelist:NaturiaHorneedle","theDuelist:CopyPlant","Happy Flower","War Paint"],"campfire_rested":4,"item_purchase_floors":[2,19,31,31,38],"current_hp_per_floor":[72,72,66,50,46,70,69,69,69,69,66,66,56,56,80,80,80,80,80,80,80,66,66,58,58,58,45,43,43,69,69,69,65,76,76,62,62,62,42,66,66,66,66,66,63,60,53,40,64,42],"gold":186,"neow_bonus":"HUNDRED_GOLD","is_daily":false,"chose_seed":false,"campfire_upgraded":5,"win_rate":0.0,"timestamp":1613088574,"path_taken":["M","$","?","?","M","R","M","R","T","M","E","R","E","M","R","BOSS","M","$","?","?","M","R","E","?","T","M","?","M","?","?","R","BOSS","M","M","M","$","?","R","?","R","T","?","E","M","M","M","R","BOSS"],"items_purchased_type":["Card","Card","Card","Relic","Relic"],"build_version":"2020-12-22","purchased_purges":4,"victory":true,"max_hp_per_floor":[80,80,80,80,80,80,80,80,80,80,80,80,80,80,80,80,80,80,80,80,80,80,80,80,80,80,80,80,80,80,80,80,80,80,80,80,80,80,80,80,80,80,80,80,80,80,80,80,80,80],"card_choices":[{"not_picked":["theDuelist:NaturiaAntjaw","theDuelist:NaturiaRagweed","theDuelist:Spore","theDuelist:BrainCrusher"],"picked":"theDuelist:NaturiaHydrangea","floor":1},{"not_picked":["theDuelist:NatureReflection","theDuelist:LairWire","theDuelist:HuntingInstinct","theDuelist:Wiretap"],"picked":"theDuelist:SeismicShockwave","floor":5},{"not_picked":["theDuelist:NaturiaHydrangea","theDuelist:NaturiaEggplant","theDuelist:NaturiaCliff","theDuelist:SangaEarth"],"picked":"theDuelist:NaturiaDragonfly","floor":7},{"not_picked":["theDuelist:NaturiaHydrangea","theDuelist:NaturiaDragonfly","theDuelist:NaturiaCliff","theDuelist:NaturiaGuardian"],"picked":"theDuelist:NaturiaEggplant","floor":10},{"not_picked":["theDuelist:ClosedForest","theDuelist:MultiplicationOfAnts"],"picked":"theDuelist:NaturiaBarkion","floor":11},{"not_picked":["theDuelist:DemiseLand","theDuelist:ClosedForest","theDuelist:MultiplicationOfAnts","theDuelist:Wildfire"],"picked":"theDuelist:NaturiaHorneedle","floor":13},{"not_picked":["theDuelist:NaturiaHydrangea","theDuelist:NaturiaTulip","theDuelist:NaturiaDragonfly","theDuelist:LeodrakeMane+1"],"picked":"theDuelist:NaturiaEggplant","floor":14},{"not_picked":["theDuelist:DemiseLand","theDuelist:ClosedForest","theDuelist:Canyon+1","theDuelist:Wildfire"],"picked":"theDuelist:MultiplicationOfAnts","floor":16},{"not_picked":["theDuelist:NaturiaForest+1","theDuelist:HuntingInstinct","theDuelist:MultiplicationOfAnts+1","theDuelist:HeartUnderdog+1"],"picked":"theDuelist:NaturiaVein+1","floor":18},{"not_picked":["theDuelist:NaturiaLeodrake+1","theDuelist:NatureReflection+1","theDuelist:LairWire+1","theDuelist:HeartUnderdog+1"],"picked":"theDuelist:Canyon+1","floor":22},{"not_picked":["theDuelist:GraniteLoyalist","theDuelist:RedMedicine","theDuelist:YamiForm+1","theDuelist:TheCreator"],"picked":"theDuelist:SliferSky+1","floor":24},{"not_picked":["theDuelist:NaturiaGaiastrio","theDuelist:BrainCrusher","theDuelist:CopyPlant","theDuelist:MillenniumScorpion"],"picked":"theDuelist:NaturiaHorneedle","floor":27},{"not_picked":["theDuelist:NaturiaHydrangea","theDuelist:LonefireBlossom","theDuelist:NaturiaRock+1","theDuelist:SummoningSwarm","theDuelist:NaturalDisaster+1"],"picked":"SKIP","floor":28},{"not_picked":["theDuelist:NaturiaEggplant","theDuelist:NaturiaCliff","theDuelist:NaturiaMarron","theDuelist:FossilDig","theDuelist:NaturiaSpiderfang"],"picked":"SKIP","floor":29},{"not_picked":["theDuelist:WildNatureRelease+1","theDuelist:NaturiaBeans","theDuelist:DigitalBug+1","theDuelist:NaturiaSpiderfang"],"picked":"theDuelist:NaturiaForest+1","floor":35},{"not_picked":["theDuelist:FuryFire","theDuelist:FossilExcavation+1","theDuelist:BarkionBark+1","theDuelist:FrozenRose+1"],"picked":"theDuelist:VenomShot+1","floor":36},{"not_picked":["theDuelist:Fissure+1","theDuelist:FutureFusion","theDuelist:DarkCreator","theDuelist:DianKeto+1","theDuelist:WeepingIdol"],"picked":"SKIP","floor":37},{"not_picked":["theDuelist:NaturiaParadizo+1","theDuelist:NaturiaMarron+1","theDuelist:LonefireBlossom+1","theDuelist:NaturiaLadybug"],"picked":"theDuelist:BrainCrusher","floor":45},{"not_picked":["theDuelist:NaturiaForest+1","theDuelist:NaturiaVein+1","theDuelist:HuntingInstinct","theDuelist:Canyon+1","theDuelist:HeartUnderdog+1"],"picked":"SKIP","floor":46},{"not_picked":["theDuelist:WildNatureRelease+1","theDuelist:AfterGenocide","theDuelist:ConvulsionNature+1","theDuelist:BarkionBark+1"],"picked":"theDuelist:NaturiaSacredTree+1","floor":47},{"not_picked":["theDuelist:WildNatureRelease","theDuelist:SpacetimeTranscendence","theDuelist:ConvulsionNature+1","theDuelist:PotDuality"],"picked":"theDuelist:NaturiaSacredTree+1","floor":48}],"player_experience":2136590,"relics_obtained":[{"floor":9,"key":"Frozen Egg 2"},{"floor":11,"key":"theDuelist:KaibaToken"},{"floor":13,"key":"Red Skull"},{"floor":21,"key":"Meat on the Bone"},{"floor":24,"key":"TungstenRod"},{"floor":26,"key":"Bag of Preparation"},{"floor":39,"key":"Du-Vu Doll"},{"floor":43,"key":"Pantograph"},{"floor":45,"key":"Orichalcum"}],"event_choices":[{"damage_healed":0,"gold_gain":0,"player_choice":"Dig - random Duelist relic","duelist":true,"damage_taken":0,"max_hp_gain":0,"max_hp_loss":0,"event_name":"Aknamkanon\u0027s Tomb","floor":3,"gold_loss":0},{"damage_healed":0,"gold_gain":0,"player_choice":"Entered Light","damage_taken":16,"max_hp_gain":0,"max_hp_loss":0,"event_name":"Shining Light","floor":4,"gold_loss":0,"cards_upgraded":["theDuelist:NaturiaTulip","theDuelist:Sparks"]},{"damage_healed":0,"gold_gain":0,"player_choice":"Leave","duelist":true,"damage_taken":0,"max_hp_gain":0,"max_hp_loss":0,"event_name":"Millennium Items","floor":20,"gold_loss":0},{"damage_healed":0,"gold_gain":0,"player_choice":"Upgraded","damage_taken":0,"max_hp_gain":0,"max_hp_loss":0,"event_name":"Upgrade Shrine","floor":25,"gold_loss":0,"cards_upgraded":["theDuelist:NaturiaHorneedle"]},{"damage_healed":26,"gold_gain":0,"player_choice":"Heal","damage_taken":0,"max_hp_gain":0,"max_hp_loss":0,"event_name":"The Library","floor":30,"gold_loss":0},{"damage_healed":0,"gold_gain":0,"player_choice":"Fight","damage_taken":0,"max_hp_gain":0,"max_hp_loss":0,"event_name":"MindBloom","floor":39,"gold_loss":0},{"damage_healed":0,"gold_gain":0,"player_choice":"Memory 1","damage_taken":0,"max_hp_gain":0,"max_hp_loss":0,"event_name":"SensoryStone","floor":41,"gold_loss":0},{"damage_healed":0,"gold_gain":0,"player_choice":"Ignored","damage_taken":0,"max_hp_gain":0,"max_hp_loss":0,"event_name":"Mysterious Sphere","floor":44,"gold_loss":0}],"is_beta":false,"boss_relics":[{"not_picked":["SlaversCollar","Runic Dome"],"picked":"Empty Cage"},{"not_picked":["Runic Cube","theDuelist:GamblerChip"],"picked":"Sozu"}],"items_purged_floors":[2,19,31,38],"is_endless":false,"potions_floor_spawned":[7,11,13,16,22,27,29,35,45,47],"ascension_level":7}}