{"host":"kr40xqsmov1kh7zv","time":1613123243,"event":{"mods":["AchievementEnabler","Act Like it!","BaseMod","Downfall","Highlight Path","Minty Spire (QoL Compilation)","StSLib"],"gold_per_floor":[99,117,127,150,300,300,327,327,343,376,390,95,137,164,185,296,296,296,321,349,358,358,358,412,412,412,448,448,457,474,256,256,256,256],"floor_reached":32,"language":"ENG","playtime":2614,"items_purged":["downfall:Icky","champ:SwordThrow"],"score":318,"play_id":"0cff3c94-3fca-41a9-9ca0-60fdfebc7fc2","local_time":"20210212204723","is_ascension_mode":false,"campfire_choices":[{"data":"champ:Taunt","floor":1,"key":"SMITH"},{"data":"champ:FanOfKnives","floor":8,"key":"SMITH"},{"floor":18,"key":"RECALL"},{"floor":28,"key":"REST"}],"circlet_count":0,"master_deck":["champ:Strike","champ:Strike","champ:Strike","champ:Strike","champ:Defend","champ:Defend","champ:Execute","champ:Taunt+1","champ:HeartStrike","champ:FanOfKnives+1","champ:PerfectedStrike","champ:FanOfKnives","champ:PerfectedStrike+1","champ:BladeFlurry","champ:Endure","champ:AdrenalArmor","champ:Devastate","champ:EnGarde","champ:Encircle","Necronomicurse","champ:GladiatorForm","RitualDagger","champ:EnGarde","champ:Duel"],"relics":["champ:ChampionCrown","Akabeko","Blood Vial","Centennial Puzzle","Juzu Bracelet","CeramicFish","Empty Cage","Necronomicon","Pear","Nunchaku"],"acts_visited":["Exordium","TheCity"],"potions_floor_usage":[12,16,16,16],"damage_taken":[{"damage":29,"enemies":"Cultist","floor":2,"turns":4},{"damage":16,"enemies":"Small Slimes","floor":3,"turns":3},{"damage":33,"enemies":"Jaw Worm","floor":9,"turns":4},{"damage":25,"enemies":"Gremlin Nob","floor":10,"turns":4},{"damage":9,"enemies":"Red Slaver","floor":11,"turns":2},{"damage":10,"enemies":"downfall:FleeingMerchant","floor":12,"turns":4},{"damage":0,"enemies":"3 Sentries","floor":13,"turns":2},{"damage":0,"enemies":"3 Louse","floor":14,"turns":1},{"damage":19,"enemies":"2 Fungi Beasts","floor":15,"turns":2},{"damage":57,"enemies":"WA_ARCHETYPE_RETAIN","floor":16,"turns":7},{"damage":35,"enemies":"3 Byrds","floor":19,"turns":4},{"damage":71,"enemies":"Centurion and Healer","floor":20,"turns":7},{"damage":40,"enemies":"Slavers","floor":27,"turns":4},{"damage":41,"enemies":"3 Cultists","floor":30,"turns":4},{"damage":15,"enemies":"downfall:FleeingMerchant","floor":31,"turns":4},{"damage":47,"enemies":"Sentry and Sphere","floor":32,"turns":4}],"seed_played":"7657077076247203835","potions_obtained":[{"floor":2,"key":"AttackPotion"},{"floor":3,"key":"SkillPotion"},{"floor":6,"key":"BlessingOfTheForge"},{"floor":13,"key":"bronze:BurnAndBuffPotion"},{"floor":14,"key":"Block Potion"}],"is_trial":false,"path_per_floor":["R","M","M","T","?","?","T","R","M","E","M","$","E","M","M","B",null,"R","M","M","?","?","?","T","?","?","E","R","?","M","$","M"],"character_chosen":"THE_CHAMP","items_purchased":["champ:PerfectedStrike","Juzu Bracelet","champ:EnGarde","champ:Duel"],"campfire_rested":1,"item_purchase_floors":[12,12,31,31],"current_hp_per_floor":[99,90,84,84,84,84,84,84,68,55,48,50,52,54,47,22,99,99,84,60,44,44,54,54,54,54,26,58,52,33,25,0,0,0],"gold":256,"neow_bonus":"TEN_PERCENT_HP_BONUS","is_daily":false,"chose_seed":false,"campfire_upgraded":2,"win_rate":0.0,"timestamp":1613123243,"path_taken":["R","M","M","?","?","?","T","R","?","E","M","$","E","M","M","BOSS","R","M","M","?","?","?","T","?","?","E","R","?","M","$","M"],"items_purchased_type":["Card","Relic","Card","Card"],"build_version":"2020-12-22","purchased_purges":2,"victory":false,"max_hp_per_floor":[99,99,99,99,99,99,99,99,99,99,99,99,99,99,99,99,99,99,99,99,99,99,109,109,109,109,109,109,109,109,109,109,109,109],"card_choices":[{"not_picked":["champ:Shatter","champ:EnragedBash"],"picked":"champ:HeartStrike","floor":2},{"not_picked":["champ:Circumvent","champ:ShieldWall"],"picked":"champ:FanOfKnives","floor":3},{"not_picked":["champ:PreciseThrust","champ:CrownThrow"],"picked":"champ:PerfectedStrike","floor":9},{"not_picked":["champ:CrownThrow","champ:Circumvent"],"picked":"champ:FanOfKnives","floor":10},{"not_picked":["champ:Circumvent","champ:CrownThrow"],"picked":"champ:SwordThrow","floor":11},{"not_picked":["champ:ShieldSlam","champ:CrownThrow","champ:BerserkersShout"],"picked":"SKIP","floor":12},{"not_picked":["champ:PreciseThrust","champ:Shatter"],"picked":"champ:BladeFlurry","floor":13},{"not_picked":["champ:BringItOn","champ:DefensiveShout"],"picked":"champ:Endure","floor":14},{"not_picked":["champ:CrookedStrike","champ:StanceDance"],"picked":"champ:AdrenalArmor","floor":15},{"not_picked":["champ:CheapShot","champ:VampiricStrike"],"picked":"champ:Devastate","floor":16},{"not_picked":["champ:Shatter+1","champ:DefensiveShout+1"],"picked":"champ:EnGarde","floor":19},{"not_picked":["champ:Circumvent+1","champ:Backstep"],"picked":"champ:Encircle","floor":20},{"not_picked":["champ:ShieldWall","champ:DeathBlow"],"picked":"champ:GladiatorForm","floor":27},{"not_picked":["champ:SkillfulDodge","champ:Circumvent","champ:DefensiveShout+1"],"picked":"SKIP","floor":30},{"not_picked":["champ:FlashCut","champ:SkillfulDodge+1","champ:HeartStrike"],"picked":"SKIP","floor":31}],"player_experience":221255,"relics_obtained":[{"floor":4,"key":"Akabeko"},{"floor":7,"key":"Blood Vial"},{"floor":10,"key":"Centennial Puzzle"},{"floor":13,"key":"CeramicFish"},{"floor":21,"key":"Necronomicon"},{"floor":27,"key":"Nunchaku"}],"event_choices":[{"damage_healed":0,"gold_gain":0,"player_choice":"Got Potions","damage_taken":0,"max_hp_gain":0,"max_hp_loss":0,"event_name":"Lab","floor":6,"gold_loss":0},{"damage_healed":0,"gold_gain":0,"player_choice":"Forge","damage_taken":0,"max_hp_gain":0,"max_hp_loss":0,"event_name":"Accursed Blacksmith","floor":25,"gold_loss":0,"cards_upgraded":["champ:PerfectedStrike"]}],"is_beta":false,"boss_relics":[{"not_picked":["Velvet Choker","bronze:MakeshiftBattery"],"picked":"Empty Cage"}],"items_purged_floors":[12,31],"is_endless":false,"potions_floor_spawned":[2,3,13,14,15],"killed_by":"Sentry and Sphere","ascension_level":0}}