{"host":"sccdx89hs6cnwb1o","time":1613088347,"event":{"mods":["AchievementEnabler","BaseMod","Block Reminder","Colored Powertips","Highlight Path","Minty Spire (QoL Compilation)","Rare Cards Sparkle"],"gold_per_floor":[111,131,131,131,148,148,162,162,188,11,26,43,43,43,43,139,139,158,176,191,290,303,336,349,299,299,299,299,314,5,17,17,113,113,127,0,0,10,24,24,38,38,64,64,76,94,107,122,122,122,122],"floor_reached":50,"language":"DEU","playtime":3719,"items_purged":[],"score":487,"play_id":"a20dbd50-64eb-49b8-bfeb-43cb73542292","local_time":"20210212010547","is_ascension_mode":false,"campfire_choices":[{"floor":6,"key":"REST"},{"data":"Apotheosis","floor":13,"key":"SMITH"},{"data":"Catalyst","floor":15,"key":"SMITH"},{"floor":27,"key":"REST"},{"floor":32,"key":"REST"},{"floor":40,"key":"REST"},{"floor":42,"key":"REST"},{"data":"Noxious Fumes","floor":44,"key":"SMITH"},{"floor":49,"key":"REST"}],"circlet_count":0,"master_deck":["Strike_G","Strike_G","Strike_G","Strike_G","Strike_G","Defend_G","Defend_G","Defend_G","Defend_G","Survivor","Neutralize+1","Flying Knee","Dash","Backstab","Apotheosis+1","Deadly Poison","Catalyst+1","Iron Wave","After Image","PiercingWail","Noxious Fumes+1","PiercingWail","Bullet Time","Flying Knee+1","Catalyst+1","Adrenaline","Cloak And Dagger+1","Quick Slash+1","Blade Dance+1"],"relics":["Ring of the Snake","Potion Belt","Pen Nib","MawBank","Black Star","Bag of Preparation","Oddly Smooth Stone","Bronze Scales","Regal Pillow","DollysMirror","Busted Crown","Red Mask","Smiling Mask"],"acts_visited":["Exordium","TheCity","TheBeyond"],"potions_floor_usage":[16,20,20,33,39,39,48,50,50],"damage_taken":[{"damage":7,"enemies":"2 Louse","floor":1,"turns":3},{"damage":0,"enemies":"Jaw Worm","floor":2,"turns":4},{"damage":0,"enemies":"Cultist","floor":5,"turns":3},{"damage":0,"enemies":"3 Louse","floor":7,"turns":1},{"damage":0,"enemies":"Gremlin Gang","floor":11,"turns":6},{"damage":4,"enemies":"2 Fungi Beasts","floor":12,"turns":3},{"damage":27,"enemies":"Slime Boss","floor":16,"turns":11},{"damage":7,"enemies":"Chosen","floor":18,"turns":5},{"damage":29,"enemies":"Spheric Guardian","floor":19,"turns":6},{"damage":0,"enemies":"Centurion and Healer","floor":20,"turns":6},{"damage":3,"enemies":"Cultist and Chosen","floor":22,"turns":6},{"damage":9,"enemies":"Book of Stabbing","floor":23,"turns":6},{"damage":0,"enemies":"Snecko","floor":24,"turns":6},{"damage":15,"enemies":"Snake Plant","floor":29,"turns":4},{"damage":0,"enemies":"Chosen and Byrds","floor":31,"turns":5},{"damage":45,"enemies":"Automaton","floor":33,"turns":12},{"damage":3,"enemies":"Orb Walker","floor":35,"turns":3},{"damage":7,"enemies":"3 Shapes","floor":38,"turns":8},{"damage":26,"enemies":"Spire Growth","floor":39,"turns":4},{"damage":42,"enemies":"4 Shapes","floor":41,"turns":7},{"damage":10,"enemies":"Sphere and 2 Shapes","floor":45,"turns":5},{"damage":29,"enemies":"Spire Growth","floor":46,"turns":5},{"damage":5,"enemies":"Jaw Worm Horde","floor":47,"turns":5},{"damage":16,"enemies":"Maw","floor":48,"turns":7},{"damage":71,"enemies":"Donu and Deca","floor":50,"turns":7}],"seed_played":"-335228962818357198","potions_obtained":[{"floor":1,"key":"Regen Potion"},{"floor":5,"key":"PowerPotion"},{"floor":19,"key":"SneckoOil"},{"floor":20,"key":"Energy Potion"},{"floor":23,"key":"SteroidPotion"},{"floor":31,"key":"EssenceOfSteel"},{"floor":35,"key":"Swift Potion"},{"floor":38,"key":"Fruit Juice"},{"floor":45,"key":"SpeedPotion"},{"floor":47,"key":"Fruit Juice"},{"floor":48,"key":"Regen Potion"}],"is_trial":false,"path_per_floor":["M","M","?","?","M","R","M","$","T","$","M","M","R","?","R","B",null,"M","M","M","?","M","E","M","?","T","R","$","M","$","M","R","B",null,"M","?","$","M","M","R","M","R","T","R","M","M","M","M","R","B"],"character_chosen":"THE_SILENT","items_purchased":["Apotheosis","Regal Pillow","DollysMirror"],"campfire_rested":6,"item_purchase_floors":[10,30,30],"current_hp_per_floor":[63,63,56,56,56,70,70,70,70,70,70,66,66,66,66,39,70,63,34,49,49,46,37,37,37,37,58,58,43,43,43,70,25,70,67,67,67,60,39,75,33,70,70,70,60,31,26,15,54,0,0],"gold":122,"neow_bonus":"RANDOM_COMMON_RELIC","is_daily":false,"chose_seed":false,"campfire_upgraded":3,"win_rate":0.0,"timestamp":1613088347,"path_taken":["M","M","?","?","?","R","M","$","T","$","M","M","R","?","R","BOSS","M","?","M","?","M","E","M","?","T","R","$","M","$","?","R","BOSS","M","?","$","M","M","R","M","R","T","R","M","M","M","M","R","BOSS"],"items_purchased_type":["Card","Relic","Relic"],"build_version":"2020-12-22","purchased_purges":0,"victory":false,"max_hp_per_floor":[70,70,70,70,70,70,70,70,70,70,70,70,70,70,70,70,70,70,70,70,70,70,70,70,70,70,70,70,70,70,70,70,70,70,70,70,70,70,75,75,75,75,75,75,75,75,75,80,80,80,80],"card_choices":[{"not_picked":["Riddle With Holes","Blade Dance"],"picked":"Flying Knee","floor":1},{"not_picked":["Bane","Dagger Throw"],"picked":"Dash","floor":2},{"not_picked":["Tactician","Eviscerate"],"picked":"Backstab","floor":5},{"not_picked":["Underhanded Strike","Terror","Prepared"],"picked":"SKIP","floor":7},{"not_picked":["Infinite Blades","Dodge and Roll"],"picked":"Deadly Poison","floor":11},{"not_picked":["Calculated Gamble","Tools of the Trade"],"picked":"Catalyst","floor":12},{"not_picked":["Doppelganger","Unload"],"picked":"After Image","floor":16},{"not_picked":["Flying Knee","Dagger Spray+1","Cloak And Dagger"],"picked":"SKIP","floor":18},{"not_picked":["Backstab","Sucker Punch"],"picked":"PiercingWail","floor":19},{"not_picked":["Deflect","Bullet Time"],"picked":"Noxious Fumes","floor":20},{"not_picked":["Cloak And Dagger","Dagger Spray"],"picked":"PiercingWail","floor":22},{"not_picked":["Quick Slash","Well Laid Plans","Reflex"],"picked":"SKIP","floor":23},{"not_picked":["Blade Dance+1","Riddle With Holes"],"picked":"Bullet Time","floor":24},{"not_picked":["Calculated Gamble","Caltrops"],"picked":"Flying Knee+1","floor":29},{"not_picked":["Underhanded Strike","Choke","Finisher"],"picked":"SKIP","floor":31},{"not_picked":["Venomology","Storm of Steel"],"picked":"Adrenaline","floor":33},{"not_picked":["Slice"],"picked":"SKIP","floor":35},{"not_picked":["Heel Hook+1"],"picked":"SKIP","floor":38},{"not_picked":["Slice"],"picked":"SKIP","floor":39},{"not_picked":[],"picked":"Cloak And Dagger+1","floor":41},{"not_picked":["Dagger Spray"],"picked":"SKIP","floor":45},{"not_picked":["Outmaneuver"],"picked":"SKIP","floor":46},{"not_picked":[],"picked":"Quick Slash+1","floor":47},{"not_picked":[],"picked":"Blade Dance+1","floor":48}],"player_experience":60417,"relics_obtained":[{"floor":9,"key":"MawBank"},{"floor":23,"key":"Bag of Preparation"},{"floor":23,"key":"Oddly Smooth Stone"},{"floor":26,"key":"Bronze Scales"},{"floor":43,"key":"Smiling Mask"}],"event_choices":[{"damage_healed":0,"gold_gain":0,"player_choice":"Success","damage_taken":7,"relics_obtained":["Pen Nib"],"max_hp_gain":0,"max_hp_loss":0,"event_name":"Scrap Ooze","floor":3,"gold_loss":0},{"damage_healed":0,"gold_gain":0,"player_choice":"Upgraded","damage_taken":0,"max_hp_gain":0,"max_hp_loss":0,"event_name":"Upgrade Shrine","floor":4,"gold_loss":0,"cards_upgraded":["Neutralize"]},{"cards_removed":["Defend_G"],"damage_healed":0,"gold_gain":0,"player_choice":"Took Card","damage_taken":0,"max_hp_gain":0,"max_hp_loss":0,"event_name":"NoteForYourself","floor":14,"gold_loss":0,"cards_obtained":["Iron Wave"]},{"damage_healed":0,"gold_gain":99,"player_choice":"Stole From Cult","damage_taken":0,"max_hp_gain":0,"max_hp_loss":0,"event_name":"Nest","floor":21,"gold_loss":0},{"damage_healed":0,"gold_gain":0,"player_choice":"Bet on Murderer","damage_taken":0,"max_hp_gain":0,"max_hp_loss":0,"event_name":"The Joust","floor":25,"gold_loss":50},{"damage_healed":0,"gold_gain":0,"player_choice":"Paid","damage_taken":0,"relics_obtained":["Red Mask"],"max_hp_gain":0,"max_hp_loss":0,"event_name":"Tomb of Lord Red Mask","floor":36,"gold_loss":127}],"is_beta":false,"boss_relics":[{"not_picked":["Tiny House","SacredBark"],"picked":"Black Star"},{"not_picked":["Fusion Hammer","Empty Cage"],"picked":"Busted Crown"}],"items_purged_floors":[],"is_endless":false,"potions_floor_spawned":[1,5,19,20,23,31,35,38,45,47,48],"killed_by":"Donu and Deca","ascension_level":0}}