{"host":"c3lc60y5x60jlt1y","time":1613138186,"event":{"mods":["AchievementEnabler","BaseMod","Bestiary","Colored Map","Minty Spire (QoL Compilation)","Quick Restart","StSLib","ojb\u0027s Info Mod"],"gold_per_floor":[118,0,0,0,10,10,10,85,85,43,43,61,61,76,76,155,155,165,165,165,85,85],"floor_reached":21,"language":"ENG","playtime":1254,"items_purged":[],"score":330,"play_id":"6d8a8f37-75a0-41c6-a724-28310de11484","local_time":"20210212155626","is_ascension_mode":true,"campfire_choices":[{"data":"Zap","floor":6,"key":"SMITH"},{"data":"Self Repair","floor":11,"key":"SMITH"},{"data":"Undo","floor":13,"key":"SMITH"},{"data":"Defragment","floor":15,"key":"SMITH"}],"circlet_count":0,"master_deck":["AscendersBane","Strike_B","Strike_B","Strike_B","Strike_B","Defend_B","Defend_B","Defend_B","Defend_B","Zap+1","Dualcast","Fusion+1","Defragment+1","Gash","Ball Lightning","Self Repair+1","Undo+1","Force Field","Amplify","Gash","RitualDagger"],"relics":["Cracked Core","NeowsBlessing","InkBottle","Coffee Dripper"],"acts_visited":["Exordium","TheCity"],"potions_floor_usage":[16],"damage_taken":[{"damage":0,"enemies":"Small Slimes","floor":1,"turns":1},{"damage":0,"enemies":"2 Louse","floor":5,"turns":1},{"damage":0,"enemies":"Cultist","floor":12,"turns":1},{"damage":8,"enemies":"Exordium Wildlife","floor":14,"turns":5},{"damage":28,"enemies":"Slime Boss","floor":16,"turns":10},{"damage":27,"enemies":"3 Byrds","floor":18,"turns":5},{"damage":13,"enemies":"2 Thieves","floor":21,"turns":2}],"seed_played":"-1636854554874717918","potions_obtained":[{"floor":1,"key":"ColorlessPotion"},{"floor":12,"key":"SpeedPotion"}],"is_trial":false,"path_per_floor":["M","$","?","?","M","R","?","?","T","$","R","M","R","M","R","B",null,"M","?","?","M"],"character_chosen":"DEFECT","items_purchased":["Defragment","Gash","Self Repair"],"campfire_rested":0,"item_purchase_floors":[2,2,10],"current_hp_per_floor":[64,64,69,69,69,69,69,58,58,58,58,58,58,60,60,42,68,41,35,13,0,0],"gold":85,"neow_bonus":"THREE_ENEMY_KILL","is_daily":false,"chose_seed":false,"campfire_upgraded":4,"win_rate":0.0,"timestamp":1613138186,"path_taken":["M","$","?","?","?","R","?","?","T","$","R","M","R","M","R","BOSS","M","?","?","M"],"items_purchased_type":["Card","Card","Card"],"build_version":"2020-12-22","purchased_purges":0,"victory":false,"max_hp_per_floor":[71,71,76,76,76,76,76,76,76,76,76,76,76,76,76,76,76,76,76,81,81,81],"card_choices":[{"not_picked":["Go for the Eyes","Hologram"],"picked":"Fusion","floor":1},{"not_picked":["Compile Driver","Stack"],"picked":"Ball Lightning","floor":5},{"not_picked":["Cold Snap","Force Field"],"picked":"Undo","floor":12},{"not_picked":["Hologram","Conserve Battery"],"picked":"Force Field","floor":14},{"not_picked":["All For One","Fission"],"picked":"Amplify","floor":16},{"not_picked":["Steam","Melter"],"picked":"Gash","floor":18}],"player_experience":9256873,"relics_obtained":[{"floor":9,"key":"InkBottle"}],"event_choices":[{"damage_healed":0,"gold_gain":0,"player_choice":"Donut","damage_taken":0,"max_hp_gain":5,"max_hp_loss":0,"event_name":"Big Fish","floor":3,"gold_loss":0},{"damage_healed":0,"gold_gain":0,"player_choice":"Upgraded","damage_taken":0,"max_hp_gain":0,"max_hp_loss":0,"event_name":"Upgrade Shrine","floor":4,"gold_loss":0,"cards_upgraded":["Fusion"]},{"damage_healed":0,"gold_gain":0,"player_choice":"Ignored","damage_taken":0,"max_hp_gain":0,"max_hp_loss":0,"event_name":"Liars Game","floor":7,"gold_loss":0},{"damage_healed":0,"gold_gain":75,"player_choice":"Gather Gold","damage_taken":11,"max_hp_gain":0,"max_hp_loss":0,"event_name":"World of Goop","floor":8,"gold_loss":0},{"damage_healed":0,"gold_gain":0,"player_choice":"Joined the Cult","damage_taken":6,"max_hp_gain":0,"max_hp_loss":0,"event_name":"Nest","floor":19,"gold_loss":0,"cards_obtained":["RitualDagger"]},{"damage_healed":0,"gold_gain":0,"player_choice":"Shed Blood","damage_taken":27,"max_hp_gain":5,"max_hp_loss":0,"event_name":"Forgotten Altar","floor":20,"gold_loss":0}],"is_beta":false,"boss_relics":[{"not_picked":["SacredBark","SlaversCollar"],"picked":"Coffee Dripper"}],"items_purged_floors":[],"is_endless":false,"potions_floor_spawned":[1,12],"killed_by":"2 Thieves","ascension_level":20}}