{"host":"bgyhjzqafgkxdxsh","time":1613107098,"event":{"mods":["BaseMod","Colored Map","Minty Spire (QoL Compilation)","Relic Stats","StSLib","everything is the same but u backflip on backflip"],"gold_per_floor":[111,130,130,148,172,172,172,172,197,213,248,267,311,16,16,139,139,164,79,100,100,25,60,60,60,60,60,60],"floor_reached":27,"language":"ENG","playtime":984,"items_purged":["Strike_P"],"score":319,"play_id":"8000c95e-a45d-479d-912c-cbcd63267749","local_time":"20210212151818","is_ascension_mode":true,"campfire_choices":[{"data":"ForeignInfluence","floor":6,"key":"SMITH"},{"data":"Eruption","floor":8,"key":"SMITH"},{"data":"Meditate","floor":15,"key":"SMITH"},{"data":"RitualDagger","floor":24,"key":"SMITH"}],"circlet_count":0,"master_deck":["Strike_P","Strike_P","Strike_P","Defend_P","Defend_P","Defend_P","Defend_P","Eruption+1","Vigilance","BattleHymn+1","FlurryOfBlows","ForeignInfluence+1","CutThroughFate","BowlingBash","FollowUp","WindmillStrike","Meditate+1","DevaForm","ThirdEye","RitualDagger+1","ThirdEye"],"relics":["PureWater","NeowsBlessing","Golden Idol","Juzu Bracelet","Question Card","Blood Vial","Strawberry","SlaversCollar","Kunai","Bag of Preparation","Akabeko"],"acts_visited":["Exordium","TheCity"],"potions_floor_usage":[12,13,18,20,23,27],"damage_taken":[{"damage":0,"enemies":"Cultist","floor":1,"turns":1},{"damage":0,"enemies":"Small Slimes","floor":2,"turns":2},{"damage":0,"enemies":"2 Louse","floor":4,"turns":1},{"damage":8,"enemies":"Blue Slaver","floor":5,"turns":3},{"damage":0,"enemies":"3 Louse","floor":10,"turns":2},{"damage":0,"enemies":"Gremlin Nob","floor":11,"turns":2},{"damage":0,"enemies":"2 Fungi Beasts","floor":12,"turns":2},{"damage":7,"enemies":"3 Sentries","floor":13,"turns":3},{"damage":15,"enemies":"The Guardian","floor":16,"turns":9},{"damage":4,"enemies":"Shell Parasite","floor":18,"turns":3},{"damage":10,"enemies":"3 Byrds","floor":20,"turns":3},{"damage":35,"enemies":"Gremlin Leader","floor":23,"turns":5},{"damage":35,"enemies":"Book of Stabbing","floor":27,"turns":5}],"seed_played":"1862914752015579050","potions_obtained":[{"floor":2,"key":"Fruit Juice"},{"floor":4,"key":"LiquidBronze"},{"floor":10,"key":"Block Potion"},{"floor":12,"key":"ColorlessPotion"},{"floor":16,"key":"SkillPotion"},{"floor":23,"key":"AttackPotion"}],"is_trial":false,"path_per_floor":["M","M","?","M","M","R","?","R","T","M","E","M","E","$","R","B",null,"M","?","M","?","$","E","R","?","T","E"],"character_chosen":"WATCHER","items_purchased":["Blood Vial","Strawberry"],"campfire_rested":0,"item_purchase_floors":[14,14],"current_hp_per_floor":[72,72,54,54,46,46,46,46,46,46,46,51,44,51,51,38,84,80,80,72,66,66,33,33,33,33,0,0],"gold":60,"neow_bonus":"THREE_ENEMY_KILL","is_daily":false,"chose_seed":false,"campfire_upgraded":4,"win_rate":0.0,"timestamp":1613107098,"path_taken":["M","?","?","M","M","R","?","R","T","M","E","M","E","$","R","BOSS","M","?","M","?","$","E","R","?","T","E"],"items_purchased_type":["Relic","Relic"],"build_version":"2020-12-22","purchased_purges":1,"victory":false,"max_hp_per_floor":[72,72,72,72,72,72,72,72,72,72,72,77,77,84,84,84,84,84,84,84,84,84,84,84,84,84,84,84],"relic_stats":{"Blood Vial":8,"counters":[13,41],"Golden Idol":73,"Juzu Bracelet":0,"Bag of Preparation":[2],"Kunai":[7],"Question Card":4,"obtain_stats":[{"Blood Vial":14,"SlaversCollar":17,"NeowsBlessing":0,"Golden Idol":3,"Strawberry":14,"Juzu Bracelet":11,"Bag of Preparation":23,"Kunai":19,"PureWater":0,"Question Card":13,"Akabeko":26},{"Blood Vial":8,"SlaversCollar":9,"NeowsBlessing":0,"Golden Idol":2,"Strawberry":8,"Juzu Bracelet":6,"Bag of Preparation":12,"Kunai":10,"PureWater":0,"Question Card":8,"Akabeko":12},{"Blood Vial":16,"SlaversCollar":25,"NeowsBlessing":0,"Golden Idol":3,"Strawberry":16,"Juzu Bracelet":11,"Bag of Preparation":36,"Kunai":28,"PureWater":0,"Question Card":16,"Akabeko":36}]},"card_choices":[{"not_picked":["Halt","ClearTheMind"],"picked":"BattleHymn","floor":1},{"not_picked":["Halt","Prostrate"],"picked":"FlurryOfBlows","floor":2},{"not_picked":["FlyingSleeves","Evaluate"],"picked":"ForeignInfluence","floor":4},{"not_picked":["FlurryOfBlows","Halt"],"picked":"CutThroughFate","floor":5},{"not_picked":["InnerPeace","FlurryOfBlows"],"picked":"BowlingBash","floor":10},{"not_picked":["LikeWater","ForeignInfluence"],"picked":"FollowUp","floor":11},{"not_picked":["JustLucky","Crescendo"],"picked":"WindmillStrike","floor":12},{"not_picked":["ThirdEye","SashWhip"],"picked":"Meditate","floor":13},{"not_picked":["Vault","Ragnarok","ConjureBlade"],"picked":"DevaForm","floor":16},{"not_picked":["JustLucky","FlyingSleeves+1","Crescendo+1"],"picked":"ThirdEye","floor":18},{"not_picked":["SashWhip+1","EmptyFist+1","ThirdEye","FlyingSleeves"],"picked":"SKIP","floor":20},{"not_picked":["ClearTheMind+1","BattleHymn+1","Brilliance","SandsOfTime"],"picked":"SKIP","floor":23}],"player_experience":508595,"relics_obtained":[{"floor":11,"key":"Juzu Bracelet"},{"floor":13,"key":"Question Card"},{"floor":23,"key":"Bag of Preparation"},{"floor":26,"key":"Akabeko"}],"event_choices":[{"damage_healed":0,"gold_gain":0,"player_choice":"Take Damage","damage_taken":18,"relics_obtained":["Golden Idol"],"max_hp_gain":0,"max_hp_loss":0,"event_name":"Golden Idol","floor":3,"gold_loss":0},{"damage_healed":0,"gold_gain":0,"player_choice":"Grow","damage_taken":0,"max_hp_gain":0,"max_hp_loss":0,"event_name":"Living Wall","floor":7,"gold_loss":0,"cards_upgraded":["BattleHymn"]},{"damage_healed":0,"gold_gain":0,"player_choice":"Obtained Relic","damage_taken":0,"relics_obtained":["Kunai"],"max_hp_gain":0,"max_hp_loss":0,"event_name":"Addict","floor":19,"gold_loss":85},{"damage_healed":0,"gold_gain":0,"player_choice":"Joined the Cult","damage_taken":6,"max_hp_gain":0,"max_hp_loss":0,"event_name":"Nest","floor":21,"gold_loss":0,"cards_obtained":["RitualDagger"]},{"damage_healed":0,"gold_gain":0,"player_choice":"Read","damage_taken":0,"max_hp_gain":0,"max_hp_loss":0,"event_name":"The Library","floor":25,"gold_loss":0,"cards_obtained":["ThirdEye"]}],"is_beta":false,"boss_relics":[{"not_picked":["Philosopher\u0027s Stone","Ectoplasm"],"picked":"SlaversCollar"}],"items_purged_floors":[22],"is_endless":false,"potions_floor_spawned":[2,4,10,12,16,23],"killed_by":"Book of Stabbing","ascension_level":4}}