{"host":"s41rn2jhghpwfrvz","time":1613160046,"event":{"mods":["BaseMod","Minty Spire (QoL Compilation)","Quick Restart","Relic Stats","SuperFastMode"],"gold_per_floor":[112,122,133,149,167,192,209,243,243,168,93,93,118,134,134,207,207,221,146,46,46,78,113,139,155,155,170,203,233,233,249,249,323,373,388,388,402,331,331,331,364,392,392,403,436,471,503,530,530,530,530,530,530,36,70,70],"floor_reached":57,"language":"ENG","playtime":2447,"items_purged":["ClearTheMind","Prepared"],"score":4246,"play_id":"cbc6b1d1-f454-4dad-ba8e-e9edc9a47430","local_time":"20210212220046","daily_mods":["SealedDeck","Diverse","DeadlyEvents"],"is_ascension_mode":true,"campfire_choices":[{"data":"Body Slam","floor":12,"key":"SMITH"},{"data":"Body Slam","floor":15,"key":"SMITH"},{"data":"Backflip","floor":30,"key":"SMITH"},{"data":"Backflip","floor":32,"key":"SMITH"},{"floor":40,"key":"RECALL"},{"data":"Seeing Red","floor":49,"key":"SMITH"},{"data":"Perseverance","floor":53,"key":"SMITH"}],"circlet_count":0,"master_deck":["AscendersBane","Perseverance+1","Body Slam+1","Seeing Red+1","Pommel Strike+1","Backflip+1","Backflip+1","Body Slam+1","Blur+1","TalkToTheHand"],"relics":["Burning Blood","Ornamental Fan","Letter Opener","Nunchaku","CeramicFish","Coffee Dripper","Red Skull","HornCleat","Gremlin Horn","Sundial","FossilizedHelix","Tiny House","Incense Burner","Happy Flower","Toxic Egg 2","Singing Bowl","Eternal Feather","Bag of Preparation","Self Forming Clay","Cauldron","White Beast Statue","Shuriken"],"acts_visited":["Exordium","TheCity","TheBeyond","TheEnding"],"potions_floor_usage":[8,14,56,56],"damage_taken":[{"damage":5,"enemies":"2 Louse","floor":1,"turns":2},{"damage":7,"enemies":"Jaw Worm","floor":2,"turns":3},{"damage":14,"enemies":"Small Slimes","floor":3,"turns":2},{"damage":3,"enemies":"Blue Slaver","floor":4,"turns":3},{"damage":7,"enemies":"2 Fungi Beasts","floor":5,"turns":3},{"damage":25,"enemies":"3 Sentries","floor":6,"turns":7},{"damage":6,"enemies":"Exordium Thugs","floor":7,"turns":5},{"damage":11,"enemies":"Gremlin Nob","floor":8,"turns":3},{"damage":0,"enemies":"3 Sentries","floor":13,"turns":5},{"damage":0,"enemies":"Gremlin Gang","floor":14,"turns":2},{"damage":8,"enemies":"Hexaghost","floor":16,"turns":4},{"damage":8,"enemies":"2 Thieves","floor":18,"turns":2},{"damage":0,"enemies":"Gremlin Leader","floor":22,"turns":3},{"damage":0,"enemies":"Book of Stabbing","floor":23,"turns":3},{"damage":0,"enemies":"Gremlin Leader","floor":24,"turns":2},{"damage":0,"enemies":"Chosen","floor":25,"turns":2},{"damage":0,"enemies":"Snake Plant","floor":27,"turns":1},{"damage":0,"enemies":"Slavers","floor":28,"turns":1},{"damage":0,"enemies":"Gremlin Leader","floor":29,"turns":1},{"damage":0,"enemies":"Snecko","floor":31,"turns":1},{"damage":0,"enemies":"Champ","floor":33,"turns":1},{"damage":0,"enemies":"Orb Walker","floor":35,"turns":1},{"damage":0,"enemies":"3 Shapes","floor":37,"turns":1},{"damage":0,"enemies":"Giant Head","floor":41,"turns":1},{"damage":0,"enemies":"Reptomancer","floor":42,"turns":1},{"damage":0,"enemies":"Spire Growth","floor":44,"turns":1},{"damage":0,"enemies":"Nemesis","floor":45,"turns":1},{"damage":0,"enemies":"Giant Head","floor":46,"turns":1},{"damage":0,"enemies":"Reptomancer","floor":47,"turns":1},{"damage":0,"enemies":"Nemesis","floor":48,"turns":1},{"damage":0,"enemies":"Donu and Deca","floor":50,"turns":1},{"damage":0,"enemies":"Time Eater","floor":51,"turns":2},{"damage":0,"enemies":"Shield and Spear","floor":55,"turns":1},{"damage":0,"enemies":"The Heart","floor":56,"turns":4}],"seed_played":"-5430006995166038796","potions_obtained":[{"floor":3,"key":"FearPotion"},{"floor":5,"key":"BloodPotion"},{"floor":13,"key":"PowerPotion"},{"floor":14,"key":"Fire Potion"},{"floor":24,"key":"SteroidPotion"},{"floor":28,"key":"Ancient Potion"},{"floor":34,"key":"Dexterity Potion"},{"floor":54,"key":"SpeedPotion"}],"is_trial":true,"path_per_floor":["M","M","M","M","M","E","M","E","T","?","$","R","E","M","R","B",null,"M","?","$","?","E","E","E","M","T","M","E","E","R","M","R","B",null,"M","$","M","$","?","R","E","E","T","M","E","E","E","E","R","B","B",null,"R","$","E","B",null],"character_chosen":"IRONCLAD","items_purchased":["Blur","TalkToTheHand","Cauldron","White Beast Statue"],"campfire_rested":0,"item_purchase_floors":[38,54,54,54],"current_hp_per_floor":[69,68,60,63,62,43,43,38,38,38,38,38,44,65,65,63,72,70,70,70,70,75,75,75,75,75,75,75,75,75,75,75,75,80,80,80,80,80,80,80,80,80,80,80,82,84,86,88,88,88,88,88,88,88,90,90],"gold":70,"neow_bonus":"","is_daily":false,"chose_seed":false,"campfire_upgraded":6,"win_rate":0.0,"timestamp":1613160046,"path_taken":["M","M","M","M","M","E","M","E","T","?","?","R","?","M","R","BOSS","M","?","?","?","?","?","E","M","T","M","?","E","R","M","R","BOSS","M","$","M","$","?","R","E","?","T","M","?","E","?","E","R","BOSS","BOSS","R","$","E","BOSS"],"items_purchased_type":["Card","Card","Relic","Relic"],"build_version":"2020-12-22","purchased_purges":2,"victory":true,"max_hp_per_floor":[75,75,75,75,75,75,75,75,75,75,75,75,75,75,75,75,75,75,75,75,75,75,75,75,75,75,75,75,75,75,75,75,75,80,80,80,80,80,80,80,80,80,80,80,82,84,86,88,88,88,88,88,88,88,90,90],"relic_stats":{"Gremlin Horn":[12,12],"Happy Flower":[4],"Singing Bowl":10,"counters":[34,73],"Self Forming Clay":[0],"CeramicFish":18,"Eternal Feather":0,"Bag of Preparation":[10],"Letter Opener":[744],"Burning Blood":77,"Nunchaku":[16],"Ornamental Fan":[180],"Sundial":[270],"Shuriken":[1],"obtain_stats":[{"Tiny House":34,"Gremlin Horn":24,"Happy Flower":42,"Singing Bowl":45,"Self Forming Clay":48,"CeramicFish":13,"Eternal Feather":46,"Incense Burner":41,"Bag of Preparation":47,"Letter Opener":8,"Burning Blood":0,"White Beast Statue":54,"Cauldron":54,"Nunchaku":9,"HornCleat":23,"Ornamental Fan":6,"Sundial":28,"Shuriken":55,"Coffee Dripper":17,"Toxic Egg 2":43,"Red Skull":22,"FossilizedHelix":29},{"Tiny House":21,"Gremlin Horn":15,"Happy Flower":25,"Singing Bowl":27,"Self Forming Clay":30,"CeramicFish":9,"Eternal Feather":28,"Incense Burner":24,"Bag of Preparation":29,"Letter Opener":8,"Burning Blood":0,"White Beast Statue":32,"Cauldron":32,"Nunchaku":8,"HornCleat":14,"Ornamental Fan":6,"Sundial":18,"Shuriken":33,"Coffee Dripper":11,"Toxic Egg 2":25,"Red Skull":13,"FossilizedHelix":19},{"Tiny House":56,"Gremlin Horn":49,"Happy Flower":60,"Singing Bowl":62,"Self Forming Clay":65,"CeramicFish":33,"Eternal Feather":63,"Incense Burner":59,"Bag of Preparation":64,"Letter Opener":28,"Burning Blood":0,"White Beast Statue":68,"Cauldron":68,"Nunchaku":28,"HornCleat":47,"Ornamental Fan":20,"Sundial":53,"Shuriken":69,"Coffee Dripper":39,"Toxic Egg 2":60,"Red Skull":44,"FossilizedHelix":54}]},"card_choices":[{"not_picked":["Slice","FearNoEvil","Clash"],"picked":"SKIP","floor":1},{"not_picked":["Coolheaded","Redo","Conserve Battery"],"picked":"SKIP","floor":2},{"not_picked":["Poisoned Stab","ForeignInfluence","Havoc"],"picked":"SKIP","floor":3},{"not_picked":["Consecrate","Beam Cell"],"picked":"Body Slam","floor":4},{"not_picked":["BootSequence","SignatureMove","Go for the Eyes"],"picked":"SKIP","floor":5},{"not_picked":["Doom and Gloom","Stack","Sever Soul"],"picked":"SKIP","floor":6},{"not_picked":["FollowUp","Sanctity","Acrobatics"],"picked":"SKIP","floor":7},{"not_picked":["Warcry","Flying Knee","Slice"],"picked":"SKIP","floor":8},{"not_picked":["CrushJoints","Burst","White Noise"],"picked":"SKIP","floor":13},{"not_picked":["Prostrate","Defragment","Capacitor"],"picked":"SKIP","floor":14},{"not_picked":["LikeWater","Combust","Reprogram"],"picked":"SKIP","floor":18},{"not_picked":["Sunder","Carnage","Ball Lightning"],"picked":"SKIP","floor":22},{"not_picked":["FearNoEvil","Corpse Explosion","DeceiveReality"],"picked":"SKIP","floor":23},{"not_picked":["Carnage","EmptyMind","Spot Weakness+1"],"picked":"SKIP","floor":24},{"not_picked":["Crippling Poison","Conserve Battery","Pommel Strike"],"picked":"SKIP","floor":25},{"not_picked":["Feel No Pain","Defragment","Sweeping Beam"],"picked":"SKIP","floor":27},{"not_picked":["Headbutt","Leap","LikeWater"],"picked":"SKIP","floor":28},{"not_picked":["Thunderclap","Compile Driver","Dodge and Roll+1"],"picked":"SKIP","floor":29},{"not_picked":["Catalyst","Grand Finale","Blade Dance"],"picked":"SKIP","floor":31},{"not_picked":["Infernal Blade+1","Darkness+1","Cold Snap"],"picked":"SKIP","floor":35},{"not_picked":["Heatsinks+1","Poisoned Stab","Deadly Poison"],"picked":"SKIP","floor":37},{"not_picked":["Coolheaded","Cloak And Dagger+1","Twin Strike"],"picked":"SKIP","floor":41},{"not_picked":["CutThroughFate","Devotion","Armaments"],"picked":"SKIP","floor":42},{"not_picked":["Backstab","Prepared+1","Flex+1"],"picked":"SKIP","floor":44},{"not_picked":["FlyingSleeves","EmptyMind+1","Hemokinesis+1"],"picked":"Singing Bowl","floor":45},{"not_picked":["Protect+1","Clothesline","Corpse Explosion+1"],"picked":"Singing Bowl","floor":46},{"not_picked":["Infinite Blades","PathToVictory+1","Tactician+1"],"picked":"Singing Bowl","floor":47},{"not_picked":["Rebound","ClearTheMind+1","Cleave+1"],"picked":"Singing Bowl","floor":48},{"not_picked":["Underhanded Strike","Twin Strike+1","Wallop"],"picked":"Singing Bowl","floor":55}],"player_experience":1911448,"relics_obtained":[{"floor":6,"key":"Ornamental Fan"},{"floor":8,"key":"Letter Opener"},{"floor":9,"key":"Nunchaku"},{"floor":13,"key":"CeramicFish"},{"floor":22,"key":"Red Skull"},{"floor":23,"key":"HornCleat"},{"floor":24,"key":"Gremlin Horn"},{"floor":28,"key":"Sundial"},{"floor":29,"key":"FossilizedHelix"},{"floor":41,"key":"Incense Burner"},{"floor":42,"key":"Happy Flower"},{"floor":43,"key":"Toxic Egg 2"},{"floor":45,"key":"Singing Bowl"},{"floor":46,"key":"Eternal Feather"},{"floor":47,"key":"Bag of Preparation"},{"floor":48,"key":"Self Forming Clay"},{"floor":55,"key":"Shuriken"}],"event_choices":[{"cards_removed":["Crescendo"],"damage_healed":0,"gold_gain":0,"player_choice":"Card Removal","damage_taken":0,"max_hp_gain":0,"max_hp_loss":0,"event_name":"The Cleric","floor":10,"gold_loss":75},{"cards_removed":["Anger"],"damage_healed":0,"gold_gain":0,"player_choice":"Gave Gold","damage_taken":0,"max_hp_gain":0,"max_hp_loss":0,"event_name":"Beggar","floor":19,"gold_loss":75},{"damage_healed":0,"gold_gain":0,"player_choice":"Ignored","damage_taken":0,"max_hp_gain":0,"max_hp_loss":0,"event_name":"The Mausoleum","floor":21,"gold_loss":0},{"damage_healed":0,"gold_gain":0,"player_choice":"Upgraded","damage_taken":0,"max_hp_gain":0,"max_hp_loss":0,"event_name":"Upgrade Shrine","floor":39,"gold_loss":0,"cards_upgraded":["Blur"]}],"is_beta":false,"boss_relics":[{"not_picked":["SlaversCollar","Ectoplasm"],"picked":"Coffee Dripper"},{"not_picked":["Black Blood","Sozu"],"picked":"Tiny House"}],"items_purged_floors":[11,20],"is_endless":false,"potions_floor_spawned":[3,5,13,14,16,23,24,27,28,29,37,44,46,47,55],"ascension_level":20}}