{"host":"cjhtzh7tp54jdfyv","time":1613095893,"event":{"mods":["AchievementEnabler","BaseMod","Colored Map","Colored Powertips","Curses Come First","DeckTracker","Minty Spire (QoL Compilation)","RNG Fix","Relic Sorter","Relic Stats","StSLib","UnlockEverythingMod","ojb\u0027s Better Paths Mod","ojb\u0027s Info Mod"],"gold_per_floor":[116,116,133,143,153,153,179,179,179,195,221,186,218,234,234,311,311,322,10,10,10,10,42,42,56,56,74,100,115,146,71,71,71,71],"floor_reached":33,"language":"ENG","playtime":2383,"items_purged":["Strike_G"],"score":800,"play_id":"353d9628-b847-44dd-82da-7c685abf2c96","local_time":"20210211211133","is_ascension_mode":true,"campfire_choices":[{"data":"Apotheosis","floor":6,"key":"SMITH"},{"data":"Backstab","floor":8,"key":"SMITH"},{"data":"Envenom","floor":15,"key":"SMITH"},{"data":"Well Laid Plans","floor":24,"key":"SMITH"},{"data":"Wraith Form v2","floor":32,"key":"SMITH"}],"circlet_count":0,"master_deck":["AscendersBane","Strike_G","Strike_G","Strike_G","Defend_G","Defend_G","Defend_G","Defend_G","Survivor","Neutralize","Apotheosis+1","Poisoned Stab","Backstab+1","Sucker Punch","Dagger Spray","Dash","Blade Dance","Envenom+1","Prepared","Wraith Form v2+1","Dodge and Roll+1","Well Laid Plans+1","RitualDagger","Reflex","Prepared+1","Venomology","PiercingWail+1"],"relics":["Ring of the Serpent","Torii","Tough Bandages","Lantern","Bag of Preparation","Sling","Art of War","Blood Vial","The Courier","Peace Pipe"],"acts_visited":["Exordium","TheCity"],"potions_floor_usage":[7,23,25,30,33,33,33],"damage_taken":[{"damage":0,"enemies":"2 Louse","floor":1,"turns":4},{"damage":0,"enemies":"Small Slimes","floor":3,"turns":3},{"damage":1,"enemies":"Jaw Worm","floor":4,"turns":3},{"damage":3,"enemies":"Exordium Thugs","floor":5,"turns":3},{"damage":3,"enemies":"Gremlin Nob","floor":7,"turns":3},{"damage":0,"enemies":"Looter","floor":10,"turns":2},{"damage":10,"enemies":"3 Sentries","floor":11,"turns":5},{"damage":14,"enemies":"Lagavulin","floor":13,"turns":7},{"damage":0,"enemies":"Large Slime","floor":14,"turns":3},{"damage":0,"enemies":"Slime Boss","floor":16,"turns":6},{"damage":0,"enemies":"3 Byrds","floor":18,"turns":4},{"damage":10,"enemies":"Slavers","floor":23,"turns":5},{"damage":7,"enemies":"Spheric Guardian","floor":25,"turns":3},{"damage":20,"enemies":"Snake Plant","floor":27,"turns":5},{"damage":5,"enemies":"Book of Stabbing","floor":28,"turns":5},{"damage":3,"enemies":"Chosen and Byrds","floor":29,"turns":6},{"damage":0,"enemies":"Gremlin Leader","floor":30,"turns":6},{"damage":20,"enemies":"Collector","floor":33,"turns":6}],"seed_played":"5989513311134151858","potions_obtained":[{"floor":1,"key":"Weak Potion"},{"floor":4,"key":"EssenceOfSteel"},{"floor":5,"key":"SteroidPotion"},{"floor":10,"key":"Fire Potion"},{"floor":11,"key":"Energy Potion"},{"floor":23,"key":"EssenceOfSteel"},{"floor":25,"key":"Strength Potion"},{"floor":30,"key":"FearPotion"}],"is_trial":false,"path_per_floor":["M","?","M","M","M","R","E","R","T","M","E","?","E","M","R","B",null,"M","$","?","?","$","E","R","M","T","M","E","M","E","?","R","B"],"character_chosen":"THE_SILENT","items_purchased":["Sling","Well Laid Plans"],"campfire_rested":0,"item_purchase_floors":[19,19],"current_hp_per_floor":[59,52,52,51,48,48,45,45,45,45,35,50,36,36,36,36,54,54,54,48,48,48,38,38,31,31,13,10,9,11,11,11,0,0],"gold":71,"neow_bonus":"RANDOM_COLORLESS_2","is_daily":false,"chose_seed":false,"campfire_upgraded":5,"win_rate":0.0,"timestamp":1613095893,"path_taken":["M","?","M","M","M","R","E","R","T","M","E","?","E","?","R","BOSS","M","$","?","?","?","E","R","M","T","M","E","?","E","?","R","BOSS"],"items_purchased_type":["Relic","Card"],"build_version":"2020-12-22","purchased_purges":1,"victory":false,"max_hp_per_floor":[60,60,60,60,60,60,60,60,60,60,60,60,60,60,60,60,60,60,60,60,60,60,60,60,60,60,60,60,60,60,60,60,60,60],"relic_stats":{"Blood Vial":10,"Peace Pipe":0,"Tough Bandages":[135],"Torii":23,"counters":[18,79],"Bag of Preparation":[20],"Art of War":[3],"obtain_stats":[{"Blood Vial":26,"Peace Pipe":30,"Tough Bandages":9,"Lantern":11,"Torii":7,"The Courier":28,"Bag of Preparation":13,"Art of War":23,"Sling":19,"Ring of the Serpent":17,"Ring of the Snake":0},{"Blood Vial":13,"Peace Pipe":17,"Tough Bandages":5,"Lantern":7,"Torii":5,"The Courier":15,"Bag of Preparation":8,"Art of War":12,"Sling":11,"Ring of the Serpent":10,"Ring of the Snake":0},{"Blood Vial":51,"Peace Pipe":73,"Tough Bandages":16,"Lantern":23,"Torii":16,"The Courier":61,"Bag of Preparation":30,"Art of War":48,"Sling":43,"Ring of the Serpent":39,"Ring of the Snake":0}]},"card_choices":[{"not_picked":["Sadistic Nature","The Bomb"],"picked":"Apotheosis","floor":0},{"not_picked":["Dodge and Roll","Outmaneuver"],"picked":"Poisoned Stab","floor":1},{"not_picked":["Dodge and Roll","Eviscerate"],"picked":"Backstab","floor":3},{"not_picked":["PiercingWail","Outmaneuver"],"picked":"Sucker Punch","floor":4},{"not_picked":["Choke","Reflex"],"picked":"Dagger Spray","floor":5},{"not_picked":["Bane","Blur"],"picked":"Dash","floor":7},{"not_picked":["Deadly Poison","Poisoned Stab","Sucker Punch"],"picked":"SKIP","floor":10},{"not_picked":["Backflip","Dagger Spray"],"picked":"Blade Dance","floor":11},{"not_picked":["Bane","Underhanded Strike"],"picked":"Envenom","floor":13},{"not_picked":["Distraction","Blur"],"picked":"Prepared","floor":14},{"not_picked":["Venomology","Phantasmal Killer"],"picked":"Wraith Form v2","floor":16},{"not_picked":["Bane","Dagger Throw"],"picked":"Dodge and Roll+1","floor":18},{"not_picked":["Deadly Poison","Bouncing Flask"],"picked":"Prepared+1","floor":23},{"not_picked":["Flechettes","Backstab","Sucker Punch"],"picked":"SKIP","floor":25},{"not_picked":["Footwork","Skewer","Flying Knee"],"picked":"SKIP","floor":27},{"not_picked":["Acrobatics","Deflect","Infinite Blades"],"picked":"SKIP","floor":28},{"not_picked":["Prepared","Dagger Spray"],"picked":"Venomology","floor":29},{"not_picked":["Backstab","Dagger Spray"],"picked":"PiercingWail+1","floor":30}],"player_experience":4836409,"relics_obtained":[{"floor":7,"key":"Torii"},{"floor":9,"key":"Tough Bandages"},{"floor":11,"key":"Lantern"},{"floor":13,"key":"Bag of Preparation"},{"floor":23,"key":"Art of War"},{"floor":26,"key":"Blood Vial"},{"floor":28,"key":"The Courier"},{"floor":30,"key":"Peace Pipe"}],"event_choices":[{"cards_removed":["Defend_G"],"damage_healed":0,"gold_gain":0,"player_choice":"Card Removal","damage_taken":7,"max_hp_gain":0,"max_hp_loss":0,"event_name":"Golden Wing","floor":2,"gold_loss":0},{"damage_healed":15,"gold_gain":0,"player_choice":"Healed","damage_taken":0,"max_hp_gain":0,"max_hp_loss":0,"event_name":"The Cleric","floor":12,"gold_loss":35},{"damage_healed":0,"gold_gain":0,"player_choice":"Joined the Cult","damage_taken":6,"max_hp_gain":0,"max_hp_loss":0,"event_name":"Nest","floor":20,"gold_loss":0,"cards_obtained":["RitualDagger"]},{"damage_healed":0,"gold_gain":0,"player_choice":"Read","damage_taken":0,"max_hp_gain":0,"max_hp_loss":0,"event_name":"The Library","floor":21,"gold_loss":0,"cards_obtained":["Reflex"]},{"cards_removed":["Strike_G"],"damage_healed":0,"gold_gain":0,"player_choice":"Gave Gold","damage_taken":0,"max_hp_gain":0,"max_hp_loss":0,"event_name":"Beggar","floor":31,"gold_loss":75}],"is_beta":false,"boss_relics":[{"not_picked":["Snecko Eye","Astrolabe"],"picked":"Ring of the Serpent"}],"items_purged_floors":[19],"is_endless":false,"potions_floor_spawned":[1,4,5,10,11,23,25,30],"killed_by":"Collector","ascension_level":20}}