{"host":"jrmqsbok61y7b34d","time":1613160267,"event":{"mods":["BaseMod","Better Skull","Colored Map","Colored Powertips","Emptier Cage","Minty Spire (QoL Compilation)","Permanent Neow","Quick Restart","Relic Stats","StSLib","Unceasing Turn Reminder"],"gold_per_floor":[114,132,7,57,71,71,100,100,153,78,93,148,190,219,219,293,293,311,311,328,9,9,43,43,69,69,69,119,119,119,172,172,250,250,286,22,95,166,60,88,11,65,89,172,172,260,206,222,222,222,222],"floor_reached":52,"language":"ENG","playtime":4942,"items_purged":["Strike_P","Strike_P"],"score":2399,"play_id":"f5b29d97-5c48-404d-8618-97949b04bcd3","local_time":"20210212200426","is_ascension_mode":true,"campfire_choices":[{"data":"Eruption","floor":6.0,"key":"SMITH"},{"data":"Crescendo","floor":8.0,"key":"SMITH"},{"data":"Wish","floor":15.0,"key":"SMITH"},{"floor":24.0,"key":"REST"},{"floor":30.0,"key":"REST"},{"data":"Omniscience","floor":32.0,"key":"SMITH"},{"data":"Wish","floor":45.0,"key":"SMITH"},{"data":"ThirdEye","floor":49,"key":"SMITH"}],"circlet_count":0,"master_deck":["AscendersBane","Strike_P","Strike_P","Defend_P","Defend_P","Defend_P","Defend_P","Eruption+1","Vigilance","CarveReality","FearNoEvil","FlurryOfBlows","Halt","Crescendo+1","Wish+1","Evaluate","Protect","SpiritShield","CutThroughFate","Wish+1","CutThroughFate","J.A.X.","EmptyFist+1","Omniscience+1","FlyingSleeves+1","ThirdEye+1","Establishment","LikeWater","Omniscience+1","Vengeance","Wallop+1"],"relics":["HolyWater","MealTicket","Pen Nib","Omamori","Tiny Chest","HornCleat","Ice Cream","Enchiridion","Happy Flower","Ancient Tea Set","Strawberry","Incense Burner","Boot","VioletLotus","DollysMirror","Gremlin Horn","Blood Vial","Nunchaku","Unceasing Top","Eternal Feather","Regal Pillow"],"acts_visited":["Exordium","TheCity","TheBeyond"],"potions_floor_usage":[51,51],"damage_taken":[{"damage":7.0,"enemies":"Small Slimes","floor":1.0,"turns":3.0},{"damage":0.0,"enemies":"Cultist","floor":2.0,"turns":3.0},{"damage":4.0,"enemies":"Jaw Worm","floor":5.0,"turns":2.0},{"damage":24.0,"enemies":"Lagavulin","floor":7.0,"turns":5.0},{"damage":0.0,"enemies":"Looter","floor":11.0,"turns":2.0},{"damage":0.0,"enemies":"3 Sentries","floor":12.0,"turns":5.0},{"damage":0.0,"enemies":"3 Louse","floor":13.0,"turns":4.0},{"damage":12.0,"enemies":"Gremlin Nob","floor":14.0,"turns":4.0},{"damage":0.0,"enemies":"Slime Boss","floor":16.0,"turns":6.0},{"damage":9.0,"enemies":"Shell Parasite","floor":18.0,"turns":7.0},{"damage":0.0,"enemies":"Chosen","floor":20.0,"turns":3.0},{"damage":31.0,"enemies":"Slavers","floor":23.0,"turns":5.0},{"damage":13.0,"enemies":"Book of Stabbing","floor":25.0,"turns":4.0},{"damage":9.0,"enemies":"Snake Plant","floor":28.0,"turns":4.0},{"damage":0.0,"enemies":"Gremlin Leader","floor":31.0,"turns":4.0},{"damage":3.0,"enemies":"Collector","floor":33.0,"turns":5.0},{"damage":33.0,"enemies":"3 Darklings","floor":35.0,"turns":4.0},{"damage":0.0,"enemies":"3 Shapes","floor":37.0,"turns":3.0},{"damage":3.0,"enemies":"Nemesis","floor":40.0,"turns":3.0},{"damage":9.0,"enemies":"Giant Head","floor":42.0,"turns":5.0},{"damage":1.0,"enemies":"2 Orb Walkers","floor":44.0,"turns":3.0},{"damage":0,"enemies":"Nemesis","floor":46,"turns":3},{"damage":0,"enemies":"3 Darklings","floor":48,"turns":3},{"damage":12,"enemies":"Time Eater","floor":50,"turns":6},{"damage":10,"enemies":"Awakened One","floor":51,"turns":8}],"seed_played":"-2501654840897670703","potions_obtained":[{"floor":1.0,"key":"StancePotion"},{"floor":2.0,"key":"GamblersBrew"},{"floor":13.0,"key":"Dexterity Potion"},{"floor":23.0,"key":"FearPotion"},{"floor":25.0,"key":"PowerPotion"},{"floor":35.0,"key":"SteroidPotion"}],"is_trial":false,"path_per_floor":["M","M","$","?","M","R","E","R","T","$","M","E","M","E","R","B",null,"M","?","M","$","?","E","R","E","T","?","M","$","R","E","R","B",null,"M","$","M","T","$","E","$","E","T","?","R","E","?","M","R","B","B",null],"character_chosen":"WATCHER","items_purchased":["FlurryOfBlows","Wish","Ice Cream","DollysMirror","CultistPotion","Vengeance"],"campfire_rested":2,"item_purchase_floors":[3,10,21,36,39,41],"current_hp_per_floor":[54,54,68,68,64,64,40,40,40,55,55,55,55,43,43,43,62,53,53,53,68,47,16,36,23,30,30,21,36,58,58,58,55,70,37,52,52,52,67,64,75,66,66,67,67,69,69,71,75,63,55],"gold":222,"neow_bonus":"RANDOM_COMMON_RELIC","is_daily":false,"chose_seed":false,"campfire_upgraded":6,"win_rate":0.0,"timestamp":1613160266,"path_taken":["M","M","$","?","M","R","E","R","T","$","?","E","M","E","R","BOSS","M","?","M","$","?","E","R","E","T","?","M","$","R","E","R","BOSS","M","$","M","?","$","E","$","E","T","?","R","E","?","M","R","BOSS","BOSS"],"items_purchased_type":["Card","Card","Relic","Relic","Potion","Card"],"build_version":"2020-12-22","purchased_purges":2,"victory":true,"max_hp_per_floor":[68,68,68,68,68,68,68,68,68,68,68,68,68,68,68,68,68,68,68,68,68,68,68,68,68,75,75,75,75,75,75,75,75,75,75,75,75,75,75,75,75,75,75,75,75,75,75,75,75,75,75],"relic_stats":{"Regal Pillow":0,"Happy Flower":[18],"Gremlin Horn":[6,6],"counters":[25,104],"Eternal Feather":4,"Pen Nib":[20],"Boot":[13],"Blood Vial":8,"Nunchaku":[6],"MealTicket":100,"Tiny Chest":1,"VioletLotus":[12],"obtain_stats":[{"Ice Cream":21,"Regal Pillow":47,"Happy Flower":23,"Gremlin Horn":38,"Enchiridion":22,"Eternal Feather":46,"Pen Nib":7,"Omamori":9,"Incense Burner":27,"Ancient Tea Set":25,"Boot":31,"Blood Vial":42,"Nunchaku":43,"HornCleat":14,"DollysMirror":36,"Strawberry":26,"HolyWater":17,"MealTicket":0,"Tiny Chest":12,"VioletLotus":34,"PureWater":0,"Unceasing Top":44},{"Ice Cream":11,"Regal Pillow":22,"Happy Flower":12,"Gremlin Horn":18,"Enchiridion":11,"Eternal Feather":22,"Pen Nib":4,"Omamori":4,"Incense Burner":13,"Ancient Tea Set":13,"Boot":15,"Blood Vial":20,"Nunchaku":20,"HornCleat":8,"DollysMirror":17,"Strawberry":13,"HolyWater":9,"MealTicket":0,"Tiny Chest":6,"VioletLotus":16,"PureWater":0,"Unceasing Top":21},{"Ice Cream":44,"Regal Pillow":87,"Happy Flower":49,"Gremlin Horn":73,"Enchiridion":44,"Eternal Feather":87,"Pen Nib":13,"Omamori":13,"Incense Burner":53,"Ancient Tea Set":53,"Boot":61,"Blood Vial":81,"Nunchaku":81,"HornCleat":28,"DollysMirror":70,"Strawberry":53,"HolyWater":34,"MealTicket":0,"Tiny Chest":20,"VioletLotus":66,"PureWater":0,"Unceasing Top":84}],"Unceasing Top":[0]},"card_choices":[{"not_picked":["Crescendo","JustLucky"],"picked":"CarveReality","floor":1.0},{"not_picked":["ForeignInfluence","SandsOfTime"],"picked":"FearNoEvil","floor":2.0},{"not_picked":["PathToVictory","FearNoEvil"],"picked":"Halt","floor":5.0},{"not_picked":["Collect","SashWhip"],"picked":"Crescendo","floor":7.0},{"not_picked":["Crescendo","WindmillStrike"],"picked":"Evaluate","floor":11.0},{"not_picked":["FlurryOfBlows","Sanctity"],"picked":"Protect","floor":12.0},{"not_picked":["Sanctity","FollowUp"],"picked":"SpiritShield","floor":13.0},{"not_picked":["Consecrate","CrushJoints"],"picked":"CutThroughFate","floor":14.0},{"not_picked":["Brilliance","Judgement"],"picked":"Wish","floor":16.0},{"not_picked":["CrushJoints","PathToVictory"],"picked":"CutThroughFate","floor":18.0},{"not_picked":["Protect","SashWhip"],"picked":"EmptyFist+1","floor":20.0},{"not_picked":["SandsOfTime","Wish","Prostrate"],"picked":"SKIP","floor":23.0},{"not_picked":["CutThroughFate","MentalFortress"],"picked":"Omniscience","floor":25.0},{"not_picked":["Evaluate","FollowUp"],"picked":"FlyingSleeves+1","floor":28.0},{"not_picked":["JustLucky","Halt"],"picked":"ThirdEye","floor":31.0},{"not_picked":["Wish","Devotion"],"picked":"Establishment","floor":33.0},{"not_picked":["Crescendo","FlyingSleeves"],"picked":"LikeWater","floor":35.0},{"not_picked":["FlyingSleeves+1","Crescendo","Protect"],"picked":"SKIP","floor":37.0},{"not_picked":["Halt","MasterReality","FearNoEvil"],"picked":"SKIP","floor":40.0},{"not_picked":["Crescendo+1","Halt","SashWhip"],"picked":"SKIP","floor":42.0},{"not_picked":["PathToVictory+1","Prostrate+1"],"picked":"Wallop+1","floor":44.0},{"not_picked":["PathToVictory","Adaptation","Crescendo"],"picked":"SKIP","floor":46},{"not_picked":["FlurryOfBlows","CrushJoints","Prostrate"],"picked":"SKIP","floor":48}],"player_experience":1067421,"relics_obtained":[{"floor":7.0,"key":"Pen Nib"},{"floor":9.0,"key":"Omamori"},{"floor":12.0,"key":"Tiny Chest"},{"floor":14.0,"key":"HornCleat"},{"floor":22.0,"key":"Enchiridion"},{"floor":23.0,"key":"Happy Flower"},{"floor":25.0,"key":"Ancient Tea Set"},{"floor":26.0,"key":"Strawberry"},{"floor":31.0,"key":"Boot"},{"floor":38.0,"key":"Gremlin Horn"},{"floor":42.0,"key":"Blood Vial"},{"floor":43.0,"key":"Nunchaku"},{"floor":44.0,"key":"Unceasing Top"},{"floor":46,"key":"Eternal Feather"}],"event_choices":[{"damage_healed":0.0,"max_hp_gain":0.0,"max_hp_loss":0.0,"gold_gain":50.0,"event_name":"Golden Shrine","player_choice":"Pray","floor":4.0,"gold_loss":0.0,"damage_taken":0.0},{"damage_healed":0.0,"max_hp_gain":0.0,"max_hp_loss":0.0,"gold_gain":0.0,"event_name":"Drug Dealer","player_choice":"Obtain J.A.X.","floor":19.0,"gold_loss":0.0,"damage_taken":0.0,"cards_obtained":["J.A.X."]},{"damage_healed":0.0,"max_hp_gain":0.0,"max_hp_loss":0.0,"gold_gain":0.0,"event_name":"Cursed Tome","player_choice":"Obtained Book","floor":22.0,"gold_loss":0.0,"damage_taken":21.0},{"damage_healed":0.0,"max_hp_gain":0.0,"max_hp_loss":0.0,"gold_gain":0.0,"event_name":"Addict","player_choice":"Stole Relic","floor":27.0,"gold_loss":0.0,"damage_taken":0.0,"relics_obtained":["Incense Burner"],"cards_obtained":["Shame"]},{"damage_healed":0.0,"max_hp_gain":0.0,"max_hp_loss":0.0,"gold_gain":0.0,"event_name":"Mysterious Sphere","player_choice":"Fight","floor":44.0,"gold_loss":0.0,"damage_taken":0.0},{"damage_healed":0,"gold_gain":0,"player_choice":"Paid Gold","damage_taken":0,"relics_obtained":["Regal Pillow"],"max_hp_gain":0,"max_hp_loss":0,"event_name":"WeMeetAgain","floor":47,"gold_loss":54}],"is_beta":false,"boss_relics":[{"not_picked":["Runic Dome","Black Star"],"picked":"HolyWater"},{"not_picked":["Astrolabe","Philosopher\u0027s Stone"],"picked":"VioletLotus"}],"items_purged_floors":[3,36],"is_endless":false,"potions_floor_spawned":[1,2,5,11,13,23,25,28,35,42,48],"ascension_level":20}}