{"host":"s24sb66hw4a4sfft","time":1613118789,"event":{"mods":["AchievementEnabler","BaseMod","Colored Map","Colored Powertips","Googly Eyes","Hermit","Hubris","Minty Spire (QoL Compilation)","Quick Restart","Shop Mod","StSLib"],"gold_per_floor":[114,114,44,62,78,103,103,123,199,199,199,219,219,245,245,340,340,358,373,373,373,373,373,373],"floor_reached":23,"language":"ENG","playtime":956,"items_purged":[],"score":189,"play_id":"a05d6860-90d0-4c2a-8b37-e21e79f61aaf","local_time":"20210212033309","is_ascension_mode":false,"campfire_choices":[{"data":"hermit:Quickdraw","floor":10.0,"key":"SMITH"},{"data":"hermit:Showdown","floor":15.0,"key":"SMITH"}],"circlet_count":0,"master_deck":["hermit:Strike_Hermit","hermit:Strike_Hermit","hermit:Strike_Hermit","hermit:Defend_Hermit","hermit:Defend_Hermit","hermit:Defend_Hermit","hermit:Snapshot","hermit:Covet","hermit:Snipe","hermit:Shortfuse","hermit:Shortfuse","hermit:Glare","hermit:Roulette","hermit:Showdown+1","hermit:Quickdraw+1","hermit:Virtue","hermit:Desperado","RitualDagger"],"relics":["hermit:Momento","NeowsBlessing","GremlinMask","Omamori","Gremlin Horn","Bag of Marbles","Busted Crown","WarpedTongs"],"acts_visited":["Exordium","TheCity"],"potions_floor_usage":[23],"damage_taken":[{"damage":0.0,"enemies":"Jaw Worm","floor":1.0,"turns":1.0},{"damage":0.0,"enemies":"Cultist","floor":4.0,"turns":1.0},{"damage":0.0,"enemies":"2 Louse","floor":5.0,"turns":1.0},{"damage":18.0,"enemies":"3 Sentries","floor":6.0,"turns":6.0},{"damage":4.0,"enemies":"Red Slaver","floor":8.0,"turns":3.0},{"damage":10.0,"enemies":"3 Louse","floor":12.0,"turns":2.0},{"damage":63.0,"enemies":"The Guardian","floor":16.0,"turns":11.0},{"damage":1.0,"enemies":"Chosen","floor":18.0,"turns":3.0},{"damage":33.0,"enemies":"2 Thieves","floor":19.0,"turns":4.0},{"damage":49,"enemies":"Gremlin Leader","floor":23,"turns":5}],"seed_played":"1989659150719829622","potions_obtained":[{"floor":1.0,"key":"DistilledChaos"},{"floor":5.0,"key":"FairyPotion"},{"floor":16.0,"key":"Regen Potion"}],"is_trial":false,"path_per_floor":["M","?","$","M","M","E","?","M","T","R","?","M","$","T","R","B",null,"M","M","?","?","?","E"],"character_chosen":"HERMIT","items_purchased":["hermit:Shortfuse"],"campfire_rested":0,"item_purchase_floors":[3],"current_hp_per_floor":[75,75,75,75,75,57,57,53,53,53,53,43,43,43,43,3,75,74,41,41,35,35,0,0],"gold":373,"neow_bonus":"THREE_ENEMY_KILL","is_daily":false,"chose_seed":false,"campfire_upgraded":2,"win_rate":0.0,"timestamp":1613118789,"path_taken":["M","?","?","M","M","E","?","?","T","R","?","M","?","?","R","BOSS","M","M","?","?","?","E"],"items_purchased_type":["Card"],"build_version":"2020-12-22","purchased_purges":0,"victory":false,"max_hp_per_floor":[75,75,75,75,75,75,75,75,75,75,75,75,75,75,75,75,75,75,75,75,75,75,75,75],"card_choices":[{"not_picked":["hermit:LuckOfTheDraw","hermit:Manifest"],"picked":"hermit:Snipe","floor":1.0},{"not_picked":["hermit:CalledShot","hermit:TrackingShot"],"picked":"hermit:Shortfuse","floor":4.0},{"not_picked":["hermit:Desperado","hermit:WideOpen"],"picked":"hermit:Glare","floor":5.0},{"not_picked":["hermit:Feint","hermit:TrackingShot"],"picked":"hermit:Roulette","floor":6.0},{"not_picked":["hermit:Horror","hermit:HoleUp"],"picked":"hermit:Quickdraw","floor":8.0},{"not_picked":["hermit:LowProfile","hermit:Manifest"],"picked":"hermit:Virtue","floor":12.0},{"not_picked":["hermit:Roulette"],"picked":"SKIP","floor":18.0},{"not_picked":[],"picked":"hermit:Desperado","floor":19.0}],"player_experience":628928,"relics_obtained":[{"floor":6.0,"key":"Omamori"},{"floor":9.0,"key":"Gremlin Horn"},{"floor":14.0,"key":"Bag of Marbles"}],"event_choices":[{"damage_healed":0.0,"max_hp_gain":0.0,"max_hp_loss":0.0,"gold_gain":0.0,"event_name":"FaceTrader","player_choice":"Trade","floor":2.0,"gold_loss":0.0,"damage_taken":0.0,"relics_obtained":["GremlinMask"]},{"damage_healed":0.0,"max_hp_gain":0.0,"max_hp_loss":0.0,"gold_gain":0.0,"cards_transformed":["hermit:Strike_Hermit"],"event_name":"Transmorgrifier","player_choice":"Transformed","floor":7.0,"gold_loss":0.0,"damage_taken":0.0,"cards_obtained":["hermit:Showdown"]},{"cards_removed":["hermit:Defend_Hermit"],"damage_healed":0.0,"max_hp_gain":0.0,"max_hp_loss":0.0,"gold_gain":0.0,"event_name":"Wheel of Change","player_choice":"Card Removal","floor":11.0,"gold_loss":0.0,"damage_taken":0.0},{"damage_healed":0.0,"max_hp_gain":0.0,"max_hp_loss":0.0,"gold_gain":0.0,"event_name":"Ghosts","player_choice":"Ignored","floor":20.0,"gold_loss":0.0,"damage_taken":0.0},{"damage_healed":0.0,"max_hp_gain":0.0,"max_hp_loss":0.0,"gold_gain":0.0,"event_name":"Nest","player_choice":"Joined the Cult","floor":21.0,"gold_loss":0.0,"damage_taken":6.0,"cards_obtained":["RitualDagger"]},{"damage_healed":0.0,"max_hp_gain":0.0,"max_hp_loss":0.0,"gold_gain":0.0,"event_name":"Accursed Blacksmith","player_choice":"Rummage","floor":22.0,"gold_loss":0.0,"damage_taken":0.0,"relics_obtained":["WarpedTongs"],"cards_obtained":["Pain"]}],"is_beta":false,"boss_relics":[{"not_picked":["Ectoplasm","hubris:Backtick"],"picked":"Busted Crown"}],"items_purged_floors":[],"is_endless":false,"potions_floor_spawned":[1,5,16],"killed_by":"Gremlin Leader","ascension_level":0}}