{"host":"41vgbr386mrj4p17","time":1613094146,"event":{"mods":["AchievementEnabler","AlwaysNeverKeys","BaseMod","Bestiary","Better Altar","Better Match","Better Note","Better Sensory Stone","Better Skull","Better Third Choice","Colored Map","Curses Come First","Downfall","Googly Eyes","Hermit","Highlight Path","Minty Spire (QoL Compilation)","Shade Mod","StSLib","The Cursed"],"gold_per_floor":[99,109,129,279,289,318,318,318,338,338,356,383,395,57,70,165,165,165,184,14,26,46,46,46,59,59,87,12,12,0,0,16,117,117,117,133,133,119,133,144,168,201,201,201,220,220,253,271,287,287],"floor_reached":51,"language":"ENG","playtime":4707,"items_purged":["bronze:Strike","bronze:Frontload+1"],"score":914,"play_id":"282661ae-1975-4880-9140-e35464315fdf","local_time":"20210211204226","is_ascension_mode":false,"campfire_choices":[{"data":"bronze:Goto","floor":1,"key":"SMITH"},{"data":"downfall:Icky","floor":8,"key":"PURGE"},{"data":"bronze:Strike","floor":10,"key":"PURGE"},{"data":"bronze:Defend","floor":13,"key":"PURGE"},{"data":"bronze:Shell","floor":18,"key":"SMITH"},{"data":"bronze:DelayedSlice","floor":23,"key":"SMITH"},{"data":"bronze:Strike","floor":29,"key":"PURGE"},{"data":"bronze:Verify","floor":35,"key":"SMITH"},{"data":"bronze:Fortify","floor":43,"key":"SMITH"},{"data":"bronze:Fortify+1","floor":46,"key":"PURGE"}],"circlet_count":0,"master_deck":["bronze:Replicate+1","bronze:Goto+1","bronze:DelayedSlice+1","bronze:ChildClass","bronze:BronzeOrb","bronze:DelayedSlice+1","bronze:DelayedGuard","bronze:Shell+1","bronze:DelayedGuard+1","bronze:ChildClass","bronze:ChildClass","bronze:DelayedSlice+1","bronze:Verify+1"],"relics":["bronze:BronzeCore","Peace Pipe","Eternal Feather","ClockworkSouvenir","Astrolabe","Juzu Bracelet","FossilizedHelix","PreservedInsect","Ancient Tea Set","Empty Cage","Whetstone","Lantern","Happy Flower","Omamori"],"acts_visited":["Exordium","TheCity","TheBeyond"],"potions_floor_usage":[6,12,12,27,27,32,32,38,39,45],"damage_taken":[{"damage":7,"enemies":"2 Louse","floor":2,"turns":2},{"damage":0,"enemies":"Small Slimes","floor":3,"turns":3},{"damage":11,"enemies":"Jaw Worm","floor":5,"turns":5},{"damage":3,"enemies":"3 Sentries","floor":6,"turns":11},{"damage":0,"enemies":"Exordium Wildlife","floor":9,"turns":3},{"damage":0,"enemies":"Large Slime","floor":11,"turns":5},{"damage":8,"enemies":"Lagavulin","floor":12,"turns":4},{"damage":0,"enemies":"downfall:FleeingMerchant","floor":14,"turns":4},{"damage":1,"enemies":"Blue Slaver","floor":15,"turns":3},{"damage":7,"enemies":"WA_ARCHETYPE_RETAIN","floor":16,"turns":7},{"damage":0,"enemies":"Spheric Guardian","floor":19,"turns":3},{"damage":0,"enemies":"downfall:FleeingMerchant","floor":20,"turns":4},{"damage":10,"enemies":"Shell Parasite","floor":21,"turns":5},{"damage":0,"enemies":"Centurion and Healer","floor":22,"turns":6},{"damage":0,"enemies":"3 Cultists","floor":25,"turns":4},{"damage":0,"enemies":"Book of Stabbing","floor":27,"turns":2},{"damage":0,"enemies":"downfall:FleeingMerchant","floor":30,"turns":4},{"damage":0,"enemies":"Chosen and Byrds","floor":32,"turns":2},{"damage":0,"enemies":"SI_MIRROR_ARCHETYPE","floor":33,"turns":7},{"damage":17,"enemies":"3 Shapes","floor":36,"turns":3},{"damage":0,"enemies":"downfall:FleeingMerchant","floor":38,"turns":2},{"damage":8,"enemies":"3 Darklings","floor":39,"turns":3},{"damage":0,"enemies":"Transient","floor":40,"turns":5},{"damage":0,"enemies":"Reptomancer","floor":42,"turns":4},{"damage":3,"enemies":"Writhing Mass","floor":45,"turns":6},{"damage":0,"enemies":"Giant Head","floor":47,"turns":5},{"damage":25,"enemies":"3 Darklings","floor":48,"turns":3},{"damage":0,"enemies":"Transient","floor":49,"turns":5},{"damage":0,"enemies":"DF_ARCHETYPE_ORBS","floor":50,"turns":11}],"seed_played":"-7040934457735282958","potions_obtained":[{"floor":3,"key":"SkillPotion"},{"floor":5,"key":"EssenceOfSteel"},{"floor":9,"key":"FearPotion"},{"floor":15,"key":"Slimebound:ThreeZeroPotion"},{"floor":21,"key":"SteroidPotion"},{"floor":22,"key":"GamblersBrew"},{"floor":27,"key":"LiquidBronze"},{"floor":31,"key":"FearPotion"},{"floor":31,"key":"Ancient Potion"},{"floor":33,"key":"Explosive Potion"},{"floor":36,"key":"GamblersBrew"},{"floor":39,"key":"ColorlessPotion"},{"floor":48,"key":"EssenceOfSteel"}],"is_trial":false,"path_per_floor":["R","M","M","?","M","E","T","R","M","R","M","E","R","$","M","B",null,"R","M","$","M","M","R","T","M","?","E","?","R","$","?","M","B",null,"R","M","?","$","M","M","T","E","R","?","M","R","E","M","M","B",null],"character_chosen":"THE_AUTOMATON","items_purchased":["bronze:Shell","ClockworkSouvenir","bronze:ChosenStrike","Juzu Bracelet","Whetstone","EntropicBrew"],"campfire_rested":0,"item_purchase_floors":[14,14,14,20,38,38],"current_hp_per_floor":[77,70,70,70,59,56,56,62,62,68,68,60,66,66,65,58,77,77,77,77,67,67,76,76,76,43,43,43,52,52,52,52,52,77,77,60,87,87,79,79,79,79,87,87,84,87,87,62,62,62],"gold":287,"neow_bonus":"TEN_PERCENT_HP_BONUS","is_daily":false,"chose_seed":false,"campfire_upgraded":5,"win_rate":0.0,"timestamp":1613094146,"path_taken":["R","M","M","?","M","E","T","R","M","R","M","E","R","$","M","BOSS","R","M","$","M","M","R","T","M","?","E","?","R","?","?","M","BOSS","R","M","?","$","M","M","T","E","R","?","M","R","E","M","M","BOSS"],"items_purchased_type":["Card","Relic","Card","Relic","Relic","Potion"],"build_version":"2020-12-22","purchased_purges":2,"victory":true,"max_hp_per_floor":[77,77,77,77,77,77,77,77,77,77,77,77,77,77,77,77,77,77,77,77,77,77,77,77,77,77,77,77,77,77,77,77,77,77,77,77,87,87,87,87,87,87,87,87,87,87,87,87,87,87],"card_choices":[{"not_picked":["bronze:FineTuning","bronze:Invalidate"],"picked":"bronze:DelayedSlice","floor":2},{"not_picked":["bronze:BugBarrage","bronze:DelayedSlice"],"picked":"bronze:ChildClass","floor":3},{"not_picked":["bronze:CutThrough","bronze:Allocate"],"picked":"bronze:BronzeOrb","floor":5},{"not_picked":["bronze:Invalidate","bronze:Turbo","bronze:WildBeam"],"picked":"SKIP","floor":6},{"not_picked":["bronze:BuggyMess","bronze:BugBarrage"],"picked":"bronze:DelayedSlice","floor":9},{"not_picked":["bronze:BitShift","bronze:Backtrace","bronze:WildBeam"],"picked":"SKIP","floor":11},{"not_picked":["bronze:BronzeArmor","bronze:GetLatest"],"picked":"bronze:DelayedGuard","floor":12},{"not_picked":["bronze:Turbo","bronze:Invalidate","bronze:OilSpill"],"picked":"SKIP","floor":14},{"not_picked":["bronze:FineTuning","bronze:Allocate"],"picked":"bronze:Fortify","floor":15},{"not_picked":["bronze:Safeguard","bronze:ChosenStrike+1"],"picked":"bronze:DelayedGuard+1","floor":19},{"not_picked":["bronze:Turbo+1","bronze:BitShift","bronze:Branch"],"picked":"SKIP","floor":20},{"not_picked":["bronze:DelayedSlice+1","bronze:BugBarrage"],"picked":"bronze:ChildClass","floor":21},{"not_picked":["bronze:Frontload+1","bronze:ForceShield","bronze:NullPointer+1"],"picked":"SKIP","floor":22},{"not_picked":["bronze:GetLatest","bronze:BugBarrage","bronze:SpaghettiCode"],"picked":"SKIP","floor":25},{"not_picked":["bronze:DelayedSlice","bronze:Return"],"picked":"bronze:ChildClass","floor":27},{"not_picked":["bronze:Turbo+1","bronze:CutThrough+1"],"picked":"bronze:DelayedSlice+1","floor":28},{"not_picked":["bronze:OilSpill","bronze:Overload","bronze:WhirlingStrike"],"picked":"SKIP","floor":30},{"not_picked":["bronze:Frontload","bronze:Overheat","bronze:BronzeArmor"],"picked":"SKIP","floor":32},{"not_picked":["bronze:FindAndReplace","bronze:ThunderWave"],"picked":"bronze:Verify","floor":33},{"not_picked":["bronze:ForceShield","bronze:Overheat+1","bronze:Shield+1"],"picked":"SKIP","floor":36},{"not_picked":["bronze:WhirlingStrike","bronze:Fortify+1","bronze:Format"],"picked":"SKIP","floor":38},{"not_picked":["bronze:CutThrough","bronze:Turbo","bronze:ChildClass"],"picked":"SKIP","floor":39},{"not_picked":["bronze:MaxOutput+1","bronze:Allocate","bronze:NullPointer"],"picked":"SKIP","floor":40},{"not_picked":["bronze:OilSpill+1","bronze:Branch","bronze:Deprecate"],"picked":"SKIP","floor":42},{"not_picked":["bronze:Invalidate+1","bronze:BuggyMess+1","bronze:DarkDash"],"picked":"SKIP","floor":45},{"not_picked":["bronze:CutThrough+1","bronze:Deprecate+1","bronze:Shield"],"picked":"SKIP","floor":47},{"not_picked":["bronze:BuggyMess","bronze:GetLatest","bronze:OilSpill+1"],"picked":"SKIP","floor":48},{"not_picked":["bronze:Turbo+1","bronze:Invalidate+1","bronze:BitShift"],"picked":"SKIP","floor":49}],"player_experience":1083619,"relics_obtained":[{"floor":6,"key":"Peace Pipe"},{"floor":7,"key":"Eternal Feather"},{"floor":12,"key":"MawBank"},{"floor":24,"key":"FossilizedHelix"},{"floor":41,"key":"Lantern"},{"floor":42,"key":"Happy Flower"},{"floor":47,"key":"Omamori"}],"event_choices":[{"damage_healed":0,"gold_gain":0,"player_choice":"RE RE ","damage_taken":37,"relics_obtained":["PreservedInsect","Ancient Tea Set"],"max_hp_gain":0,"max_hp_loss":0,"event_name":"betterSkull:BetterSkull","floor":26,"gold_loss":0,"cards_upgraded":[]},{"damage_healed":0,"gold_gain":0,"player_choice":"2","damage_taken":0,"max_hp_gain":0,"max_hp_loss":0,"event_name":"betterMatch:BetterMatch","floor":28,"gold_loss":0,"cards_obtained":["betterMatch:CommonCard"]},{"cards_removed":["bronze:ChosenStrike"],"damage_healed":0,"gold_gain":0,"player_choice":"Removed Attack","damage_taken":0,"max_hp_gain":0,"max_hp_loss":0,"event_name":"Falling","floor":44,"gold_loss":0}],"is_beta":false,"boss_relics":[{"not_picked":["Snecko Eye","Sozu"],"picked":"Astrolabe"},{"not_picked":["Pandora\u0027s Box","SacredBark"],"picked":"Empty Cage"}],"items_purged_floors":[14,38],"is_endless":false,"potions_floor_spawned":[3,5,9,15,21,22,27,33,36,39,40,48,49],"ascension_level":0}}