{"host":"2qv44oxt58ptq59r","time":1613142880,"event":{"mods":["AchievementEnabler","BaseMod","Colored Powertips","Highlight Path","Minty Spire (QoL Compilation)","Permanent Neow","StSLib"],"gold_per_floor":[119,132,57,76,76,88,119,119,119,144,10,20,20,49,49,147,147,165,165,184,184,31,31,48,48,48,58,58,58,93,43,43,140,140,156,172,189,205,255,255,255,255,305,324,21,21,38,50,50,50,50],"floor_reached":50,"language":"ENG","playtime":5016,"items_purged":["Strike_R","Strike_R"],"score":653,"play_id":"86568525-3221-4be1-a98f-48093df9f022","local_time":"20210212151440","is_ascension_mode":true,"campfire_choices":[{"data":"Inflame","floor":13.0,"key":"SMITH"},{"data":"Limit Break","floor":15.0,"key":"SMITH"},{"data":"Heavy Blade","floor":23.0,"key":"SMITH"},{"data":"Blood for Blood","floor":25.0,"key":"SMITH"},{"floor":28.0,"key":"REST"},{"data":"Bash","floor":32.0,"key":"SMITH"},{"floor":40,"key":"REST"},{"floor":46,"key":"RECALL"},{"floor":49,"key":"REST"}],"circlet_count":0,"master_deck":["Strike_R","Strike_R","Defend_R","Defend_R","Defend_R","Defend_R","Bash+1","Blood for Blood+1","Clothesline","Headbutt","Inflame+1","Rage","Limit Break+1","Impervious","Seeing Red+1","Reaper","Heavy Blade+1","Heavy Blade","Infernal Blade+1","Disarm"],"relics":["Burning Blood","Blue Candle","Eternal Feather","MawBank","Lee\u0027s Waffle","HornCleat","Busted Crown","Potion Belt","Turnip","Black Star","Ice Cream","Bronze Scales","Red Skull"],"acts_visited":["Exordium","TheCity","TheBeyond"],"potions_floor_usage":[35,38,39,44,47,48],"damage_taken":[{"damage":10.0,"enemies":"Small Slimes","floor":1.0,"turns":5.0},{"damage":1.0,"enemies":"Jaw Worm","floor":2.0,"turns":5.0},{"damage":1.0,"enemies":"Cultist","floor":4.0,"turns":4.0},{"damage":7.0,"enemies":"Looter","floor":6.0,"turns":4.0},{"damage":45.0,"enemies":"3 Sentries","floor":7.0,"turns":10.0},{"damage":29.0,"enemies":"Lagavulin","floor":10.0,"turns":8.0},{"damage":5.0,"enemies":"2 Fungi Beasts","floor":12.0,"turns":4.0},{"damage":29.0,"enemies":"3 Sentries","floor":14.0,"turns":8.0},{"damage":46.0,"enemies":"Slime Boss","floor":16.0,"turns":9.0},{"damage":13.0,"enemies":"2 Thieves","floor":18.0,"turns":4.0},{"damage":22.0,"enemies":"Shell Parasite","floor":20.0,"turns":7.0},{"damage":33.0,"enemies":"Cultist and Chosen","floor":24.0,"turns":7.0},{"damage":41.0,"enemies":"Sentry and Sphere","floor":27.0,"turns":6.0},{"damage":0.0,"enemies":"Centurion and Healer","floor":29.0,"turns":1.0},{"damage":32.0,"enemies":"Slavers","floor":30.0,"turns":6.0},{"damage":78.0,"enemies":"Automaton","floor":33.0,"turns":9.0},{"damage":22,"enemies":"3 Darklings","floor":35,"turns":6},{"damage":11,"enemies":"Orb Walker","floor":36,"turns":5},{"damage":37,"enemies":"Spire Growth","floor":37,"turns":4},{"damage":36,"enemies":"Writhing Mass","floor":38,"turns":6},{"damage":28,"enemies":"Mind Bloom Boss Battle","floor":39,"turns":5},{"damage":32,"enemies":"4 Shapes","floor":44,"turns":7},{"damage":43,"enemies":"Jaw Worm Horde","floor":47,"turns":4},{"damage":30,"enemies":"Sphere and 2 Shapes","floor":48,"turns":9},{"damage":72,"enemies":"Donu and Deca","floor":50,"turns":4}],"seed_played":"7540214962956692716","potions_obtained":[{"floor":1.0,"key":"SpeedPotion"},{"floor":7.0,"key":"EssenceOfSteel"},{"floor":10.0,"key":"SpeedPotion"},{"floor":12.0,"key":"PowerPotion"},{"floor":16.0,"key":"SmokeBomb"},{"floor":18.0,"key":"BloodPotion"},{"floor":24.0,"key":"SneckoOil"},{"floor":27.0,"key":"DistilledChaos"},{"floor":33.0,"key":"ColorlessPotion"},{"floor":37,"key":"Block Potion"},{"floor":38,"key":"GamblersBrew"},{"floor":39,"key":"SpeedPotion"},{"floor":47,"key":"Fire Potion"}],"is_trial":false,"path_per_floor":["M","M","$","M","$","M","E","?","T","E","$","M","R","E","R","B",null,"M","?","M","?","$","R","M","R","T","M","R","M","E","$","R","B",null,"M","M","M","M","?","R","?","?","T","M","$","R","M","M","R","B"],"character_chosen":"IRONCLAD","items_purchased":["Lee\u0027s Waffle","Potion Belt","Energy Potion","Red Skull","BloodPotion"],"campfire_rested":3,"item_purchase_floors":[11,22,31,45,45],"current_hp_per_floor":[76,81,81,86,86,85,46,46,46,23,95,95,95,72,81,41,82,75,75,59,59,59,68,49,58,58,23,60,66,54,54,63,30,79,78,80,49,29,7,47,47,47,47,35,35,47,47,23,62,0,0],"gold":50,"neow_bonus":"TEN_PERCENT_HP_BONUS","is_daily":false,"chose_seed":false,"campfire_upgraded":5,"win_rate":0.0,"timestamp":1613142880,"path_taken":["M","M","$","M","$","M","E","?","T","E","$","M","R","E","R","BOSS","M","?","M","?","$","R","M","R","T","?","R","M","E","$","R","BOSS","M","M","M","M","?","R","?","?","T","M","$","R","M","?","R","BOSS"],"items_purchased_type":["Relic","Relic","Potion","Relic","Potion"],"build_version":"2020-12-22","purchased_purges":2,"victory":false,"max_hp_per_floor":[88,88,88,88,88,88,88,88,88,88,95,95,95,95,95,95,95,95,95,95,95,95,95,95,95,95,95,95,95,95,95,95,95,95,95,95,95,95,95,95,95,92,92,92,92,92,92,92,92,92,92],"card_choices":[{"not_picked":["Clothesline","Dark Embrace"],"picked":"Blood for Blood","floor":1.0},{"not_picked":["Twin Strike","Dual Wield","Iron Wave"],"picked":"SKIP","floor":2.0},{"not_picked":["Sever Soul","Power Through","Evolve"],"picked":"SKIP","floor":4.0},{"not_picked":["Heavy Blade","Anger"],"picked":"Clothesline","floor":6.0},{"not_picked":["Rupture","Flex"],"picked":"Headbutt","floor":7.0},{"not_picked":["Anger","Shrug It Off"],"picked":"Inflame","floor":10.0},{"not_picked":["Clash","Rampage"],"picked":"Rage","floor":12.0},{"not_picked":["Sentinel","Seeing Red"],"picked":"Limit Break","floor":14.0},{"not_picked":["Exhume","Berserk"],"picked":"Impervious","floor":16.0},{"not_picked":[],"picked":"Seeing Red+1","floor":18.0},{"not_picked":["Armaments"],"picked":"SKIP","floor":20.0},{"not_picked":["Dual Wield"],"picked":"SKIP","floor":24.0},{"not_picked":["Clash+1"],"picked":"SKIP","floor":27.0},{"not_picked":["Perfected Strike"],"picked":"SKIP","floor":30.0},{"not_picked":[],"picked":"Heavy Blade","floor":35},{"not_picked":[],"picked":"Infernal Blade+1","floor":36},{"not_picked":["Hemokinesis+1"],"picked":"SKIP","floor":37},{"not_picked":["Perfected Strike"],"picked":"SKIP","floor":38},{"not_picked":[],"picked":"Disarm","floor":44},{"not_picked":["Sever Soul"],"picked":"SKIP","floor":47},{"not_picked":["Evolve"],"picked":"SKIP","floor":48}],"player_experience":5681621,"relics_obtained":[{"floor":7.0,"key":"Blue Candle"},{"floor":9.0,"key":"Eternal Feather"},{"floor":10.0,"key":"MawBank"},{"floor":14.0,"key":"HornCleat"},{"floor":30.0,"key":"Turnip"},{"floor":39,"key":"Ice Cream"},{"floor":43,"key":"Bronze Scales"}],"event_choices":[{"damage_healed":0.0,"max_hp_gain":0.0,"max_hp_loss":0.0,"gold_gain":0.0,"event_name":"Scrap Ooze","player_choice":"Fled","floor":8.0,"gold_loss":0.0,"damage_taken":0.0},{"damage_healed":0.0,"max_hp_gain":0.0,"max_hp_loss":0.0,"gold_gain":0.0,"event_name":"Ghosts","player_choice":"Ignored","floor":19.0,"gold_loss":0.0,"damage_taken":0.0},{"damage_healed":0.0,"max_hp_gain":0.0,"max_hp_loss":0.0,"gold_gain":0.0,"event_name":"Match and Keep!","player_choice":"2 cards matched","floor":21.0,"gold_loss":0.0,"damage_taken":0.0,"cards_obtained":["Reaper","Heavy Blade"]},{"damage_healed":0,"gold_gain":0,"player_choice":"Fight","damage_taken":0,"max_hp_gain":0,"max_hp_loss":0,"event_name":"MindBloom","floor":39,"gold_loss":0},{"cards_removed":["Strike_R"],"damage_healed":0,"gold_gain":0,"player_choice":"Removed Attack","damage_taken":0,"max_hp_gain":0,"max_hp_loss":0,"event_name":"Falling","floor":41,"gold_loss":0},{"cards_removed":["Parasite"],"damage_healed":0,"gold_gain":0,"player_choice":"Removed Curses","damage_taken":0,"max_hp_gain":0,"max_hp_loss":0,"event_name":"Fountain of Cleansing","floor":42,"gold_loss":0}],"is_beta":false,"boss_relics":[{"not_picked":["Velvet Choker","Runic Cube"],"picked":"Busted Crown"},{"not_picked":["Runic Pyramid","Runic Dome"],"picked":"Black Star"}],"items_purged_floors":[3,45],"is_endless":false,"potions_floor_spawned":[1,7,10,12,16,18,24,27,33,37,38,39,47],"killed_by":"Donu and Deca","ascension_level":7}}