{"host":"mqzixrakqjp3g00v","time":1613163618,"event":{"mods":["AchievementEnabler","BaseMod","BetterRewards","Colored Map","Colored Powertips","Custom Start","Highlight Path","Minty Spire (QoL Compilation)","Quick Restart","Shop Mod","StSLib"],"gold_per_floor":[131,131,164,8,67,123,123,178,178,0,78,133,145,20,20,118,118,159,211,211,61,78,78,142,174,174,209,384,384,384,420,420,522,522,587,440,480,440,451,451,135,135,135,21,65,65,124,124,124,124],"floor_reached":51,"language":"ENG","playtime":2319,"items_purged":["Strike_P","Strike_P","Defend_P","Strike_P","Doubt"],"score":855,"play_id":"6de17e3b-d496-487f-a56e-d140162743e9","local_time":"20210212150018","is_ascension_mode":false,"campfire_choices":[{"data":"TalkToTheHand","floor":7,"key":"SMITH"},{"data":"HandOfGreed","floor":15,"key":"SMITH"},{"data":"Vault","floor":23,"key":"SMITH"},{"data":"Adaptation","floor":32,"key":"SMITH"},{"data":"Consecrate","floor":40,"key":"SMITH"},{"data":"Conclude","floor":42,"key":"SMITH"},{"data":"Vault","floor":46,"key":"SMITH"},{"data":"Wallop","floor":49,"key":"SMITH"}],"circlet_count":0,"master_deck":["Defend_P","Defend_P+1","Eruption+1","Vigilance","Tantrum","TalkToTheHand+1","Brilliance","Wallop+1","Adaptation+1","CutThroughFate","Consecrate+1","Vault+1","SashWhip+1","Worship+1","Vault+1","Protect+1","TalkToTheHand+1","FearNoEvil","Vault","Prostrate+1","SpiritShield","Conclude+1","Clumsy","FollowUp+1"],"relics":["PureWater","Ice Cream","MerchantsRug","Akabeko","Anchor","Lantern","CloakClasp","Cursed Key","Red Mask","Pantograph","Bottled Tornado","TungstenRod","Bottled Lightning","Happy Flower","Bag of Preparation","Frozen Egg 2","Bronze Scales"],"acts_visited":["Exordium","TheCity","TheBeyond"],"potions_floor_usage":[8,8,16,33,50],"damage_taken":[{"damage":0.0,"enemies":"Jaw Worm","floor":1.0,"turns":1.0},{"damage":0.0,"enemies":"Cultist","floor":3.0,"turns":1.0},{"damage":0.0,"enemies":"Small Slimes","floor":5.0,"turns":4.0},{"damage":0,"enemies":"Exordium Thugs","floor":6,"turns":3},{"damage":14,"enemies":"3 Sentries","floor":8,"turns":5},{"damage":0,"enemies":"3 Louse","floor":11,"turns":6},{"damage":0,"enemies":"Gremlin Nob","floor":12,"turns":2},{"damage":0,"enemies":"Looter","floor":13,"turns":2},{"damage":32,"enemies":"The Guardian","floor":16,"turns":4},{"damage":0,"enemies":"3 Byrds","floor":18,"turns":3},{"damage":0,"enemies":"Masked Bandits","floor":19,"turns":3},{"damage":0,"enemies":"Spheric Guardian","floor":22,"turns":1},{"damage":0,"enemies":"3 Cultists","floor":24,"turns":6},{"damage":0,"enemies":"Book of Stabbing","floor":25,"turns":5},{"damage":0,"enemies":"Snecko","floor":27,"turns":4},{"damage":0,"enemies":"Colosseum Slavers","floor":28,"turns":4},{"damage":0,"enemies":"Colosseum Nobs","floor":28,"turns":6},{"damage":0,"enemies":"Centurion and Healer","floor":31,"turns":5},{"damage":7,"enemies":"Collector","floor":33,"turns":7},{"damage":6,"enemies":"3 Shapes","floor":35,"turns":9},{"damage":0,"enemies":"Orb Walker","floor":37,"turns":2},{"damage":0,"enemies":"Spire Growth","floor":39,"turns":4},{"damage":0,"enemies":"Sphere and 2 Shapes","floor":45,"turns":4},{"damage":0,"enemies":"Reptomancer","floor":47,"turns":5},{"damage":0,"enemies":"Donu and Deca","floor":50,"turns":7}],"seed_played":"5457313798237634522","potions_obtained":[{"floor":2.0,"key":"SneckoOil"},{"floor":2.0,"key":"Dexterity Potion"},{"floor":2.0,"key":"BlessingOfTheForge"},{"floor":8,"key":"SteroidPotion"},{"floor":16,"key":"Explosive Potion"},{"floor":24,"key":"StancePotion"},{"floor":25,"key":"FearPotion"},{"floor":45,"key":"Dexterity Potion"},{"floor":47,"key":"StancePotion"}],"is_trial":false,"path_per_floor":["M","?","M","$","M","M","R","E","T","$","M","E","M","$","R","B",null,"M","?","?","$","M","R","M","E","T","M","?","?","?","M","R","B",null,"M","$","M","?","M","R","$","R","T","$","M","R","E","?","R","B",null],"character_chosen":"WATCHER","items_purchased":["MerchantsRug","HandOfGreed","Tantrum","Akabeko","Anchor","Wallop","Adaptation","War Paint","Happy Flower","Bag of Preparation","Conclude"],"campfire_rested":0,"item_purchase_floors":[0,0,0,0,4,10,10,36,41,41,41],"current_hp_per_floor":[72,72,72,72,72,72,72,58,58,58,58,58,58,58,58,26,72,72,72,72,72,72,72,72,72,72,72,72,72,72,72,72,65,72,66,66,66,66,66,66,66,66,66,66,66,66,66,82,82,82],"gold":124,"neow_bonus":"","is_daily":false,"chose_seed":false,"campfire_upgraded":8,"win_rate":0.0,"timestamp":1613163618,"path_taken":["M","?","?","?","?","M","R","E","T","$","M","E","M","$","R","BOSS","M","?","?","$","?","R","M","E","T","M","?","?","?","?","R","BOSS","M","$","M","?","?","R","$","R","T","$","M","R","E","?","R","BOSS"],"items_purchased_type":["Relic","Card","Card","Relic","Relic","Card","Card","Relic","Relic","Relic","Card"],"build_version":"2020-12-22","purchased_purges":5,"victory":true,"max_hp_per_floor":[72,72,72,72,72,72,72,72,72,72,72,72,72,72,72,72,72,72,72,72,72,72,72,72,72,72,72,72,72,72,72,72,72,72,72,72,72,72,72,72,72,72,72,72,72,72,72,82,82,82],"card_choices":[{"not_picked":["FlurryOfBlows","FlyingSleeves","BowlingBash"],"picked":"SKIP","floor":1.0},{"not_picked":["JustLucky","FlyingSleeves","ThirdEye"],"picked":"SKIP","floor":3.0},{"not_picked":["Crescendo","JustLucky"],"picked":"TalkToTheHand","floor":5.0},{"not_picked":["MentalFortress","WreathOfFlame"],"picked":"Brilliance","floor":6},{"not_picked":["JustLucky","Vengeance","Sanctity"],"picked":"SKIP","floor":8},{"not_picked":["ClearTheMind","Crescendo"],"picked":"CutThroughFate","floor":11},{"not_picked":["Evaluate","ClearTheMind"],"picked":"Consecrate","floor":12},{"not_picked":["Weave","EmptyBody","ForeignInfluence"],"picked":"SKIP","floor":13},{"not_picked":["DevaForm","Ragnarok"],"picked":"Vault","floor":16},{"not_picked":["FlurryOfBlows","CutThroughFate"],"picked":"SashWhip+1","floor":18},{"not_picked":["Sanctity","EmptyMind"],"picked":"Worship+1","floor":19},{"not_picked":["Perseverance","Blasphemy"],"picked":"Protect","floor":22},{"not_picked":["EmptyFist","CrushJoints","CutThroughFate"],"picked":"SKIP","floor":24},{"not_picked":["FlyingSleeves","JustLucky+1","ReachHeaven+1"],"picked":"SKIP","floor":25},{"not_picked":["EmptyBody","JustLucky"],"picked":"TalkToTheHand+1","floor":27},{"not_picked":["CrushJoints+1","WaveOfTheHand"],"picked":"FearNoEvil","floor":28},{"not_picked":["FearNoEvil","Crescendo+1","WheelKick"],"picked":"SKIP","floor":31},{"not_picked":["Omniscience","DeusExMachina"],"picked":"Vault","floor":33},{"not_picked":["Sanctity","FlyingSleeves"],"picked":"Prostrate","floor":35},{"not_picked":["Consecrate","Evaluate+1"],"picked":"SpiritShield","floor":37},{"not_picked":["Indignation","BowlingBash+1","ThirdEye"],"picked":"SKIP","floor":39},{"not_picked":["ClearTheMind+1","FlyingSleeves"],"picked":"FollowUp+1","floor":45},{"not_picked":["Alpha","FollowUp","Swivel"],"picked":"SKIP","floor":47}],"player_experience":540374,"relics_obtained":[{"floor":8,"key":"Lantern"},{"floor":9,"key":"Kunai"},{"floor":12,"key":"CloakClasp"},{"floor":19,"key":"Red Mask"},{"floor":25,"key":"Pantograph"},{"floor":26,"key":"Bottled Tornado"},{"floor":28,"key":"TungstenRod"},{"floor":28,"key":"Bottled Lightning"},{"floor":43,"key":"Frozen Egg 2"},{"floor":47,"key":"Bronze Scales"}],"event_choices":[{"damage_healed":0.0,"max_hp_gain":0.0,"max_hp_loss":0.0,"gold_gain":0.0,"event_name":"Lab","player_choice":"Got Potions","floor":2.0,"gold_loss":0.0,"damage_taken":0.0},{"damage_healed":0,"gold_gain":0,"player_choice":"Fought Bandits","damage_taken":0,"max_hp_gain":0,"max_hp_loss":0,"event_name":"Masked Bandits","floor":19,"gold_loss":0},{"damage_healed":0,"gold_gain":0,"player_choice":"Copied","damage_taken":0,"max_hp_gain":0,"max_hp_loss":0,"event_name":"Duplicator","floor":20,"gold_loss":0,"cards_obtained":["Vault"]},{"damage_healed":0,"gold_gain":0,"player_choice":"Fight","damage_taken":0,"max_hp_gain":0,"max_hp_loss":0,"event_name":"Colosseum","floor":28,"gold_loss":0},{"damage_healed":0,"gold_gain":0,"player_choice":"Fought Nobs","damage_taken":0,"max_hp_gain":0,"max_hp_loss":0,"event_name":"Colosseum","floor":28,"gold_loss":0},{"damage_healed":0,"gold_gain":0,"player_choice":"Ignored","damage_taken":0,"max_hp_gain":0,"max_hp_loss":0,"event_name":"Ghosts","floor":29,"gold_loss":0},{"damage_healed":0,"gold_gain":0,"player_choice":"Ignored","damage_taken":0,"max_hp_gain":0,"max_hp_loss":0,"event_name":"NoteForYourself","floor":30,"gold_loss":0},{"damage_healed":0,"gold_gain":0,"player_choice":"Upgraded Two","damage_taken":0,"max_hp_gain":0,"max_hp_loss":0,"event_name":"Designer","floor":38,"gold_loss":40,"cards_upgraded":["Prostrate","Eruption"]},{"cards_removed":["HandOfGreed"],"damage_healed":6,"gold_gain":0,"player_choice":"Offered Rare","damage_taken":0,"max_hp_gain":10,"max_hp_loss":0,"event_name":"Bonfire Elementals","floor":48,"gold_loss":0}],"is_beta":false,"boss_relics":[{"not_picked":["VioletLotus","Black Star"],"picked":"Cursed Key"},{"not_picked":["Pandora\u0027s Box","Velvet Choker"],"picked":"Empty Cage"}],"items_purged_floors":[0,10,14,21,44],"is_endless":false,"potions_floor_spawned":[5,8,16,24,25,28,28,45,47],"ascension_level":0}}