{"host":"ob0o70duo5yv7mfq","time":1613167673,"event":{"mods":["BaseMod","Minty Spire (QoL Compilation)"],"gold_per_floor":[117,44,54,54,65,65,98,118,118,129,164,176,176,207,207,207,207],"floor_reached":16,"language":"ENG","playtime":1334,"items_purged":[],"score":134,"play_id":"3f08367d-6bf6-4604-919d-c651aee0973d","local_time":"20210212230753","is_ascension_mode":true,"campfire_choices":[{"data":"Poisoned Stab","floor":6,"key":"SMITH"},{"floor":13,"key":"REST"},{"data":"Footwork","floor":15,"key":"SMITH"}],"circlet_count":0,"master_deck":["Strike_G","Strike_G","Strike_G","Defend_G","Defend_G","Defend_G","Defend_G","Defend_G","Survivor","Neutralize","Poisoned Stab+1","Footwork+1","Prepared","Doppelganger","Sucker Punch","Backflip","Slice","Predator","Poisoned Stab","Backstab"],"relics":["Ring of the Snake","PreservedInsect","Potion Belt","White Beast Statue","Girya"],"acts_visited":["Exordium"],"potions_floor_usage":[7,11,11,14,16,16],"damage_taken":[{"damage":6,"enemies":"Cultist","floor":1,"turns":6},{"damage":0,"enemies":"Jaw Worm","floor":3,"turns":4},{"damage":0,"enemies":"Small Slimes","floor":5,"turns":5},{"damage":24,"enemies":"Gremlin Nob","floor":7,"turns":5},{"damage":3,"enemies":"Exordium Wildlife","floor":8,"turns":4},{"damage":3,"enemies":"Red Slaver","floor":10,"turns":4},{"damage":13,"enemies":"3 Sentries","floor":11,"turns":6},{"damage":0,"enemies":"Blue Slaver","floor":12,"turns":4},{"damage":1,"enemies":"Lagavulin","floor":14,"turns":4},{"damage":46,"enemies":"Slime Boss","floor":16,"turns":11}],"seed_played":"5642386005538755525","potions_obtained":[{"floor":5,"key":"Weak Potion"},{"floor":7,"key":"EssenceOfSteel"},{"floor":8,"key":"PowerPotion"},{"floor":11,"key":"Poison Potion"},{"floor":12,"key":"Block Potion"},{"floor":14,"key":"SneckoOil"}],"is_trial":false,"path_per_floor":["M","$","M","?","M","R","E","M","T","M","E","M","R","E","R","B"],"character_chosen":"THE_SILENT","items_purchased":["Footwork"],"campfire_rested":1,"item_purchase_floors":[2],"current_hp_per_floor":[64,64,64,64,64,64,40,37,37,34,21,21,42,41,41,0,0],"gold":207,"neow_bonus":"REMOVE_CARD","is_daily":false,"chose_seed":false,"campfire_upgraded":2,"win_rate":0.0,"timestamp":1613167673,"path_taken":["M","$","M","?","M","R","E","?","T","M","E","M","R","E","R","BOSS"],"items_purchased_type":["Card"],"build_version":"2020-12-22","purchased_purges":0,"victory":false,"max_hp_per_floor":[70,70,70,70,70,70,70,70,70,70,70,70,70,70,70,70,70],"card_choices":[{"not_picked":["Backflip","Well Laid Plans"],"picked":"Poisoned Stab","floor":1},{"not_picked":["Distraction","Acrobatics"],"picked":"Prepared","floor":3},{"not_picked":["Dagger Spray","Slice"],"picked":"Sucker Punch","floor":5},{"not_picked":["Escape Plan","Outmaneuver"],"picked":"Backflip","floor":7},{"not_picked":["Underhanded Strike","Endless Agony"],"picked":"Slice","floor":8},{"not_picked":["Accuracy","Concentrate"],"picked":"Predator","floor":10},{"not_picked":["Infinite Blades","Slice"],"picked":"Poisoned Stab","floor":11},{"not_picked":["Sucker Punch","Predator"],"picked":"Backstab","floor":12},{"not_picked":["Eviscerate","Underhanded Strike","Finisher"],"picked":"SKIP","floor":14}],"player_experience":291943,"relics_obtained":[{"floor":7,"key":"PreservedInsect"},{"floor":9,"key":"Potion Belt"},{"floor":11,"key":"White Beast Statue"},{"floor":14,"key":"Girya"}],"event_choices":[{"damage_healed":0,"gold_gain":0,"cards_transformed":["Strike_G"],"player_choice":"Transformed","damage_taken":0,"max_hp_gain":0,"max_hp_loss":0,"event_name":"Transmorgrifier","floor":4,"gold_loss":0,"cards_obtained":["Doppelganger"]}],"is_beta":false,"boss_relics":[],"items_purged_floors":[],"is_endless":false,"potions_floor_spawned":[5,7,8,11,12,14],"killed_by":"Slime Boss","ascension_level":2}}