{"host":"y4fuci1jk2rsxnep","time":1613171015,"event":{"mods":["AchievementEnabler","BaseMod","Colored Powertips","Custom Start","Defuse TimeMaze Blight","Dio Mod","Downfall","Hermit","Hero for Fun","Hubris","Hunter ??","Infinite Spire","Minty Spire (QoL Compilation)","Quick Restart","Reliquary","Remove Card Discount Mod","Replay The Spire","StSLib","The Blackbeard","The Bug Knight","The Mystic","The Runesmith"],"gold_per_floor":[118,118,118,138,152,187,187,187,240,240,259,292,292,309,309,408,408,418,418,435,435,451,451,451],"floor_reached":23,"language":"ENG","playtime":3455,"items_purged":[],"score":201,"play_id":"876d8ade-6809-484d-a383-8eb6a2cef642","local_time":"20210213000335","is_ascension_mode":false,"campfire_choices":[{"floor":7,"key":"REST"},{"data":"hermit:Determination","floor":10,"key":"SMITH"},{"floor":15,"key":"REST"}],"circlet_count":0,"master_deck":["hermit:Strike_Hermit","hermit:Strike_Hermit","hermit:Strike_Hermit","hermit:Strike_Hermit","hermit:Defend_Hermit","hermit:Defend_Hermit","hermit:Defend_Hermit","hermit:Defend_Hermit","hermit:Snapshot","hermit:Covet","Voices","Metamorphosis","hermit:Headshot","Regret","hermit:Malice","hermit:Enervate","hermit:Determination+1","hermit:FlashPowder","hermit:FatalDesire+1","hermit:Determination","hermit:FinalCanter","hermit:Enervate","Decay","hermit:Quickdraw"],"relics":["hermit:Momento","infinitespire:Lucky Rock","Nunchaku","Lantern","hubris:Backtick","hermit:CharredGlove"],"acts_visited":["Exordium","TheCity"],"potions_floor_usage":[14,16,22],"damage_taken":[{"damage":6,"enemies":"Small Slimes","floor":1,"turns":3},{"damage":2,"enemies":"2 Louse","floor":4,"turns":2},{"damage":6,"enemies":"Jaw Worm","floor":5,"turns":3},{"damage":36,"enemies":"3 Sentries","floor":6,"turns":8},{"damage":12,"enemies":"3 Louse","floor":11,"turns":3},{"damage":32,"enemies":"Gremlin Nob","floor":12,"turns":5},{"damage":0,"enemies":"Gremlin Gang","floor":14,"turns":2},{"damage":29,"enemies":"Fading Forest","floor":16,"turns":11},{"damage":10,"enemies":"Chosen","floor":18,"turns":4},{"damage":37,"enemies":"3 Byrds","floor":20,"turns":5},{"damage":15,"enemies":"Snake Plant","floor":22,"turns":2},{"damage":18,"enemies":"Slavers","floor":23,"turns":1}],"seed_played":"8640386337026571541","potions_obtained":[{"floor":1,"key":"AttackPotion"},{"floor":4,"key":"Milkshake"},{"floor":6,"key":"Fire Potion"},{"floor":20,"key":"Fire Potion"}],"is_trial":false,"path_per_floor":["M","?","?","M","M","E","R","?","T","R","M","E","?","M","R","B",null,"M","?","M","?","M","E"],"character_chosen":"HERMIT","items_purchased":[],"campfire_rested":2,"item_purchase_floors":[],"current_hp_per_floor":[69,69,69,67,61,25,47,47,47,47,35,3,3,3,25,6,75,65,65,28,28,13,0,0],"gold":451,"neow_bonus":"RANDOM_COLORLESS_2","is_daily":false,"chose_seed":false,"campfire_upgraded":1,"win_rate":0.0,"timestamp":1613171015,"path_taken":["M","?","?","M","M","E","R","?","T","R","M","E","?","M","R","BOSS","M","?","M","?","M","E"],"items_purchased_type":[],"build_version":"2020-12-22","purchased_purges":0,"victory":false,"max_hp_per_floor":[75,75,75,75,75,75,75,75,75,75,75,75,75,75,75,75,75,75,75,75,75,75,75,75],"card_choices":[{"not_picked":["The Bomb","Violence"],"picked":"Metamorphosis","floor":0},{"not_picked":["hermit:EyeOfTheStorm","hermit:LowProfile"],"picked":"hermit:Headshot","floor":1},{"not_picked":["hermit:Combo","hermit:WideOpen"],"picked":"hermit:Malice","floor":4},{"not_picked":["hermit:Showdown","hermit:LoneWolf"],"picked":"hermit:Enervate","floor":5},{"not_picked":["hermit:CalledShot","hermit:GoldenBullet"],"picked":"hermit:Determination","floor":6},{"not_picked":["hermit:Misfire","hermit:Ricochet"],"picked":"hermit:FlashPowder","floor":11},{"not_picked":["hermit:ItchyTrigger","hermit:Snipe"],"picked":"hermit:FatalDesire","floor":12},{"not_picked":["hermit:Snipe","hermit:Combo"],"picked":"hermit:Determination","floor":14},{"not_picked":["hermit:Gambit","hermit:Magnum"],"picked":"hermit:FinalCanter","floor":16},{"not_picked":["hermit:Scavenge","hermit:TrackingShot"],"picked":"hermit:Enervate","floor":18},{"not_picked":["hermit:Scavenge","hermit:Manifest"],"picked":"hermit:Quickdraw","floor":20},{"not_picked":["hermit:Horror","hermit:Snipe","hermit:Coalescence"],"picked":"SKIP","floor":22}],"player_experience":535267,"relics_obtained":[{"floor":6,"key":"Nunchaku"},{"floor":12,"key":"Lantern"}],"event_choices":[{"damage_healed":0,"gold_gain":0,"player_choice":"Leave","damage_taken":0,"max_hp_gain":0,"max_hp_loss":0,"event_name":"The Cleric","floor":2,"gold_loss":0},{"damage_healed":0,"gold_gain":0,"player_choice":"Box","damage_taken":0,"relics_obtained":["infinitespire:Lucky Rock"],"max_hp_gain":0,"max_hp_loss":0,"event_name":"Big Fish","floor":3,"gold_loss":0,"cards_obtained":["Regret"]},{"damage_healed":0,"gold_gain":0,"player_choice":"Fled","damage_taken":0,"max_hp_gain":0,"max_hp_loss":0,"event_name":"Scrap Ooze","floor":8,"gold_loss":0},{"damage_healed":0,"gold_gain":0,"player_choice":"Smashed Altar","damage_taken":0,"max_hp_gain":0,"max_hp_loss":0,"event_name":"Forgotten Altar","floor":19,"gold_loss":0,"cards_obtained":["Decay"]}],"is_beta":false,"boss_relics":[{"not_picked":["Painkiller Herb","Runic Pyramid"],"picked":"hubris:Backtick"}],"items_purged_floors":[],"is_endless":false,"potions_floor_spawned":[1,4,6,12,20],"killed_by":"Slavers","ascension_level":0}}