{"host":"o3b7ow6d1xe49css","time":1613134588,"event":{"mods":["Act Like it!","Aspiration","BaseMod","Bestiary","Better Altar","Better Match","Better Note","Better Sensory Stone","Better Skull","Better Third Choice","Colored Powertips","Conspire","Energized Spire","GifTheSpireLib","Halation","Hermit","Hubris","Infinite Spire","Lobotomy","Marisa????????","Minty Spire (QoL Compilation)","Quick Restart","Rare Cards Sparkle","Relic Filter Mod","Reliquary","Replay The Spire","Spicy Shops","Spikes Relics","Spire Arcade","StSLib","Stuff the Spire","The Blue Laboratory","Wandering Minibosses"],"gold_per_floor":[113,125,139,139,139,172,172,202,226,252,252,252,252,126,126,228,228,247,260,15,15,34,59,73,100,124,135,135,135,148,176,176,278,278,295,305,320,220,220,245,18,50,50,79,79,106,106,131,190,294,294,294,71,104,208],"floor_reached":56,"language":"ENG","playtime":2372,"items_purged":["Strike_R","Strike_R","Normality"],"score":2118,"play_id":"9352eb56-6ba6-4e51-8a77-0fa436bd5bd7","local_time":"20210212035628","daily_mods":["Heirloom","Flight"],"is_ascension_mode":true,"campfire_choices":[{"data":"Bash","floor":7,"key":"SMITH"},{"data":"conspire:Purge","floor":7,"key":"SMITH"},{"floor":11,"key":"REST"},{"data":"Feel No Pain","floor":13,"key":"SMITH"},{"data":"StuffTheSpire:Slingshot","floor":13,"key":"SMITH"},{"floor":15,"key":"DIG"},{"data":"Flame Barrier","floor":28,"key":"SMITH"},{"data":"Disarm","floor":28,"key":"SMITH"},{"data":"StuffTheSpire:Incineration","floor":32,"key":"SMITH"},{"data":"Dark Embrace","floor":32,"key":"SMITH"},{"data":"Demon Form","floor":45,"key":"SMITH"},{"data":"Uppercut","floor":45,"key":"SMITH"},{"data":"Vault","floor":52,"key":"SMITH"},{"data":"infinitespire:UltimateForm","floor":52,"key":"SMITH"}],"circlet_count":0,"master_deck":["Defend_R","Defend_R","Bash+1","Feel No Pain+1","UniverseFragment","Anger","conspire:Purge+1","StuffTheSpire:Slingshot+1","Hemokinesis","Reaper","Pommel Strike","Flame Barrier+1","infinitespire:Punishment","StuffTheSpire:Incineration+1","Dark Embrace+1","Demon Form+1","Wild Strike+1","Uppercut+1","infinitespire:UltimateForm+1","Vault+1","StuffTheSpire:Plugnplay+1"],"relics":["Burning Blood","Ring of Chaos","Replay:Arrowhead","CogitoBucket","halation:EternalFortune","hubris:SlimyHat","aspiration:ChemicalBlood","hubris:OldNail","Self Forming Clay","OrangePellets","aspiration:Lifesprig","Snecko Eye","ResearcherNote","hubris:PeanutButter","Blue Candle","Gambling Chip","reliquary:PorcupineQuills","Art of War","infinitespire:Broken Mirror","CosmicIsotope","AspirationHeart","Paper Frog","PrismaticShard","conspire:Dentures","Orichalcum","aspiration:HatOfInfinitePower","BrokenLever","Lantern","Another Sword","ChewingGum","Ring of Chaos","infinitespire:Bottled Soul","Nunchaku"],"acts_visited":["Exordium","TheCity","TheBeyond","Exordium","TheEnding"],"potions_floor_usage":[6,8,10,18,19,22,23,23,25,25,27,27,31,33,36,42,48,50,55,55,55],"damage_taken":[{"damage":6,"enemies":"Cultist","floor":1,"turns":3},{"damage":7,"enemies":"Jaw Worm","floor":2,"turns":3},{"damage":8,"enemies":"2 Louse","floor":3,"turns":3},{"damage":28,"enemies":"Gremlin Nob","floor":6,"turns":4},{"damage":20,"enemies":"3 Sentries","floor":8,"turns":4},{"damage":22,"enemies":"Lagavulin","floor":10,"turns":7},{"damage":39,"enemies":"Hexaghost","floor":16,"turns":9},{"damage":12,"enemies":"3 Byrds","floor":18,"turns":4},{"damage":2,"enemies":"2 Thieves","floor":19,"turns":3},{"damage":12,"enemies":"Centurion and Healer","floor":22,"turns":5},{"damage":0,"enemies":"Gremlin Leader","floor":23,"turns":5},{"damage":13,"enemies":"Cultist and Chosen","floor":24,"turns":5},{"damage":16,"enemies":"Book of Stabbing","floor":25,"turns":5},{"damage":22,"enemies":"Snake Plant","floor":27,"turns":7},{"damage":0,"enemies":"Shelled Parasite and Fungi","floor":30,"turns":4},{"damage":0,"enemies":"Slavers","floor":31,"turns":4},{"damage":35,"enemies":"Collector","floor":33,"turns":5},{"damage":2,"enemies":"3 Darklings","floor":35,"turns":4},{"damage":39,"enemies":"3 Shapes","floor":36,"turns":4},{"damage":4,"enemies":"Maw","floor":37,"turns":6},{"damage":0,"enemies":"R_Hoarder","floor":40,"turns":3},{"damage":23,"enemies":"Nemesis","floor":42,"turns":5},{"damage":0,"enemies":"R_Hoarder","floor":44,"turns":2},{"damage":0,"enemies":"Nemesis","floor":46,"turns":3},{"damage":0,"enemies":"Nightmare","floor":48,"turns":4},{"damage":0,"enemies":"Time Eater","floor":50,"turns":3},{"damage":0,"enemies":"Shield and Spear","floor":54,"turns":2},{"damage":50,"enemies":"The Heart","floor":55,"turns":7}],"seed_played":"-5293726948766080873","potions_obtained":[{"floor":1,"key":"blueLaboratory:BottledHope"},{"floor":2,"key":"blueLaboratory:NullPotion"},{"floor":6,"key":"BlessingOfTheForge"},{"floor":18,"key":"Swift Potion"},{"floor":23,"key":"Strength Potion"},{"floor":24,"key":"Milkshake"},{"floor":30,"key":"Adrenaline Potion"},{"floor":40,"key":"blueLaboratory:ForbiddenFruitJuice"},{"floor":48,"key":"blueLaboratory:BottleOfVodka"}],"is_trial":true,"path_per_floor":["M","M","M","$","?","E","R","E","T","E","R","?","R","$","R","B",null,"M","M","$","?","M","E","M","E","T","M","R","AVR","M","E","R","B",null,"M","M","M","NS","?","E","$","E","T","E","R","E","AVR","NM","R","B",null,"R","$","E","B",null],"character_chosen":"IRONCLAD","items_purchased":["OrangePellets","FearPotion","hubris:PeanutButter","PrismaticShard","Uppercut","infinitespire:Bottled Soul","SkillPotion"],"campfire_rested":1,"item_purchase_floors":[14,14,20,41,41,53,53],"current_hp_per_floor":[80,79,77,77,80,58,58,44,44,28,52,60,60,60,60,27,69,69,75,75,75,71,81,74,70,70,56,56,56,62,71,71,49,75,85,62,64,64,64,70,70,53,53,69,69,75,75,81,81,87,98,98,98,99,91],"gold":208,"neow_bonus":"","is_daily":false,"chose_seed":false,"campfire_upgraded":12,"win_rate":0.0,"timestamp":1613134588,"path_taken":["M","M","M","$","?","E","R","E","T","E","R","?","R","$","R","BOSS","M","M","$","?","M","E","?","E","T","M","R","AVR","M","E","R","BOSS","M","?","?","NS","?","E","$","E","T","E","R","E","AVR","NM","R","BOSS","R","$","E","BOSS"],"items_purchased_type":["Relic","Potion","Relic","Relic","Card","Relic","Potion"],"build_version":"2020-12-22","purchased_purges":3,"victory":true,"max_hp_per_floor":[80,80,80,80,83,83,83,83,83,83,83,83,83,83,83,83,83,83,83,83,83,83,83,83,83,83,83,83,83,83,83,83,83,83,86,96,96,96,96,96,96,96,96,99,99,99,99,99,99,99,99,99,99,99,99],"card_choices":[{"not_picked":["Thunderclap","Headbutt"],"picked":"Feel No Pain","floor":1},{"not_picked":["MeatLantern","CherryBlossoms","ShyLook"],"picked":"Singing Bowl","floor":1},{"not_picked":["LongBird","Wellcheers"],"picked":"UniverseFragment","floor":1},{"not_picked":["Heavy Blade","Hemokinesis"],"picked":"Anger","floor":2},{"not_picked":["LongBird","Bloodbath","WhitesApple"],"picked":"Singing Bowl","floor":2},{"not_picked":["Wild Strike","Blood for Blood"],"picked":"conspire:Purge","floor":3},{"not_picked":["OldLady","FairyFestival","CherryBlossoms"],"picked":"Singing Bowl","floor":3},{"not_picked":["Abandon","Sentinel","StuffTheSpire:BloodClot"],"picked":"SKIP","floor":6},{"not_picked":["Headbutt","hubris:CleavingFinish"],"picked":"StuffTheSpire:Slingshot","floor":8},{"not_picked":["Murderer","BigBird","HappyTeddy"],"picked":"Singing Bowl","floor":8},{"not_picked":["Dropkick","Bloodletting"],"picked":"Hemokinesis","floor":10},{"not_picked":["MHz","MeatLantern","PunishingBird"],"picked":"Singing Bowl","floor":10},{"not_picked":["Eclipse","Demonic Infusion"],"picked":"Reaper","floor":16},{"not_picked":["Alriune","Freischutz","LongBird"],"picked":"Singing Bowl","floor":16},{"not_picked":["Pummel","StuffTheSpire:Resist+1"],"picked":"Pommel Strike","floor":18},{"not_picked":["QueenBee","FairyFestival","NothingThere"],"picked":"Singing Bowl","floor":18},{"not_picked":["Feel No Pain+1","Sword Boomerang"],"picked":"Cleave+1","floor":19},{"not_picked":["BigBadWolf","NakedNest","GreedKing"],"picked":"Singing Bowl","floor":19},{"not_picked":["StuffTheSpire:Slingshot","Headbutt","Replay:Undeath\u0027s Touch"],"picked":"SKIP","floor":22},{"not_picked":["ShyLook","SilentOrchestra","SpiderBud"],"picked":"Singing Bowl","floor":23},{"not_picked":["hubris:SharpeningStone","Run Through","Wild Strike+1"],"picked":"SKIP","floor":23},{"not_picked":["conspire:Charge+1","Twin Strike+1"],"picked":"Flame Barrier","floor":24},{"not_picked":["GreedKing","SpiderBud","CherryBlossoms"],"picked":"Singing Bowl","floor":24},{"not_picked":["StuffTheSpire:RockThrow","Havoc"],"picked":"Disarm","floor":25},{"not_picked":["BlackSwan","Wellcheers","Porccubus"],"picked":"Singing Bowl","floor":27},{"not_picked":["Iron Wave","Headbutt","StuffTheSpire:RockThrow"],"picked":"SKIP","floor":27},{"not_picked":["Warcry+1","Clothesline"],"picked":"StuffTheSpire:Incineration","floor":30},{"not_picked":["Porccubus","DespairKnight","GalaxyChild"],"picked":"Singing Bowl","floor":31},{"not_picked":["conspire:HitWhereItHurts","ReplayTheSpireMod:Limb From Limb+1"],"picked":"Dark Embrace","floor":31},{"not_picked":["Fiend Fire","Berserk"],"picked":"Demon Form","floor":33},{"not_picked":["OSAHOGD","WallGazer","BeautyBeast"],"picked":"Singing Bowl","floor":33},{"not_picked":["GalaxyChild","NakedNest","CENSORED"],"picked":"Singing Bowl","floor":35},{"not_picked":["Second Wind","ReplayTheSpireMod:Limb From Limb+1","Pommel Strike"],"picked":"SKIP","floor":35},{"not_picked":["BlueStar","BlackSwan","WallGazer"],"picked":"Singing Bowl","floor":36},{"not_picked":["Flex","Infernal Blade"],"picked":"Wild Strike+1","floor":36},{"not_picked":["BlackSwan","Scarecrow","FieryBird"],"picked":"Singing Bowl","floor":37},{"not_picked":["Infernal Blade","Cleave+1","Ghostly Armor"],"picked":"SKIP","floor":37},{"not_picked":["Havoc","StuffTheSpire:TitanForm","Pommel Strike+1"],"picked":"SKIP","floor":40},{"not_picked":["RedEyes","Blind","Flex"],"picked":"SKIP","floor":42},{"not_picked":["Dagger Spray","OpenUniverse+1","Cleave"],"picked":"SKIP","floor":44},{"not_picked":["WheelKick+1","Replay:Vibes","Ball Lightning"],"picked":"SKIP","floor":46},{"not_picked":["ReplayTheSpireMod:??????????????????????","infinitespire:Fortify"],"picked":"infinitespire:UltimateForm","floor":48},{"not_picked":["Life Link","Flying Knee","Fusion"],"picked":"SKIP","floor":48},{"not_picked":["Rainbow","Impervious"],"picked":"Vault","floor":50},{"not_picked":["Freischutz","Porccubus","NakedNest"],"picked":"Singing Bowl","floor":50},{"not_picked":["StuffTheSpire:Plugnplay+1","hermit:NoHoldsBarred+1","StuffTheSpire:ClusterCrunch+1"],"picked":"SKIP","floor":54},{"not_picked":["hermit:NoHoldsBarred+1","StuffTheSpire:ClusterCrunch+1"],"picked":"StuffTheSpire:Plugnplay+1","floor":54}],"player_experience":1378236,"relics_obtained":[{"floor":6,"key":"hubris:SlimyHat"},{"floor":8,"key":"aspiration:ChemicalBlood"},{"floor":9,"key":"hubris:OldNail"},{"floor":10,"key":"Self Forming Clay"},{"floor":15,"key":"aspiration:Lifesprig"},{"floor":23,"key":"Blue Candle"},{"floor":25,"key":"Gambling Chip"},{"floor":26,"key":"reliquary:PorcupineQuills"},{"floor":31,"key":"infinitespire:Broken Mirror"},{"floor":35,"key":"halation:EternalFortune"},{"floor":40,"key":"Paper Frog"},{"floor":42,"key":"conspire:Dentures"},{"floor":43,"key":"Orichalcum"},{"floor":44,"key":"halation:EternalFortune"},{"floor":44,"key":"aspiration:HatOfInfinitePower"},{"floor":46,"key":"BrokenLever"},{"floor":48,"key":"Another Sword"},{"floor":54,"key":"Nunchaku"}],"event_choices":[{"cards_removed":["Strike_R"],"damage_healed":0,"gold_gain":0,"player_choice":"Purged","damage_taken":0,"max_hp_gain":0,"max_hp_loss":0,"event_name":"Purifier","floor":21,"gold_loss":0},{"cards_removed":["Defend_R"],"damage_healed":0,"gold_gain":0,"player_choice":"Removed Skill","damage_taken":0,"max_hp_gain":0,"max_hp_loss":0,"event_name":"Falling","floor":39,"gold_loss":0}],"is_beta":false,"boss_relics":[{"not_picked":["Kintsugi","Calling Bell"],"picked":"Snecko Eye"},{"not_picked":["conspire:SeveredTorchhead","Runic Cube"],"picked":"CosmicIsotope"},{"not_picked":["hubris:CrackedHourglass","energizedSpire:DeadBattery"],"picked":"ChewingGum"}],"items_purged_floors":[29,47,53],"is_endless":true,"potions_floor_spawned":[1,2,6,18,23,24,30,40,46,48],"ascension_level":5}}