{"host":"74rphcgmhz43g39u","time":1613113655,"event":{"mods":["Act Like it!","BaseMod","Gensokyo","Minty Spire (QoL Compilation)","Quick Restart","Remilia£®¿Ÿ√◊¿Ú—«£©","StSLib"],"gold_per_floor":[366,385,404,414,429,429,462,462,462,474,122,140,167,179,179,253,253,265,25,36,50,50,85,95,95,164,414,444,444,444],"floor_reached":29,"language":"ZHS","playtime":1503,"items_purged":["Strike_RM"],"score":598,"play_id":"1b3e9b28-00b6-425f-acd5-151414aaa7cc","local_time":"20210212150735","is_ascension_mode":true,"campfire_choices":[{"data":"RedMoon","floor":6.0,"key":"SMITH"},{"data":"NightLord","floor":8.0,"key":"SMITH"},{"floor":15.0,"key":"RECALL"},{"data":"DevilSight","floor":25.0,"key":"SMITH"}],"circlet_count":0,"master_deck":["AscendersBane","Strike_RM","Strike_RM","Strike_RM","Defend_RM","Defend_RM","Defend_RM","Defend_RM","RedMoon+1","ScarletShoot","DevilSight+1","ScarletImprint","UltimateOffering","NightLord+1","ForbiddenFruit","HeartBreak+1","TransientEternity","TransientEternity","ScarletDream"],"relics":["ScarletHat","Mercury Hourglass","ClockworkSouvenir","InkBottle","Matryoshka","Girya","Coffee Dripper","TheAbacus","Gensokyo:RedStar","Bronze Scales","PreservedInsect","Gremlin Horn","Bag of Marbles"],"acts_visited":["Exordium","Gensokyo:Gensokyo"],"potions_floor_usage":[29],"damage_taken":[{"damage":0.0,"enemies":"Gensokyo:3_Fairies","floor":1.0,"turns":10.0},{"damage":0.0,"enemies":"Gensokyo:2_Kodama","floor":2.0,"turns":5.0},{"damage":0.0,"enemies":"Gensokyo:Gryphon","floor":3.0,"turns":6.0},{"damage":1.0,"enemies":"Gensokyo:Kitsune","floor":4.0,"turns":4.0},{"damage":17.0,"enemies":"Gensokyo:3_Kodama","floor":5.0,"turns":6.0},{"damage":9.0,"enemies":"Gensokyo:Aya","floor":7.0,"turns":10.0},{"damage":0.0,"enemies":"Gensokyo:CorruptedTreant","floor":10.0,"turns":5.0},{"damage":3.0,"enemies":"Gensokyo:2_Rabbits","floor":12.0,"turns":14.0},{"damage":13.0,"enemies":"Gensokyo:Cirno","floor":13.0,"turns":5.0},{"damage":5.0,"enemies":"Gensokyo:Gryphon_and_Rabbit","floor":14.0,"turns":6.0},{"damage":10.0,"enemies":"Gensokyo:Kokoro","floor":16.0,"turns":6.0},{"damage":25.0,"enemies":"Gensokyo:3_Dogs","floor":18.0,"turns":4.0},{"damage":5.0,"enemies":"Gensokyo:Chomper","floor":20.0,"turns":2.0},{"damage":12.0,"enemies":"Gensokyo:Wraith","floor":21.0,"turns":4.0},{"damage":37.0,"enemies":"Gensokyo:Koishi","floor":23.0,"turns":3.0},{"damage":0.0,"enemies":"Gensokyo:3_Gloops","floor":24.0,"turns":2.0},{"damage":0.0,"enemies":"Gensokyo:Reisen","floor":28.0,"turns":3.0},{"damage":0,"enemies":"Gensokyo:Monolith_and_Dog","floor":29,"turns":2}],"seed_played":"5483009602548905314","potions_obtained":[{"floor":5.0,"key":"ColorlessPotion"},{"floor":7.0,"key":"PowerPotion"},{"floor":13.0,"key":"DistilledChaos"},{"floor":16.0,"key":"Regen Potion"},{"floor":23.0,"key":"Weak Potion"}],"is_trial":false,"path_per_floor":["M","M","M","M","M","R","E","R","T","M","COS","M","E","M","R","B",null,"M","$","M","M","?","E","M","R","T","?","E","M"],"character_chosen":"REMILIA","items_purchased":["TheAbacus"],"campfire_rested":0,"item_purchase_floors":[19],"current_hp_per_floor":[47,49,49,51,36,36,30,30,30,36,36,36,23,19,19,24,59,46,46,44,36,36,1,2,2,2,2,2,2,2],"gold":444,"neow_bonus":"TWO_FIFTY_GOLD","is_daily":false,"chose_seed":false,"campfire_upgraded":3,"win_rate":0.0,"timestamp":1613113655,"path_taken":["M","M","M","?","M","R","E","R","T","?","COS","M","E","M","R","BOSS","M","$","M","M","?","E","M","R","T","?","E","M"],"items_purchased_type":["Relic"],"build_version":"2020-12-22","purchased_purges":1,"victory":false,"max_hp_per_floor":[70,70,70,70,70,70,70,70,70,70,70,70,70,70,70,70,70,70,70,70,70,70,70,70,70,70,65,65,65,65],"card_choices":[{"not_picked":["BlasphemousPunishment","BloodHunter"],"picked":"DevilSight","floor":1.0},{"not_picked":["DiffusionOfMisfortune","CharismaGuard","BloodHunter"],"picked":"SKIP","floor":2.0},{"not_picked":["HunterOfTheNight","MastersStateliness"],"picked":"ScarletImprint","floor":3.0},{"not_picked":["SuperhumanBloodyKnife","BlasphemousPunishment"],"picked":"UltimateOffering","floor":4.0},{"not_picked":["Maim","VampireClaw"],"picked":"NightLord","floor":5.0},{"not_picked":["NightLord","BloodHunter"],"picked":"ForbiddenFruit","floor":7.0},{"not_picked":["UnderTheZenith","VampireFantasy","ScarletImprint"],"picked":"SKIP","floor":10.0},{"not_picked":["BlasphemousPunishment+1","ScarletDevilSign+1"],"picked":"HeartBreak+1","floor":12.0},{"not_picked":["MastersStateliness","BombardNight","DiffusionOfMisfortune"],"picked":"SKIP","floor":12.0},{"not_picked":["CurseOfVladTepes","BloodyCatastrophe"],"picked":"TransientEternity","floor":13.0},{"not_picked":["ForbiddenFruit","BlasphemousPunishment","RedRainbow"],"picked":"SKIP","floor":13.0},{"not_picked":["ScarletDevil","NightLord","Septette"],"picked":"SKIP","floor":14.0},{"not_picked":["ChaoticDestiny","TricksterDevil"],"picked":"TransientEternity","floor":16.0},{"not_picked":["RedRainbow+1","DiffusionOfMisfortune"],"picked":"ScarletDream","floor":18.0},{"not_picked":["VampireFantasy","StarOfDavid","EndlessAdversity"],"picked":"SKIP","floor":20.0},{"not_picked":["DiffusionOfMisfortune","ReincarnationDial","MastersStateliness"],"picked":"SKIP","floor":21.0},{"not_picked":["DiffusionOfMisfortune","ReincarnationDial","MastersStateliness"],"picked":"SKIP","floor":21.0},{"not_picked":["RedRainbow","NightDance","AfternoonTea"],"picked":"SKIP","floor":23.0},{"not_picked":["EndlessAdversity","BombardNight","UnstableMagic"],"picked":"SKIP","floor":24.0},{"not_picked":["RedNightlessCastle","FavorOfDestiny","KillingBlow"],"picked":"SKIP","floor":28.0}],"player_experience":865120,"relics_obtained":[{"floor":7.0,"key":"Mercury Hourglass"},{"floor":13.0,"key":"InkBottle"},{"floor":23.0,"key":"Bronze Scales"},{"floor":26.0,"key":"PreservedInsect"},{"floor":26.0,"key":"Gremlin Horn"},{"floor":28.0,"key":"Bag of Marbles"}],"event_choices":[],"is_beta":false,"boss_relics":[{"not_picked":["Philosopher\u0027s Stone","Runic Pyramid"],"picked":"Coffee Dripper"}],"items_purged_floors":[19],"is_endless":false,"potions_floor_spawned":[5,7,13,14,16,23],"killed_by":"Gensokyo:Monolith_and_Dog","ascension_level":20}}