{"host":"52lujqhsyicpcskq","time":1613108457,"event":{"mods":["BaseMod","Colored Map","DeckTracker","Minty Spire (QoL Compilation)","Permanent Neow","StSLib","SuperFastMode","everything is the same but u backflip on backflip"],"gold_per_floor":[115,131,146,166,182,182,214,231,231,560,574,93,93,113,113,192,192,209,124,124,124,137,169,185,210,210,210,235,235,160,177,177,256,256,272,272,123,137,137,152,152,152],"floor_reached":41,"language":"KOR","playtime":2713,"items_purged":["Writhe"],"score":809,"play_id":"d17d39fa-2c85-4910-967c-24d212cf1140","local_time":"20210212144057","is_ascension_mode":true,"campfire_choices":[{"data":"Zap","floor":6,"key":"SMITH"},{"floor":13,"key":"REST"},{"data":"Hologram","floor":15,"key":"SMITH"},{"data":"Streamline","floor":27,"key":"SMITH"},{"floor":32,"key":"REST"}],"circlet_count":0,"master_deck":["AscendersBane","Strike_B","Strike_B","Strike_B","Strike_B","Defend_B","Defend_B","Defend_B","Defend_B","Zap+1","Dualcast","Barrage","Cold Snap","Go for the Eyes","Self Repair","Coolheaded","Hologram+1","Chill","Compile Driver","Reboot","Core Surge","Defragment+1","Streamline+1","Conserve Battery","Conserve Battery","Ball Lightning+1","Chaos","Echo Form","Fusion+1","Madness","Madness","Beam Cell+1"],"relics":["FrozenCore","Happy Flower","CaptainsWheel","Bottled Flame","Old Coin","Mummified Hand","Gremlin Horn","SacredBark","Kunai","MutagenicStrength","Matryoshka","Emotion Chip","Darkstone Periapt","Letter Opener","Lizard Tail","Strawberry","MealTicket"],"acts_visited":["Exordium","TheCity","TheBeyond"],"potions_floor_usage":[10,16,16,23,25,28,33],"damage_taken":[{"damage":5,"enemies":"Small Slimes","floor":1,"turns":3},{"damage":0,"enemies":"2 Louse","floor":2,"turns":2},{"damage":2,"enemies":"Jaw Worm","floor":3,"turns":3},{"damage":4,"enemies":"Looter","floor":4,"turns":3},{"damage":19,"enemies":"Gremlin Gang","floor":5,"turns":4},{"damage":12,"enemies":"Lagavulin","floor":7,"turns":6},{"damage":8,"enemies":"Exordium Wildlife","floor":8,"turns":4},{"damage":11,"enemies":"Gremlin Nob","floor":10,"turns":4},{"damage":10,"enemies":"Red Slaver","floor":11,"turns":2},{"damage":0,"enemies":"2 Fungi Beasts","floor":14,"turns":3},{"damage":33,"enemies":"The Guardian","floor":16,"turns":14},{"damage":6,"enemies":"3 Byrds","floor":18,"turns":6},{"damage":14,"enemies":"2 Thieves","floor":22,"turns":4},{"damage":0,"enemies":"Gremlin Leader","floor":23,"turns":6},{"damage":14,"enemies":"Snake Plant","floor":24,"turns":6},{"damage":11,"enemies":"Slavers","floor":25,"turns":7},{"damage":14,"enemies":"Gremlin Leader","floor":28,"turns":7},{"damage":20,"enemies":"Shelled Parasite and Fungi","floor":31,"turns":6},{"damage":50,"enemies":"Collector","floor":33,"turns":13},{"damage":7,"enemies":"3 Shapes","floor":35,"turns":7},{"damage":25,"enemies":"3 Darklings","floor":38,"turns":5},{"damage":40,"enemies":"Transient","floor":40,"turns":5},{"damage":81,"enemies":"Reptomancer","floor":41,"turns":3}],"seed_played":"-1054076754379950115","potions_obtained":[{"floor":3,"key":"SpeedPotion"},{"floor":7,"key":"ColorlessPotion"},{"floor":11,"key":"Swift Potion"},{"floor":14,"key":"DistilledChaos"},{"floor":16,"key":"Fire Potion"},{"floor":22,"key":"BlessingOfTheForge"},{"floor":24,"key":"SneckoOil"},{"floor":25,"key":"Block Potion"},{"floor":33,"key":"Ancient Potion"},{"floor":40,"key":"GamblersBrew"}],"is_trial":false,"path_per_floor":["M","M","M","M","M","R","E","M","T","E","M","$","R","M","R","B",null,"M","?","?","?","M","E","M","E","T","R","E","?","$","M","R","B",null,"M","?","$","M","$","M","E"],"character_chosen":"DEFECT","items_purchased":["Mummified Hand","Gremlin Horn","MealTicket"],"campfire_rested":2,"item_purchase_floors":[12,12,37],"current_hp_per_floor":[63,63,61,57,45,45,40,39,39,35,25,25,47,54,54,28,63,64,64,64,64,57,64,57,53,53,53,46,59,59,46,72,29,73,73,62,62,44,59,26,0,0],"gold":152,"neow_bonus":"RANDOM_COMMON_RELIC","is_daily":false,"chose_seed":false,"campfire_upgraded":3,"win_rate":0.0,"timestamp":1613108457,"path_taken":["M","M","M","M","M","R","E","M","T","E","M","$","R","M","R","BOSS","M","?","?","?","M","E","M","E","T","R","E","?","$","M","R","BOSS","M","?","$","M","$","M","E"],"items_purchased_type":["Relic","Relic","Relic"],"build_version":"2020-12-22","purchased_purges":1,"victory":false,"max_hp_per_floor":[75,75,75,75,75,75,75,75,75,75,75,75,75,75,75,75,75,75,75,75,75,75,75,75,75,75,75,75,88,88,88,88,88,88,88,88,88,88,88,88,88,88],"card_choices":[{"not_picked":["Consume","Redo"],"picked":"Barrage","floor":1},{"not_picked":["Compile Driver","White Noise"],"picked":"Cold Snap","floor":2},{"not_picked":["Steam","White Noise"],"picked":"Go for the Eyes","floor":3},{"not_picked":["Hello World","Turbo"],"picked":"Self Repair","floor":4},{"not_picked":["Scrape","Loop"],"picked":"Coolheaded","floor":5},{"not_picked":["Darkness","Undo"],"picked":"Hologram","floor":7},{"not_picked":["Aggregate","Hello World","Hologram"],"picked":"SKIP","floor":8},{"not_picked":["Loop","Beam Cell"],"picked":"Chill","floor":10},{"not_picked":["Redo","Sweeping Beam"],"picked":"Compile Driver","floor":11},{"not_picked":["Compile Driver","Fusion"],"picked":"Reboot","floor":14},{"not_picked":["Hyperbeam","Machine Learning"],"picked":"Core Surge","floor":16},{"not_picked":["Leap+1","Doom and Gloom"],"picked":"Defragment+1","floor":18},{"not_picked":["Lockon","Rebound"],"picked":"Streamline","floor":22},{"not_picked":["Streamline","Tempest+1"],"picked":"Conserve Battery","floor":23},{"not_picked":["Sweeping Beam+1","Coolheaded"],"picked":"Conserve Battery","floor":24},{"not_picked":["Consume","Capacitor"],"picked":"Ball Lightning+1","floor":25},{"not_picked":["Stack","Hyperbeam","Creative AI"],"picked":"SKIP","floor":28},{"not_picked":["Aggregate","Leap"],"picked":"Chaos","floor":31},{"not_picked":["All For One","Reboot"],"picked":"Echo Form","floor":33},{"not_picked":["Gash+1","Hologram"],"picked":"Fusion+1","floor":35},{"not_picked":["Hologram+1","Doom and Gloom","Creative AI"],"picked":"SKIP","floor":38},{"not_picked":["Auto Shields+1","Leap"],"picked":"Beam Cell+1","floor":40}],"player_experience":786793,"relics_obtained":[{"floor":7,"key":"CaptainsWheel"},{"floor":9,"key":"Bottled Flame"},{"floor":10,"key":"Old Coin"},{"floor":23,"key":"Matryoshka"},{"floor":25,"key":"Emotion Chip"},{"floor":26,"key":"Darkstone Periapt"},{"floor":26,"key":"Letter Opener"},{"floor":28,"key":"Lizard Tail"}],"event_choices":[{"damage_healed":0,"gold_gain":0,"player_choice":"Obtained Relic","damage_taken":0,"relics_obtained":["Kunai"],"max_hp_gain":0,"max_hp_loss":0,"event_name":"Addict","floor":19,"gold_loss":85},{"damage_healed":0,"gold_gain":0,"player_choice":"Ignored","damage_taken":0,"max_hp_gain":0,"max_hp_loss":0,"event_name":"Vampires","floor":20,"gold_loss":0},{"damage_healed":0,"gold_gain":0,"player_choice":"Inject Mutagens","damage_taken":0,"relics_obtained":["MutagenicStrength"],"max_hp_gain":0,"max_hp_loss":0,"event_name":"Drug Dealer","floor":21,"gold_loss":0},{"damage_healed":0,"gold_gain":0,"player_choice":"Opened","damage_taken":0,"relics_obtained":["Strawberry"],"max_hp_gain":0,"max_hp_loss":0,"event_name":"The Mausoleum","floor":29,"gold_loss":0,"cards_obtained":["Writhe"]},{"damage_healed":0,"gold_gain":0,"player_choice":"Embrace Madness","damage_taken":11,"max_hp_gain":0,"max_hp_loss":0,"event_name":"Winding Halls","floor":36,"gold_loss":0,"cards_obtained":["Madness","Madness"]}],"is_beta":false,"boss_relics":[{"not_picked":["Busted Crown","Calling Bell"],"picked":"SacredBark"},{"not_picked":["Runic Pyramid","Fusion Hammer"],"picked":"FrozenCore"}],"items_purged_floors":[30],"is_endless":false,"potions_floor_spawned":[3,7,11,14,16,22,24,25,33,40],"killed_by":"Reptomancer","ascension_level":13}}