{"host":"fxrgx7wt2cpkbhka","time":1613125833,"event":{"mods":["AchievementEnabler","BaseMod","Colored Powertips","Dark Map","Minty Spire (QoL Compilation)","Permanent Neow","Quick Restart","Slay-I","StSLib","Waifu the Spire"],"gold_per_floor":[219,219,0,0,20,20,56,56,56,56,56,75,40,215,215,215,215],"floor_reached":16,"language":"ENG","playtime":357,"items_purged":[],"score":163,"play_id":"f5634377-cf30-4456-9142-8de3f16ce2d4","local_time":"20210212023033","is_ascension_mode":true,"campfire_choices":[{"data":"Dualcast","floor":6,"key":"SMITH"},{"floor":8,"key":"RECALL"},{"data":"Self Repair","floor":10,"key":"SMITH"},{"data":"Zap","floor":15,"key":"SMITH"}],"circlet_count":0,"master_deck":["AscendersBane","Strike_B","Strike_B","Strike_B","Strike_B","Defend_B","Defend_B","Defend_B","Defend_B","Zap+1","Dualcast+1","Capacitor","Injury","Cold Snap","Self Repair+1","Leap","Doubt"],"relics":["Cracked Core","Sundial","Strawberry","Golden Idol","Happy Flower","Matryoshka"],"acts_visited":["Exordium"],"potions_floor_usage":[],"damage_taken":[{"damage":1,"enemies":"Cultist","floor":1,"turns":3},{"damage":3,"enemies":"Jaw Worm","floor":5,"turns":4},{"damage":34,"enemies":"Gremlin Nob","floor":7,"turns":6},{"damage":3,"enemies":"2 Louse","floor":12,"turns":2},{"damage":94,"enemies":"Slime Boss","floor":16,"turns":17}],"seed_played":"-4641179079520742445","potions_obtained":[{"floor":5,"key":"FairyPotion"},{"floor":7,"key":"BlessingOfTheForge"}],"is_trial":false,"path_per_floor":["M","T","$","?","M","R","E","R","T","R","$","M","?","?","R","B"],"character_chosen":"DEFECT","items_purchased":["Strawberry","Capacitor"],"campfire_rested":0,"item_purchase_floors":[3,3],"current_hp_per_floor":[63,63,70,70,67,67,33,33,33,33,33,40,59,59,59,0,0],"gold":215,"neow_bonus":"HUNDRED_GOLD","is_daily":false,"chose_seed":false,"campfire_upgraded":3,"win_rate":0.0,"timestamp":1613125833,"path_taken":["M","?","$","?","M","R","E","R","T","R","?","?","?","?","R","BOSS"],"items_purchased_type":["Relic","Card"],"build_version":"2020-12-22","purchased_purges":0,"victory":false,"max_hp_per_floor":[71,71,78,78,78,78,78,78,78,78,78,78,78,78,78,78,78],"card_choices":[{"not_picked":["Turbo","Hologram","Sweeping Beam"],"picked":"SKIP","floor":1},{"not_picked":["Steam","Hologram"],"picked":"Cold Snap","floor":5},{"not_picked":["Cold Snap","Capacitor"],"picked":"Self Repair","floor":7},{"not_picked":["Sweeping Beam","Streamline"],"picked":"Leap","floor":12}],"player_experience":772169,"relics_obtained":[{"floor":2,"key":"Sundial"},{"floor":7,"key":"Happy Flower"},{"floor":9,"key":"Matryoshka"}],"event_choices":[{"damage_healed":0,"gold_gain":0,"player_choice":"Take Wound","damage_taken":0,"relics_obtained":["Golden Idol"],"max_hp_gain":0,"max_hp_loss":0,"event_name":"Golden Idol","floor":4,"gold_loss":0,"cards_obtained":["Injury"]},{"damage_healed":19,"gold_gain":0,"player_choice":"Healed","damage_taken":0,"max_hp_gain":0,"max_hp_loss":0,"event_name":"The Cleric","floor":13,"gold_loss":35},{"damage_healed":0,"gold_gain":175,"player_choice":"AGREE","damage_taken":0,"max_hp_gain":0,"max_hp_loss":0,"event_name":"Liars Game","floor":14,"gold_loss":0,"cards_obtained":["Doubt"]}],"is_beta":false,"boss_relics":[],"items_purged_floors":[],"is_endless":false,"potions_floor_spawned":[5,7],"killed_by":"Slime Boss","ascension_level":14}}