{"host":"rdkn868dy8jmb7gs","time":1613107366,"event":{"mods":["Act Like it!","Arknights","BaseMod","BetterRewards","Colored Map","Colored Powertips","Custom Start","Gensokyo","Hubris","Marisa£®ÏF”Í°°ƒß¿Ì…≥£©","Minty Spire (QoL Compilation)","Reimu£®≤©¿ˆ¡È√Œ£©","Remilia£®¿Ÿ√◊¿Ú—«£©","Replay The Spire","Spicy Shops","StSLib","The Servant 0.9.4","Youmu£®ªÍ∆«—˝√Œ£©","°æ“≈ŒÔø®≈∆°øREMEMod","ÛÙª÷∏ƒœ"],"gold_per_floor":[116,135,135,154,154,181,66,101,101,101,133,146,172,402,402,498,498,511,611,0,14,54,84,84,115,115,143,163,182,202,234,234,336,336,351,361,361,271,288,314,314,330,330,67,67,93,107,107,107,107],"floor_reached":51,"language":"ZHS","playtime":2695,"items_purged":["Strike_Lin:ReiMu+1","Strike_Lin:ReiMu+1"],"score":1232,"play_id":"87fc2d4b-f70b-4267-8460-af4005939a29","local_time":"20210212132246","is_ascension_mode":true,"campfire_choices":[{"data":"OctopathBindingBorder2:ReiMu","floor":10.0,"key":"SMITH"},{"data":"MikOfLucky:ReiMu","floor":15.0,"key":"SMITH"},{"floor":24.0,"key":"REST"},{"floor":32.0,"key":"RECALL"},{"floor":41,"key":"REST"},{"data":"KyokaiOfKami:ReiMu","floor":49,"key":"PURGE"}],"circlet_count":0,"master_deck":["Defend_Lin:ReiMu+1","Defend_Lin:ReiMu+1","Defend_Lin:ReiMu","Defend_Lin:ReiMu+1","NB:ReiMu+1","Stagnation:ReiMu+1","ScarletCoffin+1","OctopathBindingBorder2:ReiMu+1","WonderfulDomain:ReiMu+1","Meditation:ReiMu+1","SubAcupoint:ReiMu","MikOfLucky:ReiMu+1","FoulBorder2:ReiMu","SealNeedle:ReiMu+1","RainPray2:ReiMu+1","Revelation:ReiMu","PrepareRite:ReiMu+1","RainPray2:ReiMu","EmergencyTakeOff:ReiMu","FantasyMoon:ReiMu+1","SubcavityFantasy:ReiMu","UpKicking:ReiMu","Gensokyo:CustomPotion","Apotheosis","hubris:Greed"],"relics":["FlyPower:ReiMu","REME_ComplimentaryCards","NeowsBlessing","hubris:Zylophone","Gensokyo:Justice","Art of War","REME_PuzzleBoxRelic","Bottled Lightning","Lizard Tail","Replay:Accelerometer","War Paint","Vajra","TungstenRod","Fusion Hammer","hubris:GlazedTorus","Ice Cream","hubris:CrystalStatue","Kunai","Lantern","Calipers","Turnip","Smiling Mask","SlaversCollar","hubris:MedicalManual","Gremlin Horn","hubris:TinFlute","Centennial Puzzle","hubris:Towel"],"acts_visited":["Exordium","Gensokyo:Gensokyo","Gensokyo:Gensokyoer"],"potions_floor_usage":[50,50],"damage_taken":[{"damage":0.0,"enemies":"Gensokyo:Python","floor":1.0,"turns":2.0},{"damage":0.0,"enemies":"Gensokyo:2_Kodama","floor":2.0,"turns":3.0},{"damage":0.0,"enemies":"Gensokyo:Gryphon","floor":4.0,"turns":3.0},{"damage":0.0,"enemies":"Gensokyo:Aya","floor":6.0,"turns":5.0},{"damage":0.0,"enemies":"Gensokyo:Mamizou","floor":8.0,"turns":9.0},{"damage":8.0,"enemies":"Gensokyo:Aya","floor":11.0,"turns":5.0},{"damage":2.0,"enemies":"Gensokyo:2_Rabbits","floor":12.0,"turns":4.0},{"damage":0.0,"enemies":"Gensokyo:Mamizou","floor":14.0,"turns":6.0},{"damage":20.0,"enemies":"Gensokyo:Reimu","floor":16.0,"turns":7.0},{"damage":9.0,"enemies":"Gensokyo:AngelMirror","floor":18.0,"turns":4.0},{"damage":13.0,"enemies":"Gensokyo:AngelMirror","floor":19.0,"turns":6.0},{"damage":0.0,"enemies":"Gensokyo:2_Gloops","floor":21.0,"turns":3.0},{"damage":0.0,"enemies":"Gensokyo:Reisen","floor":23.0,"turns":4.0},{"damage":5.0,"enemies":"Gensokyo:Tenshi","floor":25.0,"turns":4.0},{"damage":0.0,"enemies":"Gensokyo:Reisen","floor":27.0,"turns":4.0},{"damage":12.0,"enemies":"Gensokyo:Slime_Group","floor":28.0,"turns":4.0},{"damage":0.0,"enemies":"Gensokyo:Wraith","floor":29.0,"turns":4.0},{"damage":0.0,"enemies":"Gensokyo:Chomper_and_Gloop","floor":30.0,"turns":3.0},{"damage":0.0,"enemies":"Gensokyo:Koishi","floor":31.0,"turns":5.0},{"damage":2.0,"enemies":"Gensokyo:Eternal_Rivals","floor":33.0,"turns":6.0},{"damage":22.0,"enemies":"Gensokyo:3_Boulders","floor":35.0,"turns":4.0},{"damage":0.0,"enemies":"Gensokyo:3_Bats","floor":36.0,"turns":4.0},{"damage":0,"enemies":"Gensokyo:Dusk_and_Dawn","floor":39,"turns":4},{"damage":0,"enemies":"Gensokyo:Marisa","floor":40,"turns":6},{"damage":0,"enemies":"Gensokyo:3_Boulders","floor":42,"turns":4},{"damage":2,"enemies":"Gensokyo:Kasen","floor":46,"turns":5},{"damage":0,"enemies":"Gensokyo:AtlasGolem","floor":47,"turns":4},{"damage":0,"enemies":"Gensokyo:Shinki","floor":50,"turns":6}],"seed_played":"-8157260384232520992","potions_obtained":[{"floor":1.0,"key":"ZuzhouPotion:ReiMu"},{"floor":2.0,"key":"Reflective Coating"},{"floor":6.0,"key":"Elixir"},{"floor":23.0,"key":"REME_GoldPotion"},{"floor":25.0,"key":"AttackPotion"},{"floor":30.0,"key":"Adrenaline Potion"},{"floor":30.0,"key":"ColorlessPotion"},{"floor":36.0,"key":"Fire Potion"},{"floor":36.0,"key":"ZuzhouPotion:ReiMu"},{"floor":40,"key":"LifebloodPotion"},{"floor":47,"key":"PowerPotion"}],"is_trial":false,"path_per_floor":["M","M","?","M","?","E","COS","E","T","R","E","M","T","E","R","B",null,"M","?","?","M","?","E","R","E","T","E","M","M","M","E","R","B",null,"M","M","?","?","M","E","R","M","T","$","T","E","M","?","R_BF","B",null],"character_chosen":"REIMU","items_purchased":["Apotheosis"],"campfire_rested":2,"item_purchase_floors":[44],"current_hp_per_floor":[65,65,65,65,65,65,65,65,65,65,57,55,55,55,55,35,65,56,43,43,47,32,32,51,46,46,46,39,39,44,44,44,42,65,43,43,43,43,43,43,62,62,62,62,62,60,60,60,60,60],"gold":107,"neow_bonus":"THREE_ENEMY_KILL","is_daily":false,"chose_seed":false,"campfire_upgraded":2,"win_rate":0.0,"timestamp":1613107366,"path_taken":["M","M","?","M","?","E","COS","E","T","R","E","M","?","E","R","BOSS","M","?","?","M","?","E","R","E","T","E","M","M","?","E","R","BOSS","M","M","?","?","M","E","R","M","T","$","?","E","M","?","R_BF","BOSS"],"items_purchased_type":["Card"],"build_version":"2020-12-22","purchased_purges":2,"victory":true,"max_hp_per_floor":[65,65,65,65,65,65,65,65,65,65,65,65,65,65,65,65,65,65,65,65,65,65,65,65,65,65,65,65,65,65,65,65,65,65,65,65,65,65,65,65,65,65,65,65,65,65,65,65,65,65],"card_choices":[{"not_picked":["YinYangSange:ReiMu","CareerPray:ReiMu"],"picked":"OctopathBindingBorder2:ReiMu","floor":1.0},{"not_picked":["SafetyPray:ReiMu","YinYangSange:ReiMu"],"picked":"WonderfulDomain:ReiMu","floor":2.0},{"not_picked":["AirStrike:ReiMu","SpiritualOutbreak2:ReiMu"],"picked":"Meditation:ReiMu","floor":4.0},{"not_picked":["SubcavityInstant:ReiMu","Dreaming2:ReiMu"],"picked":"SubAcupoint:ReiMu","floor":6.0},{"not_picked":["BarrageOfMoneybags:ReiMu","SubcavityInstant:ReiMu"],"picked":"MikOfLucky:ReiMu","floor":8.0},{"not_picked":["AirStrike:ReiMu","PayForSelf:ReiMu","UpKicking:ReiMu"],"picked":"SKIP","floor":11.0},{"not_picked":["PrepareRite:ReiMu","EmergencyTakeOff:ReiMu"],"picked":"FoulBorder2:ReiMu","floor":12.0},{"not_picked":["EmergencyTakeOff:ReiMu","YinYangSign:ReiMu"],"picked":"SealNeedle:ReiMu","floor":14.0},{"not_picked":["WonderfulDomain:ReiMu","Amulet:ReiMu"],"picked":"RainPray2:ReiMu","floor":18.0},{"not_picked":["Conquer:ReiMu+1","Enchanting:ReiMu"],"picked":"Revelation:ReiMu","floor":19.0},{"not_picked":["WonderfulDomain:ReiMu","AirStrike:ReiMu"],"picked":"PrepareRite:ReiMu+1","floor":21.0},{"not_picked":["AlertArray:ReiMu","MountainWay:ReiMu"],"picked":"RainPray2:ReiMu","floor":22.0},{"not_picked":["Conquer:ReiMu","FoulBorder2:ReiMu"],"picked":"EmergencyTakeOff:ReiMu","floor":22.0},{"not_picked":["EmergencyTakeOff:ReiMu","Intuition:ReiMu"],"picked":"FantasyMoon:ReiMu+1","floor":23.0},{"not_picked":["SubcavityInstant:ReiMu","Conquer:ReiMu"],"picked":"KyokaiOfKami:ReiMu","floor":25.0},{"not_picked":["Enchanting:ReiMu+1","AirStrike:ReiMu","Conquer:ReiMu"],"picked":"SKIP","floor":27.0},{"not_picked":["InherentArray:ReiMu","PrepareRite:ReiMu+1","EmergencyTakeOff:ReiMu"],"picked":"SKIP","floor":28.0},{"not_picked":["Intuition:ReiMu","EmergencyTakeOff:ReiMu","Crusade:ReiMu+1"],"picked":"SKIP","floor":29.0},{"not_picked":["Intuition:ReiMu","PrepareRite:ReiMu","SealNeedle:ReiMu"],"picked":"SKIP","floor":30.0},{"not_picked":["Authority:ReiMu","OctopathSalyBorderN:ReiMu","Meditation:ReiMu"],"picked":"SKIP","floor":31.0},{"not_picked":["OctopathSalyBorderN:ReiMu","BlastKick2:ReiMu"],"picked":"SubcavityFantasy:ReiMu","floor":33.0},{"not_picked":["RainPray2:ReiMu+1","Gathering:ReiMu+1"],"picked":"UpKicking:ReiMu","floor":35.0},{"not_picked":["SubAcupoint:ReiMu","OrbThrow:ReiMu","WonderfulDomain:ReiMu"],"picked":"SKIP","floor":36.0},{"not_picked":["YinYangSange:ReiMu+1","AirStrike:ReiMu","TightArray:ReiMu"],"picked":"SKIP","floor":39},{"not_picked":["DependentForm:ReiMu","CareerPray:ReiMu+1","TightArray:ReiMu+1"],"picked":"SKIP","floor":40},{"not_picked":["BarrageOfMoneybags:ReiMu+1","Enchanting:ReiMu+1","CareerPray:ReiMu"],"picked":"SKIP","floor":42},{"not_picked":["FantasyMoon:ReiMu+1","CardOfSanctity:ReiMu","OrbThrow:ReiMu+1"],"picked":"SKIP","floor":46},{"not_picked":["KamiSacrifice:ReiMu","Conquer:ReiMu+1","Intuition:ReiMu+1"],"picked":"SKIP","floor":47},{"not_picked":["KamiSacrifice:ReiMu","Conquer:ReiMu+1","Intuition:ReiMu+1"],"picked":"SKIP","floor":47}],"player_experience":448209,"relics_obtained":[{"floor":2.0,"key":"hubris:Zylophone"},{"floor":6.0,"key":"Art of War"},{"floor":6.0,"key":"REME_PuzzleBoxRelic"},{"floor":8.0,"key":"Bottled Lightning"},{"floor":9.0,"key":"Lizard Tail"},{"floor":11.0,"key":"Replay:Accelerometer"},{"floor":13.0,"key":"War Paint"},{"floor":14.0,"key":"Vajra"},{"floor":19.0,"key":"hubris:GlazedTorus"},{"floor":19.0,"key":"Ice Cream"},{"floor":22.0,"key":"hubris:CrystalStatue"},{"floor":23.0,"key":"Kunai"},{"floor":25.0,"key":"Lantern"},{"floor":26.0,"key":"Calipers"},{"floor":27.0,"key":"Turnip"},{"floor":31.0,"key":"Smiling Mask"},{"floor":36.0,"key":"hubris:MedicalManual"},{"floor":40,"key":"Gremlin Horn"},{"floor":43,"key":"hubris:TinFlute"},{"floor":45,"key":"Centennial Puzzle"}],"event_choices":[],"is_beta":false,"boss_relics":[{"not_picked":["Ring of Chaos","Coffee Dripper"],"picked":"Fusion Hammer"},{"not_picked":["Runic Pyramid","Snecko Eye"],"picked":"SlaversCollar"}],"items_purged_floors":[44,44],"is_endless":false,"potions_floor_spawned":[1,2,6,23,25,27,30,36,40,42],"ascension_level":1}}