{"host":"z42sc0n2dozsmk72","time":1613141616,"event":{"mods":["AchievementEnabler","BaseMod","Better Third Choice","Colored Map","Curses Come First","Highlight Path","Minty Spire (QoL Compilation)","Permanent Neow","Quick Restart","Relic Stats","Shop Mod","StSLib","egg","slay the spire mod where everything is the same but ironclad has a cowboy hat"],"gold_per_floor":[368,384,384,334,334,368,368,406,406,95,95,109,141,173,173,306,306,331,344,87,96,96,96,129,174,253,253,297,212,212,237,237,366,366,398,461,461,76,100,100,123,123,123,168,191,216,234,278,278,278,278],"floor_reached":50,"language":"ENG","playtime":4398,"items_purged":["Strike_R","Strike_R"],"score":792,"play_id":"71192bce-2d80-432c-b9d1-9ceab6c45748","local_time":"20210213035336","is_ascension_mode":true,"campfire_choices":[{"floor":7.0,"key":"REST"},{"data":"Armaments","floor":11.0,"key":"SMITH"},{"data":"True Grit","floor":15.0,"key":"SMITH"},{"data":"Demon Form","floor":23.0,"key":"SMITH"},{"data":"Feel No Pain","floor":27.0,"key":"SMITH"},{"data":"Shrug It Off","floor":30.0,"key":"SMITH"},{"data":"Shrug It Off","floor":32.0,"key":"SMITH"},{"data":"Limit Break","floor":40.0,"key":"SMITH"},{"floor":42.0,"key":"RECALL"},{"data":"Reckless Charge","floor":49,"key":"SMITH"}],"circlet_count":0,"master_deck":["Defend_R","Defend_R","Defend_R","Defend_R","Bash","Armaments+1","Shockwave","Ghostly Armor","Shrug It Off+1","Reckless Charge+1","Bludgeon","True Grit+1","Demon Form+1","Shrug It Off+1","Feel No Pain+1","Bite","Bite","Bite","Bite","Bite","Limit Break+1","Disarm","Sword Boomerang+1","Body Slam+1","Seeing Red+1","Madness","Madness"],"relics":["Burning Blood","Golden Idol","Torii","CeramicFish","Thread and Needle","Runic Pyramid","Oddly Smooth Stone","Ancient Tea Set","Singing Bowl","MealTicket","Blood Vial","Cursed Key","Magic Flower","MerchantsRug","Sling","Happy Flower","Orichalcum","Bottled Flame"],"acts_visited":["Exordium","TheCity","TheBeyond"],"potions_floor_usage":[50],"damage_taken":[{"damage":10.0,"enemies":"2 Louse","floor":1.0,"turns":3.0},{"damage":0.0,"enemies":"Small Slimes","floor":2.0,"turns":4.0},{"damage":32.0,"enemies":"Gremlin Nob","floor":6.0,"turns":4.0},{"damage":16.0,"enemies":"3 Sentries","floor":8.0,"turns":18.0},{"damage":0.0,"enemies":"Jaw Worm","floor":12.0,"turns":6.0},{"damage":5.0,"enemies":"Gremlin Gang","floor":13.0,"turns":8.0},{"damage":0.0,"enemies":"3 Louse","floor":14.0,"turns":4.0},{"damage":20.0,"enemies":"The Guardian","floor":16.0,"turns":14.0},{"damage":7.0,"enemies":"3 Byrds","floor":18.0,"turns":7.0},{"damage":17.0,"enemies":"2 Thieves","floor":19.0,"turns":5.0},{"damage":14.0,"enemies":"Gremlin Leader","floor":24.0,"turns":8.0},{"damage":2.0,"enemies":"Book of Stabbing","floor":28.0,"turns":7.0},{"damage":15.0,"enemies":"Centurion and Healer","floor":31.0,"turns":6.0},{"damage":44.0,"enemies":"Automaton","floor":33.0,"turns":12.0},{"damage":7.0,"enemies":"3 Shapes","floor":35.0,"turns":7.0},{"damage":0.0,"enemies":"Mind Bloom Boss Battle","floor":36.0,"turns":9.0},{"damage":6.0,"enemies":"Orb Walker","floor":39.0,"turns":5.0},{"damage":15.0,"enemies":"Jaw Worm Horde","floor":41.0,"turns":7.0},{"damage":10.0,"enemies":"Giant Head","floor":44.0,"turns":8.0},{"damage":0.0,"enemies":"Maw","floor":45.0,"turns":7.0},{"damage":32,"enemies":"Writhing Mass","floor":46,"turns":9},{"damage":11,"enemies":"Nemesis","floor":48,"turns":9},{"damage":92,"enemies":"Donu and Deca","floor":50,"turns":7}],"seed_played":"-153586695506864086","potions_obtained":[{"floor":1.0,"key":"BlessingOfTheForge"},{"floor":2.0,"key":"Strength Potion"},{"floor":6.0,"key":"Dexterity Potion"},{"floor":24.0,"key":"SteroidPotion"},{"floor":28.0,"key":"FearPotion"},{"floor":31.0,"key":"DuplicationPotion"},{"floor":39.0,"key":"Fire Potion"}],"is_trial":false,"path_per_floor":["M","M","?","?","?","E","R","E","T","$","R","M","M","M","R","B",null,"M","M","$","?","T","R","E","?","T","R","E","?","R","M","R","B",null,"M","?","T","$","M","R","M","R","T","E","M","M","?","E","R","B"],"character_chosen":"IRONCLAD","items_purchased":["Tiny Chest","Shrug It Off","Reckless Charge","Oddly Smooth Stone","Shrug It Off","MerchantsRug","Sling","Happy Flower"],"campfire_rested":1,"item_purchase_floors":[10,10,10,20,20,38,38,38],"current_hp_per_floor":[47,53,33,33,33,7,31,21,21,21,21,27,28,34,34,20,65,64,53,53,53,53,53,45,45,45,45,58,58,58,57,57,41,55,60,62,62,62,64,64,66,66,66,66,66,66,58,68,68,0,0],"gold":278,"neow_bonus":"TWO_FIFTY_GOLD","is_daily":false,"chose_seed":false,"campfire_upgraded":8,"win_rate":0.0,"timestamp":1613141616,"path_taken":["M","M","?","?","?","E","R","E","T","$","R","?","M","?","R","BOSS","M","M","$","?","?","R","E","?","T","R","E","?","R","M","R","BOSS","M","?","?","$","M","R","?","R","T","E","M","M","?","E","R","BOSS"],"items_purchased_type":["Relic","Card","Card","Relic","Card","Relic","Relic","Relic"],"build_version":"2020-12-22","purchased_purges":2,"victory":false,"max_hp_per_floor":[80,80,80,80,80,80,80,80,80,80,80,80,80,80,80,80,80,80,80,80,80,80,80,80,56,56,56,58,58,58,60,60,60,60,60,62,62,62,64,64,66,66,66,66,66,66,66,68,68,68,68],"relic_stats":{"Torii":36,"Singing Bowl":12,"Happy Flower":[17],"counters":[23,174],"Golden Idol":156,"CeramicFish":171,"Magic Flower":[31],"Orichalcum":[18],"Cursed Key":0,"Burning Blood":92,"Blood Vial":7,"MealTicket":0,"obtain_stats":[{"MerchantsRug":38,"Torii":6,"Singing Bowl":26,"Happy Flower":38,"Golden Idol":3,"CeramicFish":8,"Oddly Smooth Stone":20,"Magic Flower":36,"Thread and Needle":9,"Orichalcum":44,"Ancient Tea Set":24,"Cursed Key":34,"Sling":38,"Burning Blood":0,"Blood Vial":29,"Bottled Flame":48,"Tiny Chest":10,"MealTicket":28,"Runic Pyramid":17},{"MerchantsRug":16,"Torii":3,"Singing Bowl":11,"Happy Flower":16,"Golden Idol":2,"CeramicFish":4,"Oddly Smooth Stone":10,"Magic Flower":16,"Thread and Needle":4,"Orichalcum":19,"Ancient Tea Set":11,"Cursed Key":14,"Sling":16,"Burning Blood":0,"Blood Vial":12,"Bottled Flame":22,"Tiny Chest":4,"MealTicket":12,"Runic Pyramid":8},{"MerchantsRug":122,"Torii":11,"Singing Bowl":81,"Happy Flower":122,"Golden Idol":7,"CeramicFish":29,"Oddly Smooth Stone":73,"Magic Flower":122,"Thread and Needle":29,"Orichalcum":142,"Ancient Tea Set":81,"Cursed Key":106,"Sling":122,"Burning Blood":0,"Blood Vial":88,"Bottled Flame":167,"Tiny Chest":29,"MealTicket":88,"Runic Pyramid":61}]},"card_choices":[{"not_picked":["Metallicize","Headbutt"],"picked":"Armaments","floor":1.0},{"not_picked":["Heavy Blade","Combust"],"picked":"Shockwave","floor":2.0},{"not_picked":["Sword Boomerang","Clash"],"picked":"Ghostly Armor","floor":6.0},{"not_picked":["Rupture","Second Wind","Headbutt"],"picked":"SKIP","floor":8.0},{"not_picked":["Intimidate","Blood for Blood","Pommel Strike"],"picked":"SKIP","floor":12.0},{"not_picked":["Iron Wave","Perfected Strike"],"picked":"Bludgeon","floor":13.0},{"not_picked":["Headbutt","Intimidate"],"picked":"True Grit","floor":14.0},{"not_picked":["Bludgeon","Reaper"],"picked":"Demon Form","floor":16.0},{"not_picked":["Headbutt+1","Perfected Strike","Battle Trance"],"picked":"SKIP","floor":18.0},{"not_picked":["Shrug It Off","Whirlwind","Wild Strike"],"picked":"SKIP","floor":19.0},{"not_picked":["Armaments","Fire Breathing","Shockwave"],"picked":"SKIP","floor":24.0},{"not_picked":["Perfected Strike+1","Fiend Fire","Pummel"],"picked":"Singing Bowl","floor":28.0},{"not_picked":["Thunderclap","Dropkick","Spot Weakness"],"picked":"Singing Bowl","floor":31.0},{"not_picked":["Fiend Fire","Double Tap"],"picked":"Limit Break","floor":33.0},{"not_picked":["Headbutt","Thunderclap+1"],"picked":"Disarm","floor":35.0},{"not_picked":["Shrug It Off","Twin Strike","Wild Strike"],"picked":"Singing Bowl","floor":36.0},{"not_picked":["Clash+1","Heavy Blade","Rampage+1"],"picked":"Singing Bowl","floor":39.0},{"not_picked":["Inflame","Cleave","Iron Wave"],"picked":"Singing Bowl","floor":41.0},{"not_picked":["Flame Barrier+1","Anger+1"],"picked":"Sword Boomerang+1","floor":44.0},{"not_picked":["Havoc","Anger+1"],"picked":"Body Slam+1","floor":45.0},{"not_picked":["Headbutt","Immolate"],"picked":"Seeing Red+1","floor":46},{"not_picked":["Dual Wield","Disarm","Pommel Strike"],"picked":"Singing Bowl","floor":48}],"player_experience":948858,"relics_obtained":[{"floor":6.0,"key":"Torii"},{"floor":8.0,"key":"CeramicFish"},{"floor":9.0,"key":"Thread and Needle"},{"floor":24.0,"key":"Ancient Tea Set"},{"floor":26.0,"key":"Singing Bowl"},{"floor":28.0,"key":"MealTicket"},{"floor":36.0,"key":"Magic Flower"},{"floor":44.0,"key":"Orichalcum"},{"floor":48,"key":"Bottled Flame"}],"event_choices":[{"damage_healed":0.0,"max_hp_gain":0.0,"max_hp_loss":0.0,"gold_gain":0.0,"event_name":"Golden Idol","player_choice":"Take Damage","floor":3.0,"gold_loss":0.0,"damage_taken":20.0,"relics_obtained":["Golden Idol"]},{"cards_removed":["Strike_R"],"damage_healed":0.0,"max_hp_gain":0.0,"max_hp_loss":0.0,"gold_gain":0.0,"event_name":"The Cleric","player_choice":"Card Removal","floor":4.0,"gold_loss":50.0,"damage_taken":0.0},{"damage_healed":0.0,"max_hp_gain":0.0,"max_hp_loss":0.0,"gold_gain":0.0,"event_name":"betterThird:BetterScrap","player_choice":"LEAVE","floor":5.0,"gold_loss":0.0,"damage_taken":0.0,"cards_obtained":["DeceiveReality"]},{"damage_healed":0.0,"max_hp_gain":0.0,"max_hp_loss":0.0,"gold_gain":0.0,"event_name":"The Library","player_choice":"Read","floor":21.0,"gold_loss":0.0,"damage_taken":0.0,"cards_obtained":["Feel No Pain"]},{"damage_healed":0.0,"max_hp_gain":0.0,"max_hp_loss":24.0,"gold_gain":0.0,"event_name":"Vampires","player_choice":"Became a vampire","floor":25.0,"gold_loss":0.0,"damage_taken":0.0,"cards_obtained":["Bite","Bite","Bite","Bite","Bite"]},{"damage_healed":0.0,"max_hp_gain":0.0,"max_hp_loss":0.0,"gold_gain":0.0,"event_name":"Addict","player_choice":"Obtained Relic","floor":29.0,"gold_loss":85.0,"damage_taken":0.0,"relics_obtained":["Blood Vial"]},{"damage_healed":0.0,"max_hp_gain":0.0,"max_hp_loss":0.0,"gold_gain":0.0,"event_name":"MindBloom","player_choice":"Fight","floor":36.0,"gold_loss":0.0,"damage_taken":0.0},{"damage_healed":0,"gold_gain":0,"player_choice":"Embrace Madness","damage_taken":8,"max_hp_gain":0,"max_hp_loss":0,"event_name":"Winding Halls","floor":47,"gold_loss":0,"cards_obtained":["Madness","Madness"]}],"is_beta":false,"boss_relics":[{"not_picked":["Pandora\u0027s Box","Black Star"],"picked":"Runic Pyramid"},{"not_picked":["Runic Dome","Astrolabe"],"picked":"Cursed Key"}],"items_purged_floors":[10,20],"is_endless":false,"potions_floor_spawned":[1,2,6,24,28,31,35,39,48],"killed_by":"Donu and Deca","ascension_level":6}}