{"host":"gjwzgdilc53yxmt0","time":1613162632,"event":{"mods":["2.2 Compatiblity","BaseMod","Bestiary","Highlight Path","Minty Spire (QoL Compilation)","Relic Stats","StSLib","ojb\u0027s Info Mod"],"gold_per_floor":[114,129,143,159,58,58,91,91,91,91,91,150,183,12,12,89,89,104,120,120,37,55,81,81,116,116,116,135,147,147,172,172,250,250,293,293,293,7,24,24,81,81,104,104,153,171,251,313,313,313,313,313,313,55,90,90],"floor_reached":57,"language":"ENG","playtime":4066,"items_purged":["Injury"],"score":2977,"play_id":"0120d805-e99f-46da-94d2-39037617b0aa","local_time":"20210212154352","is_ascension_mode":true,"campfire_choices":[{"data":"Eruption","floor":6.0,"key":"SMITH"},{"data":"Wallop","floor":8.0,"key":"SMITH"},{"data":"Meditate","floor":10.0,"key":"SMITH"},{"data":"FlurryOfBlows","floor":15.0,"key":"SMITH"},{"data":"Ghostly","floor":24.0,"key":"SMITH"},{"data":"Ghostly","floor":27.0,"key":"SMITH"},{"data":"Ghostly","floor":32.0,"key":"SMITH"},{"data":"Wish","floor":40.0,"key":"SMITH"},{"data":"MentalFortress","floor":42.0,"key":"SMITH"},{"floor":49.0,"key":"RECALL"},{"data":"Meditate","floor":53.0,"key":"SMITH"}],"circlet_count":0,"master_deck":["AscendersBane","Strike_P","Defend_P","Defend_P","Defend_P","Eruption+1","Vigilance","Swivel","CutThroughFate","Halt","FlurryOfBlows+1","Meditate+1","Crescendo","FollowUp","Wallop+1","Halt","DevaForm","EmptyFist","SashWhip+1","Ghostly+1","Ghostly+1","Ghostly+1","Wallop","Adaptation","FlurryOfBlows","EmptyFist","CutThroughFate","Halt","Crescendo","Adaptation","Wish+1","CurseOfTheBell","InnerPeace","MentalFortress+1","Vault","FearNoEvil","Meditate+1","Crescendo","ClearTheMind","Sanctity+1","Wish","ClearTheMind"],"relics":["PureWater","Calipers","Eternal Feather","Letter Opener","Bag of Marbles","OrangePellets","Runic Pyramid","Ancient Tea Set","StoneCalendar","Vajra","FossilizedHelix","Calling Bell","Tiny Chest","The Courier","CaptainsWheel","Akabeko","Bottled Tornado","Centennial Puzzle","Art of War","Bag of Preparation","Happy Flower"],"acts_visited":["Exordium","TheCity","TheBeyond","TheEnding"],"potions_floor_usage":[56,56],"damage_taken":[{"damage":4.0,"enemies":"Jaw Worm","floor":1.0,"turns":3.0},{"damage":0.0,"enemies":"2 Louse","floor":2.0,"turns":3.0},{"damage":0.0,"enemies":"Cultist","floor":3.0,"turns":3.0},{"damage":0.0,"enemies":"Blue Slaver","floor":4.0,"turns":3.0},{"damage":2.0,"enemies":"Gremlin Nob","floor":7.0,"turns":3.0},{"damage":3.0,"enemies":"Lagavulin Event","floor":12.0,"turns":4.0},{"damage":2.0,"enemies":"3 Sentries","floor":13.0,"turns":5.0},{"damage":23.0,"enemies":"Slime Boss","floor":16.0,"turns":13.0},{"damage":0.0,"enemies":"3 Byrds","floor":18.0,"turns":4.0},{"damage":0.0,"enemies":"Chosen","floor":19.0,"turns":4.0},{"damage":1.0,"enemies":"Centurion and Healer","floor":22.0,"turns":6.0},{"damage":10.0,"enemies":"Gremlin Leader","floor":23.0,"turns":7.0},{"damage":8.0,"enemies":"Book of Stabbing","floor":25.0,"turns":5.0},{"damage":0.0,"enemies":"Chosen and Byrds","floor":28.0,"turns":5.0},{"damage":0.0,"enemies":"Snecko","floor":29.0,"turns":6.0},{"damage":6.0,"enemies":"Slavers","floor":31.0,"turns":6.0},{"damage":0.0,"enemies":"Collector","floor":33.0,"turns":9.0},{"damage":0.0,"enemies":"3 Shapes","floor":35.0,"turns":4.0},{"damage":0.0,"enemies":"Orb Walker","floor":39.0,"turns":4.0},{"damage":0.0,"enemies":"Reptomancer","floor":41.0,"turns":6.0},{"damage":0.0,"enemies":"Sphere and 2 Shapes","floor":45.0,"turns":5.0},{"damage":1.0,"enemies":"Transient","floor":46.0,"turns":6.0},{"damage":14.0,"enemies":"Nemesis","floor":48.0,"turns":5.0},{"damage":12.0,"enemies":"Awakened One","floor":50.0,"turns":10.0},{"damage":0.0,"enemies":"Time Eater","floor":51.0,"turns":10.0},{"damage":0.0,"enemies":"Shield and Spear","floor":55.0,"turns":7.0},{"damage":36,"enemies":"The Heart","floor":56,"turns":10}],"seed_played":"4608646751443370181","potions_obtained":[{"floor":1.0,"key":"Regen Potion"},{"floor":4.0,"key":"Explosive Potion"},{"floor":13.0,"key":"Regen Potion"},{"floor":29.0,"key":"SneckoOil"},{"floor":35.0,"key":"Block Potion"}],"is_trial":false,"path_per_floor":["M","M","M","M","$","R","E","R","T","R","?","?","E","$","R","B",null,"M","M","?","$","M","E","R","E","T","R","M","M","?","E","R","B",null,"M","?","$","$","M","R","E","R","T","?","M","M","T","E","R","B","B",null,"R","$","E","B",null],"character_chosen":"WATCHER","items_purchased":["FollowUp","OrangePellets","Wallop","MentalFortress","Vault","FearNoEvil","Meditate","Art of War","Bag of Preparation"],"campfire_rested":0,"item_purchase_floors":[5,14,21,38,38,38,38,54,54],"current_hp_per_floor":[57,57,57,57,57,57,55,55,55,64,57,54,52,52,61,38,61,61,61,34,34,33,34,34,26,26,34,34,34,34,28,34,34,34,34,34,34,34,34,34,34,34,34,34,34,33,33,19,34,22,22,31,34,34,34,13],"gold":90,"neow_bonus":"TRANSFORM_TWO_CARDS","is_daily":false,"chose_seed":false,"campfire_upgraded":10,"win_rate":0.0,"timestamp":1613162632,"path_taken":["M","M","M","M","$","R","E","R","T","R","?","?","E","?","R","BOSS","M","M","?","$","M","E","R","E","T","R","M","M","?","E","R","BOSS","M","?","?","$","M","R","E","R","T","?","M","M","?","E","R","BOSS","BOSS","R","$","E","BOSS"],"items_purchased_type":["Card","Relic","Card","Card","Card","Card","Card","Relic","Relic"],"build_version":"2020-12-22","purchased_purges":1,"victory":true,"max_hp_per_floor":[68,68,68,68,68,68,68,68,68,68,68,68,68,68,68,68,68,68,68,34,34,34,34,34,34,34,34,34,34,34,34,34,34,34,34,34,34,34,34,34,34,34,34,34,34,34,34,34,34,34,34,34,34,34,34,34],"relic_stats":{"OrangePellets":[7],"Centennial Puzzle":[5],"Happy Flower":[3],"counters":[27,156],"Eternal Feather":50,"StoneCalendar":[156],"Tiny Chest":1,"Art of War":[2],"Bag of Preparation":[4],"Letter Opener":[444],"obtain_stats":[{"Calipers":7,"Happy Flower":55,"Vajra":26,"Eternal Feather":9,"StoneCalendar":25,"The Courier":34,"Bag of Preparation":54,"Letter Opener":12,"Bottled Tornado":47,"Ancient Tea Set":23,"Akabeko":41,"Calling Bell":34,"OrangePellets":14,"CaptainsWheel":34,"Centennial Puzzle":48,"Tiny Chest":34,"Bag of Marbles":13,"Art of War":54,"PureWater":0,"FossilizedHelix":31,"Runic Pyramid":17},{"Calipers":5,"Happy Flower":26,"Vajra":13,"Eternal Feather":5,"StoneCalendar":13,"The Courier":17,"Bag of Preparation":25,"Letter Opener":6,"Bottled Tornado":22,"Ancient Tea Set":12,"Akabeko":20,"Calling Bell":17,"OrangePellets":7,"CaptainsWheel":17,"Centennial Puzzle":23,"Tiny Chest":17,"Bag of Marbles":7,"Art of War":25,"PureWater":0,"FossilizedHelix":16,"Runic Pyramid":8},{"Calipers":15,"Happy Flower":146,"Vajra":63,"Eternal Feather":15,"StoneCalendar":63,"The Courier":89,"Bag of Preparation":139,"Letter Opener":19,"Bottled Tornado":114,"Ancient Tea Set":58,"Akabeko":103,"Calling Bell":89,"OrangePellets":24,"CaptainsWheel":89,"Centennial Puzzle":119,"Tiny Chest":89,"Bag of Marbles":24,"Art of War":139,"PureWater":0,"FossilizedHelix":80,"Runic Pyramid":37}]},"card_choices":[{"not_picked":["Evaluate","CutThroughFate"],"picked":"Halt","floor":1.0},{"not_picked":["CrushJoints","CutThroughFate"],"picked":"FlurryOfBlows","floor":2.0},{"not_picked":["Conclude","ConjureBlade"],"picked":"Meditate","floor":3.0},{"not_picked":["Vengeance","SashWhip"],"picked":"Crescendo","floor":4.0},{"not_picked":["BattleHymn","CarveReality"],"picked":"Wallop","floor":7.0},{"not_picked":["Evaluate","Consecrate"],"picked":"Halt","floor":12.0},{"not_picked":["FollowUp","Evaluate"],"picked":"Halt","floor":13.0},{"not_picked":["Devotion","Brilliance"],"picked":"DevaForm","floor":16.0},{"not_picked":["ClearTheMind","Consecrate"],"picked":"EmptyFist","floor":18.0},{"not_picked":["Crescendo","ThirdEye"],"picked":"SashWhip+1","floor":19.0},{"not_picked":["FearNoEvil","Wireheading"],"picked":"Adaptation","floor":22.0},{"not_picked":["Adaptation","BowlingBash"],"picked":"FlurryOfBlows","floor":23.0},{"not_picked":["JustLucky","Establishment"],"picked":"EmptyFist","floor":25.0},{"not_picked":["FollowUp+1","ClearTheMind"],"picked":"CutThroughFate","floor":28.0},{"not_picked":["CarveReality+1","ClearTheMind"],"picked":"Halt","floor":29.0},{"not_picked":["Weave","Crescendo+1"],"picked":"Adaptation","floor":31.0},{"not_picked":["Blasphemy","Omniscience"],"picked":"Wish","floor":33.0},{"not_picked":["Halt","WheelKick"],"picked":"InnerPeace","floor":35.0},{"not_picked":["Evaluate","EmptyFist"],"picked":"Crescendo","floor":39.0},{"not_picked":["FlyingSleeves","Swivel"],"picked":"ClearTheMind","floor":41.0},{"not_picked":["PathToVictory","EmptyBody","ThirdEye"],"picked":"SKIP","floor":45.0},{"not_picked":["Protect","FollowUp"],"picked":"Sanctity+1","floor":46.0},{"not_picked":["FlurryOfBlows","SashWhip"],"picked":"Wish","floor":48.0},{"not_picked":["Consecrate+1","SandsOfTime"],"picked":"ClearTheMind","floor":55.0}],"player_experience":4921127,"relics_obtained":[{"floor":7.0,"key":"Calipers"},{"floor":9.0,"key":"Eternal Feather"},{"floor":12.0,"key":"Letter Opener"},{"floor":13.0,"key":"Bag of Marbles"},{"floor":23.0,"key":"Ancient Tea Set"},{"floor":25.0,"key":"StoneCalendar"},{"floor":26.0,"key":"Vajra"},{"floor":31.0,"key":"FossilizedHelix"},{"floor":34.0,"key":"Tiny Chest"},{"floor":34.0,"key":"The Courier"},{"floor":34.0,"key":"CaptainsWheel"},{"floor":41.0,"key":"Akabeko"},{"floor":47.0,"key":"Bottled Tornado"},{"floor":48.0,"key":"Centennial Puzzle"},{"floor":55.0,"key":"Happy Flower"}],"event_choices":[{"cards_removed":["Strike_P"],"damage_healed":0.0,"max_hp_gain":0.0,"max_hp_loss":0.0,"gold_gain":0.0,"event_name":"Golden Wing","player_choice":"Card Removal","floor":11.0,"gold_loss":0.0,"damage_taken":7.0},{"damage_healed":0.0,"max_hp_gain":0.0,"max_hp_loss":0.0,"gold_gain":0.0,"event_name":"Dead Adventurer","player_choice":"Searched \u00271\u0027 times","floor":12.0,"gold_loss":0.0,"damage_taken":0.0},{"damage_healed":0.0,"max_hp_gain":0.0,"max_hp_loss":34.0,"gold_gain":0.0,"event_name":"Ghosts","player_choice":"Became a Ghost","floor":20.0,"gold_loss":0.0,"damage_taken":0.0,"cards_obtained":["Ghostly","Ghostly","Ghostly"]},{"damage_healed":0.0,"max_hp_gain":0.0,"max_hp_loss":0.0,"gold_gain":0.0,"event_name":"The Library","player_choice":"Read","floor":30.0,"gold_loss":0.0,"damage_taken":0.0,"cards_obtained":["Crescendo"]},{"cards_removed":["Strike_P"],"damage_healed":0.0,"max_hp_gain":0.0,"max_hp_loss":0.0,"gold_gain":0.0,"event_name":"Bonfire Elementals","player_choice":"Offered Basic","floor":36.0,"gold_loss":0.0,"damage_taken":0.0},{"cards_removed":["Halt"],"damage_healed":0.0,"max_hp_gain":0.0,"max_hp_loss":0.0,"gold_gain":0.0,"event_name":"Falling","player_choice":"Removed Skill","floor":44.0,"gold_loss":0.0,"damage_taken":0.0}],"is_beta":false,"boss_relics":[{"not_picked":["Philosopher\u0027s Stone","SacredBark"],"picked":"Runic Pyramid"},{"not_picked":["Snecko Eye","SlaversCollar"],"picked":"Calling Bell"}],"items_purged_floors":[5],"is_endless":false,"potions_floor_spawned":[1,4,12,13,16,18,29,31,33,35,39],"ascension_level":20}}