{"host":"k919bq8mkuzdqhzi","time":1613174121,"event":{"mods":["AchievementEnabler","BaseMod","Colored Map","Colored Powertips","DeckTracker","Minty Spire (QoL Compilation)","Relic Sorter","SuperFastMode"],"gold_per_floor":[114,128,128,139,40,68,68,95,119,119,179,189,189,201,201,302,302,319,319,77,95,112,112,131,131,131,131,61,75,75,95,95,196,196,210,226,12,29,29,29,43,43,43,43,53,73,73,73,73,73,73],"floor_reached":50,"language":"ENG","playtime":2214,"items_purged":["Strike_B","Strike_B"],"score":454,"play_id":"1a48755b-9db5-441d-a63a-995afeb4d8bc","local_time":"20210212185521","is_ascension_mode":false,"campfire_choices":[{"data":"Dualcast","floor":7,"key":"SMITH"},{"floor":10,"key":"REST"},{"floor":13,"key":"REST"},{"floor":15,"key":"REST"},{"data":"Beam Cell","floor":23,"key":"SMITH"},{"data":"Go for the Eyes","floor":25,"key":"SMITH"},{"data":"Redo","floor":30,"key":"SMITH"},{"floor":32,"key":"REST"},{"data":"Biased Cognition","floor":40,"key":"SMITH"},{"floor":42,"key":"REST"},{"data":"White Noise","floor":44,"key":"SMITH"},{"data":"Defragment","floor":47,"key":"SMITH"},{"data":"Echo Form","floor":49,"key":"SMITH"}],"circlet_count":0,"master_deck":["Strike_B","Strike_B","Defend_B","Defend_B","Defend_B","Defend_B","Zap+1","Dualcast+1","Chill+1","Gash","Leap","Beam Cell+1","Loop","Defragment+1","Conserve Battery","Go for the Eyes+1","Biased Cognition+1","Double Energy","Stack","Storm","Ball Lightning","Rip and Tear+1","FTL","Thunder Strike","Redo+1","Electrodynamics","Rebound","Barrage+1","Echo Form+1","White Noise+1","Self Repair+1","Writhe"],"relics":["Cracked Core","Bag of Marbles","Potion Belt","Ancient Tea Set","HornCleat","Nuclear Battery","Bronze Scales","Busted Crown","Lee\u0027s Waffle","Bottled Tornado"],"acts_visited":["Exordium","TheCity","TheBeyond"],"potions_floor_usage":[11,16,33,41,50,50,50],"damage_taken":[{"damage":1,"enemies":"Jaw Worm","floor":1,"turns":2},{"damage":0,"enemies":"Cultist","floor":2,"turns":3},{"damage":0,"enemies":"Small Slimes","floor":4,"turns":3},{"damage":14,"enemies":"3 Sentries","floor":6,"turns":11},{"damage":23,"enemies":"Gremlin Nob","floor":8,"turns":4},{"damage":33,"enemies":"Gremlin Nob","floor":11,"turns":5},{"damage":3,"enemies":"Looter","floor":12,"turns":3},{"damage":16,"enemies":"Gremlin Gang","floor":14,"turns":7},{"damage":23,"enemies":"Hexaghost","floor":16,"turns":14},{"damage":10,"enemies":"Shell Parasite","floor":18,"turns":9},{"damage":11,"enemies":"3 Byrds","floor":21,"turns":6},{"damage":1,"enemies":"Snecko","floor":22,"turns":5},{"damage":0,"enemies":"Shelled Parasite and Fungi","floor":24,"turns":8},{"damage":22,"enemies":"Cultist and Chosen","floor":29,"turns":6},{"damage":0,"enemies":"Snake Plant","floor":31,"turns":3},{"damage":33,"enemies":"Champ","floor":33,"turns":8},{"damage":12,"enemies":"3 Darklings","floor":35,"turns":5},{"damage":7,"enemies":"3 Shapes","floor":36,"turns":4},{"damage":31,"enemies":"Maw","floor":38,"turns":7},{"damage":19,"enemies":"Jaw Worm Horde","floor":41,"turns":4},{"damage":0,"enemies":"4 Shapes","floor":45,"turns":3},{"damage":5,"enemies":"Spire Growth","floor":46,"turns":4},{"damage":93,"enemies":"Awakened One","floor":50,"turns":7}],"seed_played":"-3616061688646677545","potions_obtained":[{"floor":2,"key":"SpeedPotion"},{"floor":4,"key":"DuplicationPotion"},{"floor":16,"key":"FocusPotion"},{"floor":22,"key":"Energy Potion"},{"floor":24,"key":"DistilledChaos"},{"floor":36,"key":"Explosive Potion"},{"floor":38,"key":"SkillPotion"},{"floor":46,"key":"GamblersBrew"}],"is_trial":false,"path_per_floor":["M","M","?","M","$","E","R","E","T","R","?","M","R","M","R","B",null,"M","?","$","M","M","R","M","R","T","?","$","M","R","M","R","B",null,"M","M","$","M","$","R","M","R","T","R","M","M","R","?","R","B"],"character_chosen":"DEFECT","items_purchased":["Beam Cell","Stack","Storm","Ball Lightning","Electrodynamics","Lee\u0027s Waffle","White Noise"],"campfire_rested":5,"item_purchase_floors":[5,20,20,20,28,37,37],"current_hp_per_floor":[74,74,74,74,74,60,60,37,37,59,26,23,45,29,51,28,75,65,65,65,54,53,53,53,53,53,53,53,31,31,31,53,20,75,63,56,82,51,51,51,32,56,56,56,56,61,61,82,82,0,0],"gold":73,"neow_bonus":"UPGRADE_CARD","is_daily":false,"chose_seed":false,"campfire_upgraded":8,"win_rate":0.0,"timestamp":1613174121,"path_taken":["M","M","?","?","$","E","R","E","T","R","?","M","R","M","R","BOSS","M","?","$","M","?","R","?","R","T","?","?","?","R","M","R","BOSS","M","M","$","M","$","R","M","R","T","R","M","M","R","?","R","BOSS"],"items_purchased_type":["Card","Card","Card","Card","Card","Relic","Card"],"build_version":"2020-12-22","purchased_purges":2,"victory":false,"max_hp_per_floor":[75,75,75,75,75,75,75,75,75,75,75,75,75,75,75,75,75,75,75,75,75,75,75,75,75,75,75,75,75,75,75,75,75,75,75,75,82,82,82,82,82,82,82,82,82,82,82,82,82,82,82],"card_choices":[{"not_picked":["Rebound","Compile Driver"],"picked":"Chill","floor":1},{"not_picked":["Coolheaded","Rip and Tear"],"picked":"Gash","floor":2},{"not_picked":["Heatsinks","Turbo"],"picked":"Leap","floor":4},{"not_picked":["Darkness","Compile Driver"],"picked":"Loop","floor":6},{"not_picked":["Beam Cell","Steam"],"picked":"Defragment","floor":8},{"not_picked":["Fission","Gash"],"picked":"Conserve Battery","floor":11},{"not_picked":["Streamline","Compile Driver"],"picked":"Reprogram","floor":12},{"not_picked":["White Noise","Sweeping Beam"],"picked":"Go for the Eyes","floor":14},{"not_picked":["Thunder Strike","Machine Learning"],"picked":"Biased Cognition","floor":16},{"not_picked":["Streamline","Sweeping Beam"],"picked":"Double Energy","floor":18},{"not_picked":["Steam","Beam Cell+1"],"picked":"Rip and Tear+1","floor":21},{"not_picked":["Gash","Coolheaded"],"picked":"FTL","floor":22},{"not_picked":["Stack","Beam Cell"],"picked":"Thunder Strike","floor":24},{"not_picked":["Redo","Sweeping Beam"],"picked":"Rebound","floor":29},{"not_picked":["Steam","Lockon"],"picked":"Barrage+1","floor":31},{"not_picked":["Seek","Thunder Strike"],"picked":"Echo Form","floor":33},{"not_picked":["Redo+1"],"picked":"SKIP","floor":35},{"not_picked":["Heatsinks"],"picked":"SKIP","floor":36},{"not_picked":["Barrage"],"picked":"SKIP","floor":38},{"not_picked":["Reinforced Body"],"picked":"SKIP","floor":41},{"not_picked":[],"picked":"Self Repair+1","floor":45},{"not_picked":["Recycle+1"],"picked":"SKIP","floor":46}],"player_experience":143499,"relics_obtained":[{"floor":6,"key":"Bag of Marbles"},{"floor":8,"key":"Potion Belt"},{"floor":9,"key":"Ancient Tea Set"},{"floor":11,"key":"HornCleat"},{"floor":26,"key":"Bronze Scales"},{"floor":43,"key":"Bottled Tornado"}],"event_choices":[{"damage_healed":0,"gold_gain":0,"player_choice":"Ignored","damage_taken":0,"max_hp_gain":0,"max_hp_loss":0,"event_name":"NoteForYourself","floor":3,"gold_loss":0},{"damage_healed":0,"gold_gain":0,"player_choice":"Searched \u00272\u0027 times","damage_taken":0,"max_hp_gain":0,"max_hp_loss":0,"event_name":"Dead Adventurer","floor":11,"gold_loss":0},{"damage_healed":0,"gold_gain":0,"player_choice":"Upgraded","damage_taken":0,"max_hp_gain":0,"max_hp_loss":0,"event_name":"Upgrade Shrine","floor":19,"gold_loss":0,"cards_upgraded":["Chill"]},{"damage_healed":0,"gold_gain":0,"cards_transformed":["Reprogram"],"player_choice":"Transformed","damage_taken":0,"max_hp_gain":0,"max_hp_loss":0,"event_name":"Transmorgrifier","floor":27,"gold_loss":0,"cards_obtained":["Redo"]},{"damage_healed":21,"gold_gain":0,"player_choice":"Writhe","damage_taken":0,"max_hp_gain":0,"max_hp_loss":0,"event_name":"Winding Halls","floor":48,"gold_loss":0,"cards_obtained":["Writhe"]}],"is_beta":false,"boss_relics":[{"not_picked":["Coffee Dripper","Fusion Hammer"],"picked":"Nuclear Battery"},{"not_picked":["SlaversCollar","Runic Dome"],"picked":"Busted Crown"}],"items_purged_floors":[5,20],"is_endless":false,"potions_floor_spawned":[2,4,16,22,24,36,38,46],"killed_by":"Awakened One","ascension_level":0}}