{"host":"08yfhu6uhosdn245","time":1613163154,"event":{"mods":["2.2 Compatiblity","BaseMod","Bestiary","Colored Map","Colored Powertips","Curses Come First","Highlight Path","Minty Spire (QoL Compilation)","Quick Restart","Relic Stats","StSLib"],"gold_per_floor":[118,132,82,82,92,117,117,146,173,204,217,250,260,270,270,373,373,417,458,146,163,163],"floor_reached":21,"language":"ENG","playtime":1173,"items_purged":["Vengeance"],"score":368,"play_id":"510edb3b-e721-4f1a-a8a9-8f1f7a7c4e48","local_time":"20210212155234","is_ascension_mode":true,"campfire_choices":[{"data":"EmptyFist","floor":7.0,"key":"SMITH"},{"floor":15,"key":"REST"}],"circlet_count":0,"master_deck":["Eruption","Vigilance","CutThroughFate","Protect","EmptyFist+1","SignatureMove+1","CrushJoints","FlyingSleeves","FlurryOfBlows","ThirdEye","ThirdEye","Wish","InnerPeace","Evaluate","BowlingBash","Alpha","Alpha","Crescendo","Study","Fasting2"],"relics":["PureWater","MealTicket","Bag of Marbles","Whetstone","Boot","Centennial Puzzle","Pandora\u0027s Box","ClockworkSouvenir"],"acts_visited":["Exordium","TheCity"],"potions_floor_usage":[10,10,12,16],"damage_taken":[{"damage":1.0,"enemies":"2 Louse","floor":1.0,"turns":2.0},{"damage":2.0,"enemies":"Small Slimes","floor":2.0,"turns":2.0},{"damage":0.0,"enemies":"Cultist","floor":5.0,"turns":3.0},{"damage":0.0,"enemies":"Gremlin Nob","floor":6.0,"turns":2.0},{"damage":43.0,"enemies":"3 Sentries","floor":8.0,"turns":7.0},{"damage":0,"enemies":"Lagavulin","floor":10,"turns":2},{"damage":7,"enemies":"2 Fungi Beasts","floor":11,"turns":3},{"damage":2,"enemies":"3 Sentries","floor":12,"turns":3},{"damage":0,"enemies":"Looter","floor":13,"turns":2},{"damage":2,"enemies":"Red Slaver","floor":14,"turns":2},{"damage":3,"enemies":"Slime Boss","floor":16,"turns":7},{"damage":25,"enemies":"Shell Parasite","floor":18,"turns":5},{"damage":11,"enemies":"2 Thieves","floor":19,"turns":4},{"damage":26,"enemies":"Centurion and Healer","floor":21,"turns":7}],"seed_played":"-894653997368511946","potions_obtained":[{"floor":0.0,"key":"Ancient Potion"},{"floor":0.0,"key":"ColorlessPotion"},{"floor":0.0,"key":"GamblersBrew"},{"floor":5.0,"key":"FearPotion"},{"floor":6.0,"key":"Explosive Potion"},{"floor":8.0,"key":"SteroidPotion"},{"floor":11,"key":"BlessingOfTheForge"},{"floor":13,"key":"Regen Potion"},{"floor":18,"key":"Weak Potion"},{"floor":21,"key":"ColorlessPotion"}],"is_trial":false,"path_per_floor":["M","M","?","?","M","E","R","E","T","E","M","E","M","M","R","B",null,"M","M","$","M"],"character_chosen":"WATCHER","items_purchased":["ClockworkSouvenir","Fasting2"],"campfire_rested":1,"item_purchase_floors":[20,20],"current_hp_per_floor":[64,62,62,67,67,67,67,24,24,24,17,15,15,13,36,48,70,45,34,49,23,23],"gold":163,"neow_bonus":"THREE_SMALL_POTIONS","is_daily":false,"chose_seed":false,"campfire_upgraded":1,"win_rate":0.0,"timestamp":1613163154,"path_taken":["M","M","?","?","M","E","R","E","T","E","M","E","M","M","R","BOSS","M","M","$","M"],"items_purchased_type":["Relic","Card"],"build_version":"2020-12-22","purchased_purges":1,"victory":false,"max_hp_per_floor":[72,72,72,77,77,77,77,77,77,77,77,77,77,77,77,77,77,77,77,77,77,77],"relic_stats":{"Centennial Puzzle":[15],"counters":[14,51],"MealTicket":15,"Pandora\u0027s Box":["InnerPeace","Evaluate","BowlingBash","Alpha","Alpha","Crescendo","Vengeance"],"Whetstone":["Strike_P","SignatureMove"],"Boot":[7],"obtain_stats":[{"Centennial Puzzle":12,"MealTicket":6,"Pandora\u0027s Box":17,"Bag of Marbles":8,"Whetstone":9,"PureWater":0,"Boot":10,"ClockworkSouvenir":20},{"Centennial Puzzle":8,"MealTicket":4,"Pandora\u0027s Box":11,"Bag of Marbles":5,"Whetstone":5,"PureWater":0,"Boot":6,"ClockworkSouvenir":13},{"Centennial Puzzle":24,"MealTicket":9,"Pandora\u0027s Box":35,"Bag of Marbles":16,"Whetstone":16,"PureWater":0,"Boot":18,"ClockworkSouvenir":44}]},"card_choices":[{"not_picked":["FollowUp","Meditate"],"picked":"CutThroughFate","floor":1.0},{"not_picked":["PathToVictory","WaveOfTheHand","Perseverance"],"picked":"SKIP","floor":2.0},{"not_picked":["JustLucky","SashWhip"],"picked":"Protect","floor":5.0},{"not_picked":["PathToVictory","Brilliance"],"picked":"EmptyFist","floor":6.0},{"not_picked":["EmptyMind","Establishment"],"picked":"SignatureMove","floor":8.0},{"not_picked":["Crescendo","SashWhip"],"picked":"CrushJoints","floor":10},{"not_picked":["Consecrate","Pray"],"picked":"FlyingSleeves","floor":11},{"not_picked":["WindmillStrike","Halt"],"picked":"FlurryOfBlows","floor":12},{"not_picked":["CrushJoints","EmptyFist"],"picked":"ThirdEye","floor":13},{"not_picked":["EmptyFist","CutThroughFate"],"picked":"ThirdEye","floor":14},{"not_picked":["Alpha","DevaForm"],"picked":"Wish","floor":16},{"not_picked":["WheelKick","SashWhip+1"],"picked":"Study","floor":18},{"not_picked":["WaveOfTheHand+1","Worship+1","ClearTheMind"],"picked":"SKIP","floor":19},{"not_picked":["Consecrate","FollowUp","CutThroughFate"],"picked":"SKIP","floor":21}],"player_experience":388583,"relics_obtained":[{"floor":6.0,"key":"MealTicket"},{"floor":8.0,"key":"Bag of Marbles"},{"floor":9.0,"key":"Whetstone"},{"floor":10,"key":"Boot"},{"floor":12,"key":"Centennial Puzzle"}],"event_choices":[{"cards_removed":["Strike_P"],"damage_healed":0.0,"max_hp_gain":0.0,"max_hp_loss":0.0,"gold_gain":0.0,"event_name":"The Cleric","player_choice":"Card Removal","floor":3.0,"gold_loss":50.0,"damage_taken":0.0},{"damage_healed":0.0,"max_hp_gain":5.0,"max_hp_loss":0.0,"gold_gain":0.0,"event_name":"Big Fish","player_choice":"Donut","floor":4.0,"gold_loss":0.0,"damage_taken":0.0}],"is_beta":false,"boss_relics":[{"not_picked":["Ectoplasm","SacredBark"],"picked":"Pandora\u0027s Box"}],"items_purged_floors":[20],"is_endless":false,"potions_floor_spawned":[5,6,8,11,13,18,21],"killed_by":"Centurion and Healer","ascension_level":8}}