{"host":"skr63qsdfgeey3it","time":1613165745,"event":{"mods":["BaseMod","Colored Map","Hubris","Minty Spire (QoL Compilation)","Monster B Gone","Reliquary","Replay The Spire","Spicy Shops","StSLib"],"gold_per_floor":[111,111,261,44,63,99,99,118,198,198,231,255,255,296,296,389,389,412,426,439,31,31,31,64,64,90,123,123,138,154,195,195,195,195],"floor_reached":33,"language":"ENG","playtime":1027,"items_purged":["Doubt","Pain"],"score":618,"play_id":"1d420147-9048-4f32-96da-f8af1b35b34d","local_time":"20210212153545","is_ascension_mode":true,"campfire_choices":[{"floor":7,"key":"REST"},{"data":"hubris:DuctTapeCard","floor":10,"key":"SMITH"},{"data":"Zap","floor":15,"key":"SMITH"},{"data":"Hyperbeam","floor":23,"key":"SMITH"},{"data":"Reinforced Body","floor":25,"key":"SMITH"},{"floor":32,"key":"REST"}],"circlet_count":0,"master_deck":["AscendersBane","Strike_B","Strike_B","Strike_B","Strike_B","Defend_B+1","Defend_B","Defend_B","Defend_B","Zap+1","Dualcast","Gash","Self Repair","Skim","hubris:DuctTapeCard+2","Rebound","Self Repair","Hyperbeam+1","Reinforced Body+1","Auto Shields","Panic Button+1","Glacier+1","Necronomicurse","Leap","Pain"],"relics":["Cracked Core","NeowsBlessing","Golden Idol","hubris:DuctTape","WarpedTongs","ReplayTheSpireMod:Shallot","reliquary:RedPaperclip","Incense Burner","Potion Belt","reliquary:Aerogel","StrikeDummy","Necronomicon","Ginger"],"acts_visited":["Exordium","TheCity"],"potions_floor_usage":[14,16,20,24,33,33],"damage_taken":[{"damage":0,"enemies":"Cultist","floor":1,"turns":1},{"damage":0,"enemies":"Small Slimes","floor":5,"turns":1},{"damage":0,"enemies":"Gremlin Nob","floor":6,"turns":1},{"damage":0,"enemies":"Jaw Worm","floor":8,"turns":3},{"damage":12,"enemies":"3 Sentries","floor":11,"turns":3},{"damage":6,"enemies":"3 Louse","floor":12,"turns":3},{"damage":14,"enemies":"Lagavulin","floor":14,"turns":4},{"damage":53,"enemies":"Hexaghost","floor":16,"turns":8},{"damage":6,"enemies":"Chosen","floor":18,"turns":4},{"damage":10,"enemies":"Spheric Guardian","floor":19,"turns":4},{"damage":12,"enemies":"Snake Plant","floor":20,"turns":2},{"damage":29,"enemies":"Book of Stabbing","floor":24,"turns":5},{"damage":6,"enemies":"Slavers","floor":27,"turns":3},{"damage":0,"enemies":"3 Cultists","floor":29,"turns":1},{"damage":0,"enemies":"Sentry and Sphere","floor":30,"turns":1},{"damage":49,"enemies":"Automaton","floor":33,"turns":6}],"seed_played":"1446565018076274217","potions_obtained":[{"floor":1,"key":"Death Potion"},{"floor":11,"key":"Death Potion"},{"floor":14,"key":"LiquidBronze"},{"floor":18,"key":"ColorlessPotion"},{"floor":24,"key":"Ancient Potion"},{"floor":29,"key":"Swift Potion"}],"is_trial":false,"path_per_floor":["M","?","?","$","M","E","R","M","T","R","E","M","?","E","R","B",null,"M","M","M","$","?","R","E","R","T","E","?","M","M","?","R","B"],"character_chosen":"DEFECT","items_purchased":["ReplayTheSpireMod:Omega Cannon","Incense Burner"],"campfire_rested":2,"item_purchase_floors":[4,21],"current_hp_per_floor":[64,40,40,40,40,40,61,68,68,68,63,64,64,57,57,18,58,66,70,65,65,45,45,30,30,30,44,23,23,23,23,45,0,0],"gold":195,"neow_bonus":"THREE_ENEMY_KILL","is_daily":false,"chose_seed":false,"campfire_upgraded":4,"win_rate":0.0,"timestamp":1613165745,"path_taken":["M","?","?","$","M","E","R","M","T","R","E","M","?","E","R","BOSS","M","M","M","$","?","R","E","R","T","E","?","M","M","?","R","BOSS"],"items_purchased_type":["Card","Relic"],"build_version":"2020-12-22","purchased_purges":2,"victory":false,"max_hp_per_floor":[71,71,71,71,71,71,71,71,71,71,71,71,71,71,71,71,71,71,71,71,71,76,76,76,76,76,76,76,76,76,76,76,76,76],"card_choices":[{"not_picked":["ReplayTheSpireMod:Reroute Power","Cold Snap"],"picked":"Gash","floor":1},{"not_picked":["ReplaySolidLightProjector","White Noise"],"picked":"Self Repair","floor":5},{"not_picked":["Turbo","Crystallizer"],"picked":"Skim","floor":6},{"not_picked":["Capacitor","Panic Button"],"picked":"Sweeping Beam","floor":8},{"not_picked":["Hologram","Thunder Strike"],"picked":"Rebound","floor":11},{"not_picked":["Stack","BasicCrystalCard","ReplayTheSpireMod:Reroute Power"],"picked":"SKIP","floor":12},{"not_picked":["Panic Button","Cold Snap"],"picked":"Self Repair","floor":14},{"not_picked":["ReplayRNGCard","Electrodynamics"],"picked":"Hyperbeam","floor":16},{"not_picked":["Coolheaded","ReplayGash"],"picked":"Reinforced Body","floor":18},{"not_picked":["ReplayTheSpireMod:Reroute Power","Steam"],"picked":"Auto Shields","floor":19},{"not_picked":["Compile Driver","Defragment"],"picked":"Panic Button+1","floor":20},{"not_picked":["Blizzard","Turbo","Barrage"],"picked":"SKIP","floor":24},{"not_picked":["Gash","Scrape"],"picked":"Glacier+1","floor":27},{"not_picked":["Defragment","Skim"],"picked":"Leap","floor":29},{"not_picked":["Compile Driver","BasicCrystalCard","ReplayTheSpireMod:Calculation Training"],"picked":"SKIP","floor":30}],"player_experience":962594,"relics_obtained":[{"floor":6,"key":"Gremlin Food"},{"floor":9,"key":"hubris:DuctTape"},{"floor":11,"key":"Pet Ghost"},{"floor":14,"key":"ReplayTheSpireMod:Shallot"},{"floor":24,"key":"Potion Belt"},{"floor":26,"key":"reliquary:Aerogel"},{"floor":27,"key":"StrikeDummy"},{"floor":28,"key":"Necronomicon"},{"floor":31,"key":"Ginger"}],"event_choices":[{"damage_healed":0,"gold_gain":0,"player_choice":"Take Damage","damage_taken":24,"relics_obtained":["Golden Idol"],"max_hp_gain":0,"max_hp_loss":0,"event_name":"Golden Idol","floor":2,"gold_loss":0},{"damage_healed":0,"gold_gain":150,"player_choice":"AGREE","damage_taken":0,"max_hp_gain":0,"max_hp_loss":0,"event_name":"Liars Game","floor":3,"gold_loss":0,"cards_obtained":["Doubt"]},{"damage_healed":0,"gold_gain":0,"player_choice":"Rummage","damage_taken":0,"relics_obtained":["WarpedTongs"],"max_hp_gain":0,"max_hp_loss":0,"event_name":"Accursed Blacksmith","floor":13,"gold_loss":0,"cards_obtained":["Pain"]},{"damage_healed":0,"gold_gain":0,"player_choice":"Shed Blood","damage_taken":25,"max_hp_gain":5,"max_hp_loss":0,"event_name":"Forgotten Altar","floor":22,"gold_loss":0},{"damage_healed":0,"gold_gain":0,"player_choice":"Obtained Book","damage_taken":21,"max_hp_gain":0,"max_hp_loss":0,"event_name":"Cursed Tome","floor":28,"gold_loss":0}],"is_beta":false,"boss_relics":[{"not_picked":["reliquary:Craggleroot","hubris:ScarierMask"],"picked":"reliquary:RedPaperclip"}],"items_purged_floors":[4,21],"is_endless":false,"potions_floor_spawned":[1,11,12,14,18,24,29],"killed_by":"Automaton","ascension_level":15}}