{"host":"vl29iwkwnyytuw8q","time":1613143317,"event":{"mods":["BaseMod","Minty Spire (QoL Compilation)","Permanent Neow","Relic Stats","StSLib"],"gold_per_floor":[114,114,129,148,73,73,86,86,86],"floor_reached":8,"language":"ENG","playtime":228,"items_purged":["Pain"],"score":96,"play_id":"c38d2273-3cc2-43b0-b984-ca5290a4ec5f","local_time":"20210212162157","is_ascension_mode":true,"campfire_choices":[{"data":"Neutralize","floor":6,"key":"SMITH"}],"circlet_count":0,"master_deck":["AscendersBane","Strike_G","Strike_G","Strike_G","Strike_G","Strike_G","Defend_G","Defend_G","Defend_G","Defend_G","Defend_G","Survivor","Neutralize+1","Dodge and Roll","Deflect","PiercingWail","A Thousand Cuts"],"relics":["Coffee Dripper","WarpedTongs"],"acts_visited":["Exordium"],"potions_floor_usage":[],"damage_taken":[{"damage":0,"enemies":"2 Louse","floor":1,"turns":4},{"damage":6,"enemies":"Cultist","floor":3,"turns":7},{"damage":11,"enemies":"Jaw Worm","floor":4,"turns":7},{"damage":15,"enemies":"3 Louse","floor":7,"turns":4},{"damage":46,"enemies":"Gremlin Nob","floor":8,"turns":4}],"seed_played":"-412835824488019173","potions_obtained":[{"floor":4,"key":"Dexterity Potion"}],"is_trial":false,"path_per_floor":["M","?","M","M","$","R","M","E"],"character_chosen":"THE_SILENT","items_purchased":[],"campfire_rested":0,"item_purchase_floors":[],"current_hp_per_floor":[59,59,53,42,42,42,27,0,0],"gold":86,"neow_bonus":"BOSS_RELIC","is_daily":false,"chose_seed":false,"campfire_upgraded":1,"win_rate":0.0,"timestamp":1613143317,"path_taken":["M","?","M","M","?","R","M","E"],"items_purchased_type":[],"build_version":"2020-12-22","purchased_purges":1,"victory":false,"max_hp_per_floor":[66,66,66,66,66,66,66,66,66],"relic_stats":{"counters":[5,26],"obtain_stats":[{"Coffee Dripper":0,"Ring of the Snake":0,"WarpedTongs":2},{"Coffee Dripper":0,"Ring of the Snake":0,"WarpedTongs":1},{"Coffee Dripper":0,"Ring of the Snake":0,"WarpedTongs":4}],"WarpedTongs":[22]},"card_choices":[{"not_picked":["Concentrate","Bane"],"picked":"Dodge and Roll","floor":1},{"not_picked":["Bane","Dodge and Roll"],"picked":"Deflect","floor":3},{"not_picked":["Deflect","Calculated Gamble"],"picked":"PiercingWail","floor":4},{"not_picked":["Acrobatics","Outmaneuver"],"picked":"A Thousand Cuts","floor":7}],"player_experience":681906,"relics_obtained":[],"event_choices":[{"damage_healed":0,"gold_gain":0,"player_choice":"Rummage","damage_taken":0,"relics_obtained":["WarpedTongs"],"max_hp_gain":0,"max_hp_loss":0,"event_name":"Accursed Blacksmith","floor":2,"gold_loss":0,"cards_obtained":["Pain"]}],"is_beta":false,"boss_relics":[],"items_purged_floors":[5],"is_endless":false,"potions_floor_spawned":[4],"killed_by":"Gremlin Nob","ascension_level":20}}