{"host":"91blwi3hgehj6ch9","time":1613161094,"event":{"mods":["2.2 Compatiblity","AchievementEnabler","BaseMod","Colored Map","DeckTracker","Keyboard Shortcuts","Minty Spire (QoL Compilation)","Permanent Neow","Quick Restart","StSLib","SuperFastMode","everything is the same but u backflip on backflip"],"gold_per_floor":[118,43,43,43,43,76,92,92,117,145,145,145,162,182,182,182,182],"floor_reached":16,"language":"KOR","playtime":262,"items_purged":["Defend_G"],"score":186,"play_id":"ff2b68e5-28c6-4001-b776-7218f33b18ea","local_time":"20210213051814","is_ascension_mode":true,"campfire_choices":[{"floor":8,"key":"REST"},{"data":"Tactician","floor":12,"key":"SMITH"},{"data":"Calculated Gamble","floor":15,"key":"SMITH"}],"circlet_count":0,"master_deck":["AscendersBane","Strike_G","Strike_G","Strike_G","Defend_G","Defend_G","Defend_G","Defend_G","Survivor","Neutralize","Blade Dance","Backstab","Dagger Spray","Tactician+1","Calculated Gamble+1","Underhanded Strike"],"relics":["Ring of the Snake","Bag of Preparation","Akabeko","Odd Mushroom"],"acts_visited":["Exordium"],"potions_floor_usage":[],"damage_taken":[{"damage":1.0,"enemies":"2 Louse","floor":1.0,"turns":3.0},{"damage":36,"enemies":"Gremlin Nob","floor":6,"turns":4},{"damage":0,"enemies":"Small Slimes","floor":7,"turns":1},{"damage":0,"enemies":"The Mushroom Lair","floor":10,"turns":1},{"damage":0,"enemies":"Jaw Worm","floor":13,"turns":1},{"damage":0,"enemies":"Gremlin Gang","floor":14,"turns":1},{"damage":38,"enemies":"Hexaghost","floor":16,"turns":9}],"seed_played":"-3034566421450263827","potions_obtained":[{"floor":13,"key":"Energy Potion"}],"is_trial":false,"path_per_floor":["M","$","?","?","?","E","M","R","T","?","?","R","M","M","R","B"],"character_chosen":"THE_SILENT","items_purchased":[],"campfire_rested":1,"item_purchase_floors":[],"current_hp_per_floor":[58,58,53,53,53,17,17,36,36,36,36,36,36,36,36,0,0],"gold":182,"neow_bonus":"REMOVE_CARD","is_daily":false,"chose_seed":false,"campfire_upgraded":2,"win_rate":0.0,"timestamp":1613161094,"path_taken":["M","$","?","?","?","E","M","R","T","?","?","R","M","M","R","BOSS"],"items_purchased_type":[],"build_version":"2020-12-22","purchased_purges":1,"victory":false,"max_hp_per_floor":[66,66,66,66,66,66,66,66,66,66,66,66,66,66,66,66,66],"card_choices":[{"not_picked":["Bane","Escape Plan"],"picked":"Blade Dance","floor":1.0},{"not_picked":["Deadly Poison","PiercingWail"],"picked":"Dagger Spray","floor":6},{"not_picked":["Quick Slash","Outmaneuver","Sucker Punch"],"picked":"SKIP","floor":7},{"not_picked":["Backflip","Deflect"],"picked":"Tactician","floor":10},{"not_picked":["Expertise","Cloak And Dagger"],"picked":"Calculated Gamble","floor":13},{"not_picked":["Slice","Poisoned Stab"],"picked":"Underhanded Strike","floor":14}],"player_experience":233447,"relics_obtained":[{"floor":6,"key":"Akabeko"},{"floor":10,"key":"Odd Mushroom"}],"event_choices":[{"damage_healed":0.0,"max_hp_gain":0.0,"max_hp_loss":0.0,"gold_gain":0.0,"event_name":"Scrap Ooze","player_choice":"Success","floor":3.0,"gold_loss":0.0,"damage_taken":5.0,"relics_obtained":["Bag of Preparation"]},{"damage_healed":0.0,"max_hp_gain":0.0,"max_hp_loss":0.0,"gold_gain":0.0,"cards_transformed":["Strike_G"],"event_name":"Living Wall","player_choice":"Change","floor":4.0,"gold_loss":0.0,"damage_taken":0.0,"cards_obtained":["Backstab"]},{"damage_healed":0,"gold_gain":0,"player_choice":"Ignored","damage_taken":0,"max_hp_gain":0,"max_hp_loss":0,"event_name":"Shining Light","floor":5,"gold_loss":0},{"damage_healed":0,"gold_gain":0,"player_choice":"Fought Mushrooms","damage_taken":0,"max_hp_gain":0,"max_hp_loss":0,"event_name":"Mushrooms","floor":10,"gold_loss":0},{"damage_healed":0,"gold_gain":0,"player_choice":"Ignored","damage_taken":0,"max_hp_gain":0,"max_hp_loss":0,"event_name":"Liars Game","floor":11,"gold_loss":0}],"is_beta":false,"boss_relics":[],"items_purged_floors":[2],"is_endless":false,"potions_floor_spawned":[13],"killed_by":"Hexaghost","ascension_level":18}}