{"host":"psh83vqabmtchp5z","time":1613136539,"event":{"mods":["AchievementEnabler","Aspiration","BaseMod","Better Altar","Better Match","Better Skull","Better Third Choice","Better Vampires","BetterRewards","Challenge The Spire","Conspire","Downfall","Gold Saver","Lobotomy","LobotomyExtend","Minty Spire (QoL Compilation)","Quick Restart","Relic Filter","Replay The Spire","Shop Mod","Spicy Shops","StSLib","óô»ðÖ¸ÄÏ"],"gold_per_floor":[111,123,145,157,183,47,59,100,124,86,133,49,61,73,102,209,221,333,358,387,435,457,469,506,532,79,119,131,172,200,231,243,351,363,375,397,421,433,445,457,469,494,555,667,679,744,1015,1037,1065,1077],"floor_reached":51,"language":"ZHS","playtime":5984,"items_purged":["downfall:Malfunctioning","Shame","Regret"],"score":995,"play_id":"ecc56e9f-dd8b-42fd-9bc2-177c3cf88e11","local_time":"20210212212859","is_ascension_mode":true,"campfire_choices":[{"data":"Slimebound:Split","floor":1.0,"key":"SMITH"},{"data":"Discovery","floor":28.0,"key":"SMITH"},{"data":"Slimebound:MegaLick","floor":35.0,"key":"SMITH"},{"data":"Sadistic Nature","floor":45,"key":"SMITH"}],"circlet_count":0,"master_deck":["Slimebound:Strike_Slimebound+1","Slimebound:Tackle","Slimebound:Split+1","Slimebound:CorrosiveSpit","Slimebound:Schlurp","Slimebound:SlimeBrawl","Slimebound:GrowthPunch","Slimebound:RejuvenatingLick","Slimebound:Nibble","Sickly","Slimebound:RallyTheTroops","Slimebound:MassFeed","Slimebound:LeechEnergy+1","Slimebound:MegaLick+1","Slimebound:HauntingLick+1","Slimebound:Repurpose+1","Slimebound:HauntingLick+1","Slimebound:Prepare+1","Discovery+1","Sadistic Nature+1","HandOfGreed","Slimebound:Nibble","Slimebound:ComboTackle+1","Slimebound:GoopTackle+1","Slimebound:SplitMire","Slimebound:WasteNot","Slimebound:GoopTackle+1","Slimebound:SlimeTap+1","Slimebound:GoopSpray+1","Slimebound:SplitLeeching+1","Slimebound:RejuvenatingLick+1","expansioncontent:LastStand","expansioncontent:HyperBeam","Replay:SS_forest_2","Slimebound:MegaLick+1","Slimebound:Gluttony+1","Slimebound:SlimeBrawl+1","downfall:Haunted","Languid","conspire:NecroticWound","Slimebound:TagTeam","Slimebound:LeechEnergy","Slimebound:Gluttony+1"],"relics":["Slimebound:AbsorbEndCombat","MawBank","LetterFromLob","Du-Vu Doll","Iron Hammer","Guardian:PocketSentry","ReplayTheSpireMod:CursedCoin","SlaversCollar","White Beast Statue","Potion Belt","aspiration:RitualStick","Happy Flower","Ring of Hypnosis","Ring of Panic","Bronze Scales","conspire:InfiniteJournal","ClockworkSouvenir","MerchantsRug"],"acts_visited":["Exordium","TheCity","TheBeyond"],"potions_floor_usage":[50,50,50,50],"damage_taken":[{"damage":17.0,"enemies":"Jaw Worm","floor":3.0,"turns":4.0},{"damage":0.0,"enemies":"Cultist","floor":5.0,"turns":3.0},{"damage":8.0,"enemies":"Gremlin Nob","floor":8.0,"turns":3.0},{"damage":3.0,"enemies":"conspire:RoseBush","floor":9.0,"turns":3.0},{"damage":7.0,"enemies":"Lagavulin","floor":11.0,"turns":6.0},{"damage":5.0,"enemies":"Large Slime","floor":15.0,"turns":4.0},{"damage":59.0,"enemies":"DF_ARCHETYPE_STREAMLINE","floor":16.0,"turns":7.0},{"damage":5.0,"enemies":"downfall:LadyInBlue","floor":18.0,"turns":4.0},{"damage":13.0,"enemies":"Shell Parasite","floor":19.0,"turns":3.0},{"damage":9.0,"enemies":"Chosen","floor":20.0,"turns":3.0},{"damage":13.0,"enemies":"conspire:MimicChest","floor":21.0,"turns":6.0},{"damage":3.0,"enemies":"3 Cultists","floor":22.0,"turns":3.0},{"damage":20.0,"enemies":"Snake Plant","floor":25.0,"turns":3.0},{"damage":33.0,"enemies":"Book of Stabbing","floor":27.0,"turns":4.0},{"damage":13.0,"enemies":"conspire:SneckoGhost","floor":29.0,"turns":4.0},{"damage":0.0,"enemies":"conspire:HollyBat","floor":30.0,"turns":5.0},{"damage":6.0,"enemies":"Chosen and Byrds","floor":31.0,"turns":3.0},{"damage":21.0,"enemies":"WA_ARCHETYPE_CALM","floor":33.0,"turns":5.0},{"damage":12.0,"enemies":"3 Shapes","floor":36.0,"turns":3.0},{"damage":0.0,"enemies":"3 Darklings","floor":37.0,"turns":2.0},{"damage":18.0,"enemies":"3 Darklings","floor":40.0,"turns":2.0},{"damage":31.0,"enemies":"Writhing Mass","floor":42.0,"turns":3.0},{"damage":6.0,"enemies":"Reptomancer","floor":43.0,"turns":3.0},{"damage":24,"enemies":"2 Orb Walkers","floor":46,"turns":3},{"damage":46,"enemies":"4 Shapes","floor":48,"turns":4},{"damage":20,"enemies":"Spire Growth","floor":49,"turns":3},{"damage":0,"enemies":"SI_POISON_ARCHETYPE","floor":50,"turns":4}],"seed_played":"-5250486314311874018","potions_obtained":[{"floor":3.0,"key":"LiquidBronze"},{"floor":8.0,"key":"Fire Potion"},{"floor":9.0,"key":"SpeedPotion"},{"floor":16.0,"key":"Strength Potion"},{"floor":18.0,"key":"LiquidMemories"},{"floor":18.0,"key":"Toxic Potion"},{"floor":18.0,"key":"Reflective Coating"},{"floor":20.0,"key":"Elixir"},{"floor":21.0,"key":"GamblersBrew"},{"floor":22.0,"key":"Elixir"},{"floor":25.0,"key":"Strength Potion"},{"floor":27.0,"key":"ColorlessPotion"},{"floor":29.0,"key":"PowerPotion"},{"floor":31.0,"key":"Fire Potion"},{"floor":33.0,"key":"SteroidPotion"},{"floor":36.0,"key":"Energy Potion"},{"floor":40.0,"key":"Block Potion"},{"floor":42.0,"key":"Adrenaline Potion"},{"floor":43.0,"key":"SteroidPotion"},{"floor":48,"key":"EssenceOfSteel"}],"is_trial":false,"path_per_floor":["R","?","M","?","M","R","T","E","M","R","E","R","?","?","M","B",null,"R","M","M","?","M","?","T","M","R","E","R","E","M","M","M","B",null,"R","M","M","?","?","?","T","M","E","?","R","?","R","M","M","B",null],"character_chosen":"SLIMEBOUND","items_purchased":["Du-Vu Doll","ReplayTheSpireMod:CursedCoin","Replay:Wax Seal","Chemical X","ReplayTheSpireMod:ShopPack","Omamori","Juzu Bracelet","ClockworkSouvenir","MerchantsRug"],"campfire_rested":0,"item_purchase_floors":[6,12,12,12,26,26,26,47,47],"current_hp_per_floor":[65,65,54,54,60,60,60,56,59,59,60,60,60,60,61,10,65,64,59,58,53,66,51,51,37,49,42,57,55,67,72,72,74,104,104,92,100,90,90,83,83,60,66,84,108,98,122,85,71,79],"gold":1089,"neow_bonus":"RANDOM_COMMON_RELIC","is_daily":false,"chose_seed":false,"campfire_upgraded":4,"win_rate":0.0,"timestamp":1613136539,"path_taken":["R","?","?","?","M","R","T","E","M","R","E","R","?","?","M","BOSS","R","M","?","?","M","?","T","M","R","E","R","E","M","M","M","BOSS","R","M","M","?","?","?","T","M","E","?","R","?","R","M","M","BOSS"],"items_purchased_type":["Relic","Relic","Relic","Relic","Relic","Relic","Relic","Relic","Relic"],"build_version":"2020-12-22","purchased_purges":3,"victory":true,"max_hp_per_floor":[65,65,65,65,65,65,65,65,65,65,65,65,65,65,65,65,65,65,68,68,68,76,76,76,76,76,94,94,97,101,104,104,104,104,104,104,104,104,104,107,107,107,107,125,125,125,125,128,128,128],"card_choices":[{"not_picked":["Slimebound:LeechEnergy","Slimebound:LeadByExample"],"picked":"Slimebound:Schlurp","floor":3.0},{"not_picked":["Slimebound:PressTheAttack","Slimebound:Grow"],"picked":"Slimebound:SlimeBrawl","floor":5.0},{"not_picked":["Slimebound:SplitMire","Slimebound:LivingWall"],"picked":"Slimebound:GrowthPunch","floor":8.0},{"not_picked":["Slimebound:SplitBruiser","Slimebound:ViciousTackle"],"picked":"Slimebound:RejuvenatingLick","floor":9.0},{"not_picked":["Slimebound:ForwardTackle","Slimebound:ComboTackle"],"picked":"Slimebound:Nibble","floor":11.0},{"not_picked":["Slimebound:LeechEnergy","Slimebound:TongueLash"],"picked":"Slimebound:RallyTheTroops","floor":15.0},{"not_picked":["Slimebound:TagTeam","Slimebound:MinionMaster"],"picked":"Slimebound:MassFeed","floor":16.0},{"not_picked":["Slimebound:Repurpose","Slimebound:Recollect"],"picked":"Slimebound:LeechEnergy+1","floor":18.0},{"not_picked":["Slimebound:Prepare","Slimebound:LeechingTouch"],"picked":"Slimebound:MegaLick","floor":19.0},{"not_picked":["Slimebound:SplitAcid","Slimebound:RollThrough"],"picked":"Slimebound:HauntingLick+1","floor":20.0},{"not_picked":["Slimebound:Schlurp","Slimebound:DisruptingSlam"],"picked":"Slimebound:Repurpose+1","floor":21.0},{"not_picked":["Slimebound:SamplingLick+1","Slimebound:Recollect"],"picked":"Slimebound:HauntingLick+1","floor":22.0},{"not_picked":["Slimebound:FormOfPuddle","Slimebound:SplitAcid"],"picked":"Slimebound:Prepare+1","floor":25.0},{"not_picked":["Impatience","Finesse"],"picked":"Discovery","floor":26.0},{"not_picked":["ReplayTheSpireMod:Trickstab","ReplayTheSpireMod:Uncanny Aura"],"picked":"Sadistic Nature","floor":26.0},{"not_picked":["Poisoned Strike","The Bomb"],"picked":"HandOfGreed","floor":26.0},{"not_picked":["Slimebound:SamplingLick","Slimebound:ProtectTheBoss"],"picked":"Slimebound:Nibble","floor":27.0},{"not_picked":["Slimebound:SamplingLick","Slimebound:HungryTackle+1"],"picked":"Slimebound:ComboTackle+1","floor":29.0},{"not_picked":["Slimebound:GoopSpray","Slimebound:ComboTackle+1"],"picked":"Slimebound:GoopTackle+1","floor":30.0},{"not_picked":["Slimebound:SplitAcid","Slimebound:FormOfPuddle"],"picked":"Slimebound:SplitMire","floor":31.0},{"not_picked":["Slimebound:LeechLife","Slimebound:Overexert"],"picked":"Slimebound:WasteNot","floor":33.0},{"not_picked":["Slimebound:Schlurp+1","Slimebound:LeechingTouch"],"picked":"Slimebound:SplitLeeching+1","floor":36.0},{"not_picked":["Slimebound:SplitLeeching","Slimebound:Recollect+1"],"picked":"Slimebound:RejuvenatingLick+1","floor":37.0},{"not_picked":["expansioncontent:GuardianWhirl","expansioncontent:AwakenDeath"],"picked":"expansioncontent:LastStand","floor":38.0},{"not_picked":["expansioncontent:LastStand","expansioncontent:Hexaburn"],"picked":"expansioncontent:HyperBeam","floor":38.0},{"not_picked":["expansioncontent:LastStand","Replay:SS_fish_1"],"picked":"Replay:SS_forest_2","floor":38.0},{"not_picked":["Slimebound:BestDefense","Slimebound:GoopSpray"],"picked":"Slimebound:MegaLick+1","floor":40.0},{"not_picked":["Slimebound:SelfFormingGoo","Slimebound:LevelUp+1"],"picked":"Slimebound:Gluttony+1","floor":42.0},{"not_picked":["Slimebound:ProtectTheBoss","Slimebound:SlimeSpikes+1"],"picked":"Slimebound:SlimeBrawl+1","floor":43.0},{"not_picked":["Slimebound:LevelUp+1","Slimebound:ServeAndProtect"],"picked":"Slimebound:LeechEnergy","floor":46},{"not_picked":["Slimebound:GoopTackle","Slimebound:RainOfGoop+1"],"picked":"Slimebound:Gluttony+1","floor":48},{"not_picked":["Slimebound:SlimeSpikes","Slimebound:ItLooksTasty+1","Slimebound:PressTheAttack"],"picked":"SKIP","floor":49}],"player_experience":654612,"relics_obtained":[{"floor":3.0,"key":"LetterFromLob"},{"floor":7.0,"key":"Iron Hammer"},{"floor":8.0,"key":"Smiling Mask"},{"floor":11.0,"key":"Guardian:PocketSentry"},{"floor":18.0,"key":"White Beast Statue"},{"floor":21.0,"key":"Potion Belt"},{"floor":24.0,"key":"Dream Catcher"},{"floor":27.0,"key":"Mango"},{"floor":29.0,"key":"Happy Flower"},{"floor":39.0,"key":"Ring of Hypnosis"},{"floor":39.0,"key":"Ring of Panic"},{"floor":41.0,"key":"Bird Faced Urn"},{"floor":43.0,"key":"Bronze Scales"},{"floor":46,"key":"conspire:InfiniteJournal"}],"event_choices":[{"damage_healed":0.0,"max_hp_gain":0.0,"max_hp_loss":0.0,"gold_gain":0.0,"event_name":"Big Fish","player_choice":"Box","floor":13.0,"gold_loss":0.0,"damage_taken":0.0,"relics_obtained":["Eternal Feather"],"cards_obtained":["Regret"]},{"damage_healed":0,"gold_gain":0,"player_choice":"Fight","damage_taken":0,"max_hp_gain":0,"max_hp_loss":0,"event_name":"Mysterious Sphere","floor":46,"gold_loss":0}],"is_beta":false,"boss_relics":[{"not_picked":["Painkiller Herb","conspire:SeveredTorchhead"],"picked":"SlaversCollar"},{"not_picked":["Fusion Hammer","Philosopher\u0027s Stone"],"picked":"Astrolabe"}],"items_purged_floors":[10,12,26],"is_endless":false,"potions_floor_spawned":[3,8,9,16,19,20,21,22,25,27,29,30,31,33,36,37,40,42,43,46,48,49],"ascension_level":4}}