{"host":"8rgpnls124hwjv5t","time":1613161738,"event":{"mods":["BaseMod","Colored Map","Colored Powertips","DeckTracker","Highlight Path","Minty Spire (QoL Compilation)","Permanent Neow","Quick Restart","Relic Stats","Shop Mod","StSLib"],"gold_per_floor":[113,37,47,67,86,86,11,11,11,30,30,30],"floor_reached":11,"language":"ENG","playtime":388,"items_purged":["Strike_B"],"score":120,"play_id":"16a874cd-3457-49c4-b91a-7a4b3ce95486","local_time":"20210212152858","is_ascension_mode":true,"campfire_choices":[{"data":"Defragment","floor":6,"key":"SMITH"},{"data":"Strike_B","floor":8,"key":"PURGE"}],"circlet_count":0,"master_deck":["AscendersBane","Strike_B","Strike_B","Defend_B","Defend_B","Defend_B","Defend_B","Zap","Dualcast","FTL","Streamline","Turbo","Defragment+1","Force Field"],"relics":["Sozu","Peace Pipe","Question Card"],"acts_visited":["Exordium"],"potions_floor_usage":[],"damage_taken":[{"damage":0,"enemies":"Small Slimes","floor":1,"turns":3},{"damage":1,"enemies":"Cultist","floor":3,"turns":3},{"damage":0,"enemies":"2 Louse","floor":4,"turns":3},{"damage":6,"enemies":"2 Fungi Beasts","floor":5,"turns":3},{"damage":13,"enemies":"Lots of Slimes","floor":10,"turns":5},{"damage":45,"enemies":"3 Sentries","floor":11,"turns":10}],"seed_played":"-7568363674973073152","potions_obtained":[],"is_trial":false,"path_per_floor":["M","?","M","M","M","R","$","R","T","M","E"],"character_chosen":"DEFECT","items_purchased":[],"campfire_rested":0,"item_purchase_floors":[],"current_hp_per_floor":[64,64,63,63,57,57,57,57,57,44,0,0],"gold":30,"neow_bonus":"BOSS_RELIC","is_daily":false,"chose_seed":false,"campfire_upgraded":1,"win_rate":0.0,"timestamp":1613161738,"path_taken":["M","?","M","M","M","R","$","R","T","M","E"],"items_purchased_type":[],"build_version":"2020-12-22","purchased_purges":1,"victory":false,"max_hp_per_floor":[71,71,71,71,71,71,71,71,71,71,71,71],"relic_stats":{"Sozu":2,"Peace Pipe":1,"counters":[6,27],"Question Card":1,"obtain_stats":[{"Sozu":0,"Peace Pipe":2,"Cracked Core":0,"Question Card":9},{"Sozu":0,"Peace Pipe":1,"Cracked Core":0,"Question Card":4},{"Sozu":0,"Peace Pipe":3,"Cracked Core":0,"Question Card":12}]},"card_choices":[{"not_picked":["Gash","Force Field"],"picked":"FTL","floor":1},{"not_picked":["Heatsinks","Gash"],"picked":"Streamline","floor":3},{"not_picked":["Beam Cell","Reprogram"],"picked":"Turbo","floor":4},{"not_picked":["Heatsinks","Reinforced Body"],"picked":"Defragment","floor":5},{"not_picked":["Reprogram","Gash","Steam"],"picked":"Force Field","floor":10}],"player_experience":585880,"relics_obtained":[{"floor":9,"key":"Question Card"}],"event_choices":[{"damage_healed":0,"gold_gain":0,"player_choice":"Paid Gold","damage_taken":0,"relics_obtained":["Peace Pipe"],"max_hp_gain":0,"max_hp_loss":0,"event_name":"WeMeetAgain","floor":2,"gold_loss":76}],"is_beta":false,"boss_relics":[],"items_purged_floors":[7],"is_endless":false,"potions_floor_spawned":[4,10],"killed_by":"3 Sentries","ascension_level":17}}