{"host":"362zhnvmfmhc3u7b","time":1613106828,"event":{"mods":["BaseMod","Colored Powertips","Minty Spire (QoL Compilation)","Quick Restart","Rare Cards Sparkle","StSLib"],"gold_per_floor":[111,126,48,48,68,68,28,28,106,133,133,133,143,161,161,232,232,247,247,172,172,191,191,206,206,206,241,241,241,241],"floor_reached":29,"language":"ENG","playtime":1556,"items_purged":[],"score":470,"play_id":"29c24c91-b922-45f4-b8fe-b0c233a1520d","local_time":"20210212001348","is_ascension_mode":true,"campfire_choices":[{"data":"Body Slam","floor":6.0,"key":"SMITH"},{"data":"Entrench","floor":8.0,"key":"SMITH"},{"floor":12.0,"key":"REST"},{"data":"Rampage","floor":15,"key":"SMITH"},{"floor":23,"key":"REST"},{"floor":25,"key":"REST"}],"circlet_count":0,"master_deck":["AscendersBane","Strike_R","Strike_R","Strike_R","Defend_R","Defend_R","Defend_R","Defend_R","Bash","Thunderclap","Body Slam+1","Double Tap","Entrench+1","Shrug It Off","Flex","Rampage+1","Headbutt","Reaper","Pommel Strike","Battle Trance","Burning Pact","Clothesline","Ghostly","Ghostly","Ghostly"],"relics":["Burning Blood","Letter Opener","Gambling Chip","Velvet Choker","Magic Flower","Toy Ornithopter"],"acts_visited":["Exordium","TheCity"],"potions_floor_usage":[14,16,22,24],"damage_taken":[{"damage":5.0,"enemies":"Small Slimes","floor":1.0,"turns":4.0},{"damage":6.0,"enemies":"Jaw Worm","floor":2.0,"turns":5.0},{"damage":1.0,"enemies":"Cultist","floor":5.0,"turns":3.0},{"damage":2.0,"enemies":"Looter","floor":7.0,"turns":4.0},{"damage":47.0,"enemies":"3 Sentries","floor":10.0,"turns":12.0},{"damage":0.0,"enemies":"3 Louse","floor":13.0,"turns":3.0},{"damage":8,"enemies":"Large Slime","floor":14,"turns":4},{"damage":41,"enemies":"Hexaghost","floor":16,"turns":9},{"damage":29,"enemies":"Chosen","floor":18,"turns":6},{"damage":23,"enemies":"3 Byrds","floor":22,"turns":5},{"damage":34,"enemies":"Centurion and Healer","floor":24,"turns":6},{"damage":66,"enemies":"Gremlin Leader","floor":27,"turns":7},{"damage":18,"enemies":"Snecko","floor":29,"turns":5}],"seed_played":"7415181470664223396","potions_obtained":[{"floor":2.0,"key":"DuplicationPotion"},{"floor":10.0,"key":"Fire Potion"},{"floor":13.0,"key":"EssenceOfSteel"},{"floor":18,"key":"LiquidMemories"},{"floor":22,"key":"PowerPotion"}],"is_trial":false,"path_per_floor":["M","M","$","?","M","R","M","R","T","E","?","R","M","M","R","B",null,"M","?","?","?","M","R","M","R","T","E","?","M"],"character_chosen":"IRONCLAD","items_purchased":["Double Tap"],"campfire_rested":3,"item_purchase_floors":[3],"current_hp_per_floor":[69,69,69,69,74,74,75,75,75,34,23,45,51,49,49,14,60,37,37,37,37,29,51,38,60,60,18,18,0,0],"gold":241,"neow_bonus":"REMOVE_CARD","is_daily":false,"chose_seed":false,"campfire_upgraded":3,"win_rate":0.0,"timestamp":1613106828,"path_taken":["M","M","$","?","M","R","M","R","T","E","?","R","?","M","R","BOSS","M","?","?","?","?","R","M","R","T","E","?","M"],"items_purchased_type":["Card"],"build_version":"2020-12-22","purchased_purges":0,"victory":false,"max_hp_per_floor":[75,75,75,75,75,75,75,75,75,75,75,75,75,75,75,75,75,75,75,75,75,75,75,75,75,75,75,37,37,37],"card_choices":[{"not_picked":["Havoc","Bloodletting"],"picked":"Thunderclap","floor":1.0},{"not_picked":["Clothesline","Twin Strike"],"picked":"Body Slam","floor":2.0},{"not_picked":["Perfected Strike","Heavy Blade"],"picked":"Entrench","floor":5.0},{"not_picked":["Heavy Blade","Searing Blow"],"picked":"Shrug It Off","floor":7.0},{"not_picked":["Heavy Blade","Disarm"],"picked":"Flex","floor":10.0},{"not_picked":["Twin Strike","Battle Trance"],"picked":"Rampage","floor":13.0},{"not_picked":["Sentinel","Body Slam"],"picked":"Headbutt","floor":14},{"not_picked":["Double Tap","Impervious"],"picked":"Reaper","floor":16},{"not_picked":["Bloodletting","Headbutt"],"picked":"Pommel Strike","floor":18},{"not_picked":["Headbutt","Hemokinesis+1"],"picked":"Battle Trance","floor":22},{"not_picked":["Infernal Blade","Whirlwind"],"picked":"Burning Pact","floor":24},{"not_picked":["Reckless Charge","Flex"],"picked":"Clothesline","floor":27}],"player_experience":1597673,"relics_obtained":[{"floor":9.0,"key":"Letter Opener"},{"floor":10.0,"key":"Gambling Chip"},{"floor":26,"key":"Magic Flower"},{"floor":27,"key":"Toy Ornithopter"}],"event_choices":[{"damage_healed":0.0,"max_hp_gain":0.0,"max_hp_loss":0.0,"gold_gain":0.0,"event_name":"The Cleric","player_choice":"Leave","floor":4.0,"gold_loss":0.0,"damage_taken":0.0},{"damage_healed":0.0,"max_hp_gain":0.0,"max_hp_loss":0.0,"gold_gain":0.0,"event_name":"Wheel of Change","player_choice":"Damaged","floor":11.0,"gold_loss":0.0,"damage_taken":11.0},{"damage_healed":0,"gold_gain":0,"player_choice":"Smashed Altar","damage_taken":0,"max_hp_gain":0,"max_hp_loss":0,"event_name":"Forgotten Altar","floor":19,"gold_loss":0,"cards_obtained":["Decay"]},{"cards_removed":["Decay"],"damage_healed":0,"gold_gain":0,"player_choice":"Gave Gold","damage_taken":0,"max_hp_gain":0,"max_hp_loss":0,"event_name":"Beggar","floor":20,"gold_loss":75},{"cards_removed":["Strike_R"],"damage_healed":0,"gold_gain":0,"player_choice":"Offered Basic","damage_taken":0,"max_hp_gain":0,"max_hp_loss":0,"event_name":"Bonfire Elementals","floor":21,"gold_loss":0},{"damage_healed":0,"gold_gain":0,"player_choice":"Became a Ghost","damage_taken":0,"max_hp_gain":0,"max_hp_loss":38,"event_name":"Ghosts","floor":28,"gold_loss":0,"cards_obtained":["Ghostly","Ghostly","Ghostly"]}],"is_beta":false,"boss_relics":[{"not_picked":["Black Star","Empty Cage"],"picked":"Velvet Choker"}],"items_purged_floors":[],"is_endless":false,"potions_floor_spawned":[2,10,13,18,22],"killed_by":"Snecko","ascension_level":19}}