{"host":"5trcja4hacd149zc","time":1613091338,"event":{"mods":["BaseMod","Colored Map","GifTheSpireLib","Minty Spire (QoL Compilation)","Relic Stats","StSLib"],"gold_per_floor":[115,133,133,133,3,41,41,41,119,155,175,100,250,73,73,73,73],"floor_reached":16,"language":"ENG","playtime":280,"items_purged":["Strike_P","Doubt"],"score":262,"play_id":"46954f06-c2f6-46cc-b6aa-af6d0d0fcc4f","local_time":"20210211185538","is_ascension_mode":true,"campfire_choices":[{"floor":7,"key":"REST"},{"data":"CrushJoints","floor":15,"key":"SMITH"}],"circlet_count":0,"master_deck":["AscendersBane","Strike_P+1","Strike_P","Defend_P","Defend_P","Defend_P","Defend_P+1","Eruption","Vigilance","CrushJoints+1","FlurryOfBlows","FollowUp","InnerPeace","DeusExMachina","BattleHymn","FearNoEvil"],"relics":["PureWater","NeowsBlessing","Golden Idol","Pear","Matryoshka","Sundial"],"acts_visited":["Exordium"],"potions_floor_usage":[],"damage_taken":[{"damage":0,"enemies":"2 Louse","floor":1,"turns":1},{"damage":0,"enemies":"Small Slimes","floor":2,"turns":1},{"damage":0,"enemies":"3 Sentries","floor":6,"turns":1},{"damage":36,"enemies":"Lagavulin","floor":10,"turns":7},{"damage":0,"enemies":"Cultist","floor":11,"turns":1},{"damage":20,"enemies":"Hexaghost","floor":16,"turns":5}],"seed_played":"7287996826776899603","potions_obtained":[{"floor":2,"key":"BottledMiracle"},{"floor":10,"key":"ColorlessPotion"}],"is_trial":false,"path_per_floor":["M","M","?","?","$","E","R","$","T","E","M","?","?","$","R","B"],"character_chosen":"WATCHER","items_purchased":["FollowUp","FearNoEvil"],"campfire_rested":1,"item_purchase_floors":[5,14],"current_hp_per_floor":[61,61,38,18,18,28,51,51,51,15,15,15,15,15,15,0,0],"gold":73,"neow_bonus":"THREE_ENEMY_KILL","is_daily":false,"chose_seed":false,"campfire_upgraded":1,"win_rate":0.0,"timestamp":1613091338,"path_taken":["M","M","?","?","$","E","R","$","T","E","M","?","?","$","R","BOSS"],"items_purchased_type":["Card","Card"],"build_version":"2020-12-22","purchased_purges":2,"victory":false,"max_hp_per_floor":[68,68,68,68,68,78,78,78,78,78,78,78,78,78,78,78,78],"relic_stats":{"counters":[6,16],"Golden Idol":19,"Sundial":[0],"obtain_stats":[{"Pear":6,"Matryoshka":9,"NeowsBlessing":0,"Golden Idol":3,"Sundial":10,"PureWater":0},{"Pear":3,"Matryoshka":3,"NeowsBlessing":0,"Golden Idol":2,"Sundial":4,"PureWater":0},{"Pear":3,"Matryoshka":3,"NeowsBlessing":0,"Golden Idol":2,"Sundial":10,"PureWater":0}]},"card_choices":[{"not_picked":["EmptyBody","Perseverance"],"picked":"CrushJoints","floor":1},{"not_picked":["Adaptation","CutThroughFate"],"picked":"FlurryOfBlows","floor":2},{"not_picked":["Wireheading","Swivel"],"picked":"InnerPeace","floor":6},{"not_picked":["JustLucky","Omniscience"],"picked":"DeusExMachina","floor":10},{"not_picked":["BowlingBash","Adaptation"],"picked":"BattleHymn","floor":11}],"player_experience":775637,"relics_obtained":[{"floor":6,"key":"Pear"},{"floor":9,"key":"Matryoshka"},{"floor":10,"key":"Sundial"}],"event_choices":[{"damage_healed":0,"gold_gain":0,"player_choice":"Take Damage","damage_taken":23,"relics_obtained":["Golden Idol"],"max_hp_gain":0,"max_hp_loss":0,"event_name":"Golden Idol","floor":3,"gold_loss":0},{"damage_healed":0,"gold_gain":0,"player_choice":"Entered Light","damage_taken":20,"max_hp_gain":0,"max_hp_loss":0,"event_name":"Shining Light","floor":4,"gold_loss":0,"cards_upgraded":["Strike_P","Defend_P"]},{"cards_removed":["Strike_P"],"damage_healed":0,"gold_gain":0,"player_choice":"Card Removal","damage_taken":0,"max_hp_gain":0,"max_hp_loss":0,"event_name":"The Cleric","floor":12,"gold_loss":75},{"damage_healed":0,"gold_gain":150,"player_choice":"AGREE","damage_taken":0,"max_hp_gain":0,"max_hp_loss":0,"event_name":"Liars Game","floor":13,"gold_loss":0,"cards_obtained":["Doubt"]}],"is_beta":false,"boss_relics":[],"items_purged_floors":[5,14],"is_endless":false,"potions_floor_spawned":[2,10],"killed_by":"Hexaghost","ascension_level":20}}