{"host":"w14xfy17z3c5mpoi","time":1613099444,"event":{"mods":["AchievementEnabler","BaseMod","Minty Spire (QoL Compilation)","Relic Stats"],"gold_per_floor":[116,47,67,32,48,48,223,223,249,268,295,22,22,22,22,120,120,45,59,59,59,9,9,39,39,39],"floor_reached":25,"language":"ENG","playtime":862,"items_purged":["Doubt"],"score":290,"play_id":"6ebc0f59-69eb-48f5-8dca-72b251dcfbec","local_time":"20210211221044","is_ascension_mode":true,"campfire_choices":[{"data":"Wraith Form v2","floor":6,"key":"SMITH"},{"data":"Bouncing Flask","floor":8,"key":"SMITH"},{"data":"Catalyst","floor":13,"key":"SMITH"},{"floor":15,"key":"REST"},{"floor":23,"key":"REST"}],"circlet_count":0,"master_deck":["Strike_G","Strike_G","Strike_G","Strike_G","Strike_G","Defend_G","Defend_G","Defend_G","Defend_G","Defend_G","Survivor","Neutralize","Clumsy","Wraith Form v2+1","Accuracy","Bouncing Flask+1","Backflip","Noxious Fumes","Catalyst+1","Bouncing Flask+1","Wraith Form v2","Blade Dance+1","Adrenaline"],"relics":["Ring of the Snake","Pen Nib","Nunchaku","White Beast Statue","DollysMirror","Philosopher\u0027s Stone","Nilry\u0027s Codex","Art of War"],"acts_visited":["Exordium","TheCity"],"potions_floor_usage":[18,18,25,25],"damage_taken":[{"damage":0,"enemies":"2 Louse","floor":1,"turns":3},{"damage":2,"enemies":"Cultist","floor":3,"turns":6},{"damage":2,"enemies":"Jaw Worm","floor":5,"turns":4},{"damage":9,"enemies":"Exordium Thugs","floor":10,"turns":4},{"damage":42,"enemies":"3 Sentries","floor":11,"turns":8},{"damage":11,"enemies":"Hexaghost","floor":16,"turns":7},{"damage":2,"enemies":"2 Thieves","floor":18,"turns":5},{"damage":9,"enemies":"Chosen","floor":19,"turns":4},{"damage":30,"enemies":"Slavers","floor":24,"turns":7},{"damage":24,"enemies":"Shelled Parasite and Fungi","floor":25,"turns":2}],"seed_played":"-1247306777032118633","potions_obtained":[{"floor":5,"key":"Weak Potion"},{"floor":11,"key":"DistilledChaos"},{"floor":18,"key":"Explosive Potion"},{"floor":19,"key":"Fire Potion"}],"is_trial":false,"path_per_floor":["M","?","M","$","M","R","?","R","T","M","E","$","R","$","R","B",null,"M","M","?","?","?","R","E","M"],"character_chosen":"THE_SILENT","items_purchased":["Bouncing Flask","DollysMirror","SkillPotion"],"campfire_rested":2,"item_purchase_floors":[4,12,12],"current_hp_per_floor":[63,63,61,61,59,59,59,59,59,50,8,8,8,8,29,18,57,55,46,30,30,30,51,21,0,0],"gold":39,"neow_bonus":"THREE_RARE_CARDS","is_daily":false,"chose_seed":false,"campfire_upgraded":3,"win_rate":0.0,"timestamp":1613099444,"path_taken":["M","?","?","$","M","R","?","R","T","M","E","$","R","?","R","BOSS","M","?","?","?","?","R","E","?"],"items_purchased_type":["Card","Relic","Potion"],"build_version":"2020-12-22","purchased_purges":1,"victory":false,"max_hp_per_floor":[70,70,70,70,70,70,70,70,70,70,70,70,70,70,70,70,70,70,70,70,70,70,70,70,70,70],"relic_stats":{"Nunchaku":[5],"counters":[10,50],"Pen Nib":[7],"Art of War":[0],"obtain_stats":[{"Nunchaku":9,"DollysMirror":12,"Nilry\u0027s Codex":20,"Philosopher\u0027s Stone":17,"Pen Nib":2,"Art of War":24,"White Beast Statue":11,"Ring of the Snake":0},{"Nunchaku":3,"DollysMirror":5,"Nilry\u0027s Codex":8,"Philosopher\u0027s Stone":6,"Pen Nib":1,"Art of War":9,"White Beast Statue":5,"Ring of the Snake":0},{"Nunchaku":13,"DollysMirror":25,"Nilry\u0027s Codex":41,"Philosopher\u0027s Stone":32,"Pen Nib":3,"Art of War":48,"White Beast Statue":25,"Ring of the Snake":0}],"Ring of the Snake":[20]},"card_choices":[{"not_picked":["Malaise","Adrenaline"],"picked":"Wraith Form v2","floor":0},{"not_picked":["Slice","Endless Agony"],"picked":"Accuracy","floor":1},{"not_picked":["Sucker Punch","Underhanded Strike","Concentrate"],"picked":"SKIP","floor":3},{"not_picked":["PiercingWail","Predator"],"picked":"Backflip","floor":5},{"not_picked":["Predator","Skewer"],"picked":"Noxious Fumes","floor":10},{"not_picked":["Underhanded Strike","Masterful Stab"],"picked":"Catalyst","floor":11},{"not_picked":["Corpse Explosion","Bullet Time"],"picked":"Wraith Form v2","floor":16},{"not_picked":["Endless Agony","Prepared","Dagger Throw"],"picked":"SKIP","floor":18},{"not_picked":["Calculated Gamble","Well Laid Plans+1"],"picked":"Blade Dance+1","floor":19},{"not_picked":["Accuracy","A Thousand Cuts"],"picked":"Adrenaline","floor":24}],"player_experience":639703,"relics_obtained":[{"floor":9,"key":"Nunchaku"},{"floor":11,"key":"White Beast Statue"},{"floor":20,"key":"Nilry\u0027s Codex"},{"floor":24,"key":"Art of War"}],"event_choices":[{"damage_healed":0,"gold_gain":0,"player_choice":"Paid Gold","damage_taken":0,"relics_obtained":["Pen Nib"],"max_hp_gain":0,"max_hp_loss":0,"event_name":"WeMeetAgain","floor":2,"gold_loss":69},{"damage_healed":0,"gold_gain":175,"player_choice":"AGREE","damage_taken":0,"max_hp_gain":0,"max_hp_loss":0,"event_name":"Liars Game","floor":7,"gold_loss":0,"cards_obtained":["Doubt"]},{"damage_healed":0,"gold_gain":0,"player_choice":"Obtained Book","damage_taken":16,"max_hp_gain":0,"max_hp_loss":0,"event_name":"Cursed Tome","floor":20,"gold_loss":0},{"damage_healed":0,"gold_gain":0,"player_choice":"Bet on Murderer","damage_taken":0,"max_hp_gain":0,"max_hp_loss":0,"event_name":"The Joust","floor":22,"gold_loss":50}],"is_beta":false,"boss_relics":[{"not_picked":["Coffee Dripper","Ectoplasm"],"picked":"Philosopher\u0027s Stone"}],"items_purged_floors":[12],"is_endless":false,"potions_floor_spawned":[5,11,16,18,19,24],"killed_by":"Shelled Parasite and Fungi","ascension_level":7}}