{"host":"rw1trt79hfpl7pom","time":1613134839,"event":{"mods":["BaseMod","Bestiary","Colored Map","Minty Spire (QoL Compilation)","Relic Stats","StSLib","SuperFastMode"],"gold_per_floor":[115,135,185,205,216,242,255,255,255,271,196,224,224,259,259,333,333,351,369,639,189,204,204,230,230,276,276,293,309,47,76,76,158,158,181,200,260,287,313,356,375,375,375,5,18,57,57,77,77,77,77,77,77,77,110,110],"floor_reached":57,"language":"ENG","playtime":4915,"items_purged":["Strike_G","Strike_G"],"score":2898,"play_id":"5127dc0d-c470-463b-8740-17273d62ba0b","local_time":"20210212050039","is_ascension_mode":true,"campfire_choices":[{"floor":8.0,"key":"REST"},{"floor":15.0,"key":"REST"},{"data":"Catalyst","floor":23.0,"key":"SMITH"},{"data":"Terror","floor":25.0,"key":"SMITH"},{"data":"Footwork","floor":27.0,"key":"SMITH"},{"data":"Well Laid Plans","floor":32.0,"key":"SMITH"},{"floor":42.0,"key":"RECALL"},{"floor":49.0,"key":"REST"},{"floor":53.0,"key":"REST"}],"circlet_count":0,"master_deck":["AscendersBane","Strike_G+1","Strike_G","Defend_G","Defend_G","Defend_G","Defend_G","Defend_G","Survivor","Neutralize","Riddle With Holes+1","Flechettes","Terror+1","Catalyst+1","Dodge and Roll+1","Bouncing Flask+1","Footwork+1","Catalyst+1","Deflect+1","Corpse Explosion+1","CurseOfTheBell","Deflect+1","Deadly Poison+1","Calculated Gamble+1","Dodge and Roll+1","Acrobatics+1","Dodge and Roll+1","Well Laid Plans+1","Prepared+1","Malaise+1","Blade Dance+1","Catalyst+1","Finesse+1","Finesse+1","Blind+1","Tactician+1","Escape Plan+1","Footwork","Backflip+1","Prepared+1","Leg Sweep+1"],"relics":["Ring of the Snake","Toxic Egg 2","Strawberry","Blood Vial","Ninja Scroll","Matryoshka","Calling Bell","Snake Skull","Eternal Feather","Unceasing Top","Potion Belt","Whetstone","Oddly Smooth Stone","Lantern","CeramicFish","Fusion Hammer","Tingsha","Darkstone Periapt","Shuriken","Centennial Puzzle","Toolbox","Blue Candle","Vajra"],"acts_visited":["Exordium","TheCity","TheBeyond","TheEnding"],"potions_floor_usage":[56,56,56],"damage_taken":[{"damage":7.0,"enemies":"Small Slimes","floor":1.0,"turns":5.0},{"damage":1.0,"enemies":"Cultist","floor":2.0,"turns":5.0},{"damage":0.0,"enemies":"Jaw Worm","floor":4.0,"turns":3.0},{"damage":5.0,"enemies":"Looter","floor":5.0,"turns":4.0},{"damage":31.0,"enemies":"Lagavulin","floor":6.0,"turns":9.0},{"damage":7.0,"enemies":"Red Slaver","floor":7.0,"turns":5.0},{"damage":8.0,"enemies":"Large Slime","floor":10.0,"turns":6.0},{"damage":15.0,"enemies":"3 Sentries","floor":12.0,"turns":10.0},{"damage":18.0,"enemies":"Lagavulin","floor":14.0,"turns":7.0},{"damage":11.0,"enemies":"Slime Boss","floor":16.0,"turns":6.0},{"damage":0.0,"enemies":"2 Thieves","floor":18.0,"turns":1.0},{"damage":11.0,"enemies":"Shell Parasite","floor":19.0,"turns":5.0},{"damage":1.0,"enemies":"Centurion and Healer","floor":22.0,"turns":2.0},{"damage":5.0,"enemies":"Slavers","floor":24.0,"turns":5.0},{"damage":0.0,"enemies":"Snecko","floor":28.0,"turns":3.0},{"damage":31.0,"enemies":"Sentry and Sphere","floor":29.0,"turns":6.0},{"damage":5.0,"enemies":"Gremlin Leader","floor":31.0,"turns":2.0},{"damage":0.0,"enemies":"Champ","floor":33.0,"turns":6.0},{"damage":0.0,"enemies":"3 Shapes","floor":35.0,"turns":3.0},{"damage":0.0,"enemies":"3 Darklings","floor":36.0,"turns":2.0},{"damage":13.0,"enemies":"2 Orb Walkers","floor":37.0,"turns":5.0},{"damage":0.0,"enemies":"Writhing Mass","floor":39.0,"turns":5.0},{"damage":1.0,"enemies":"Giant Head","floor":40.0,"turns":4.0},{"damage":0.0,"enemies":"Sphere and 2 Shapes","floor":41.0,"turns":3.0},{"damage":0.0,"enemies":"Spire Growth","floor":45.0,"turns":4.0},{"damage":0.0,"enemies":"Reptomancer","floor":46.0,"turns":7.0},{"damage":1.0,"enemies":"Jaw Worm Horde","floor":48.0,"turns":4.0},{"damage":40.0,"enemies":"Time Eater","floor":50.0,"turns":8.0},{"damage":12.0,"enemies":"Awakened One","floor":51.0,"turns":13.0},{"damage":19.0,"enemies":"Shield and Spear","floor":55.0,"turns":9.0},{"damage":55,"enemies":"The Heart","floor":56,"turns":9}],"seed_played":"1988807650544778764","potions_obtained":[{"floor":1.0,"key":"GhostInAJar"},{"floor":2.0,"key":"Fire Potion"},{"floor":7.0,"key":"Strength Potion"},{"floor":12.0,"key":"Dexterity Potion"},{"floor":19.0,"key":"Energy Potion"},{"floor":22.0,"key":"AttackPotion"},{"floor":33.0,"key":"BlessingOfTheForge"},{"floor":35.0,"key":"AttackPotion"},{"floor":36.0,"key":"Dexterity Potion"},{"floor":41.0,"key":"PowerPotion"},{"floor":48.0,"key":"CunningPotion"}],"is_trial":false,"path_per_floor":["M","M","?","M","M","E","M","R","T","M","?","E","T","E","R","B",null,"M","M","?","$","M","R","E","R","T","R","M","M","$","E","R","B",null,"M","M","?","?","M","E","M","R","T","$","M","E","$","M","R","B","B",null,"R","$","E","B",null],"character_chosen":"THE_SILENT","items_purchased":["Calculated Gamble+1","Potion Belt","Dexterity Potion","Block Potion","SteroidPotion","Well Laid Plans","Prepared+1","SteroidPotion","Backflip+1","Centennial Puzzle","Toolbox"],"campfire_rested":4,"item_purchase_floors":[21,21,21,21,21,30,30,30,44,44,44],"current_hp_per_floor":[58,57,57,57,52,21,14,35,42,34,34,19,19,3,26,17,64,66,57,30,30,31,46,43,58,58,73,75,46,46,43,58,60,74,76,78,66,56,58,59,61,79,79,79,79,79,79,78,79,39,29,67,79,79,60,7],"gold":110,"neow_bonus":"TEN_PERCENT_HP_BONUS","is_daily":false,"chose_seed":false,"campfire_upgraded":4,"win_rate":0.0,"timestamp":1613134839,"path_taken":["M","M","?","?","M","E","M","R","T","M","?","E","?","E","R","BOSS","M","M","?","$","?","R","E","R","T","R","M","M","$","E","R","BOSS","M","M","?","?","M","E","M","R","T","$","M","E","$","M","R","BOSS","BOSS","R","$","E","BOSS"],"items_purchased_type":["Card","Relic","Potion","Potion","Potion","Card","Card","Potion","Card","Relic","Relic"],"build_version":"2020-12-22","purchased_purges":2,"victory":true,"max_hp_per_floor":[72,72,72,72,72,72,72,72,79,79,79,79,79,79,79,79,79,79,79,79,79,79,79,79,79,79,79,79,79,79,79,79,79,79,79,79,79,79,79,79,79,79,79,79,79,79,79,79,79,79,79,79,79,79,79,79],"relic_stats":{"Darkstone Periapt":0,"counters":[31,166],"CeramicFish":108,"Blue Candle":[1],"Eternal Feather":91,"Tingsha":[250],"Snake Skull":[151],"Whetstone":["Strike_G","Riddle With Holes"],"Blood Vial":35,"Centennial Puzzle":[15],"Shuriken":[17],"obtain_stats":[{"Potion Belt":21,"Darkstone Periapt":40,"Lantern":26,"CeramicFish":31,"Blue Candle":46,"Oddly Smooth Stone":26,"Vajra":55,"Eternal Feather":17,"Tingsha":37,"Snake Skull":17,"Whetstone":24,"Blood Vial":12,"Calling Bell":17,"Centennial Puzzle":44,"Matryoshka":14,"Ninja Scroll":13,"Shuriken":43,"Strawberry":9,"Toolbox":44,"Fusion Hammer":34,"Toxic Egg 2":6,"Unceasing Top":17,"Ring of the Snake":0},{"Potion Belt":12,"Darkstone Periapt":23,"Lantern":14,"CeramicFish":17,"Blue Candle":26,"Oddly Smooth Stone":14,"Vajra":30,"Eternal Feather":10,"Tingsha":21,"Snake Skull":10,"Whetstone":14,"Blood Vial":8,"Calling Bell":10,"Centennial Puzzle":24,"Matryoshka":9,"Ninja Scroll":8,"Shuriken":24,"Strawberry":6,"Toolbox":24,"Fusion Hammer":18,"Toxic Egg 2":5,"Unceasing Top":10,"Ring of the Snake":0},{"Potion Belt":66,"Darkstone Periapt":109,"Lantern":73,"CeramicFish":84,"Blue Candle":123,"Oddly Smooth Stone":73,"Vajra":157,"Eternal Feather":60,"Tingsha":100,"Snake Skull":60,"Whetstone":73,"Blood Vial":47,"Calling Bell":60,"Centennial Puzzle":112,"Matryoshka":54,"Ninja Scroll":47,"Shuriken":112,"Strawberry":31,"Toolbox":112,"Fusion Hammer":90,"Toxic Egg 2":26,"Unceasing Top":60,"Ring of the Snake":0}],"Unceasing Top":[16],"Ring of the Snake":[55]},"card_choices":[{"not_picked":["Outmaneuver","Concentrate"],"picked":"Riddle With Holes","floor":1.0},{"not_picked":["Poisoned Stab","Underhanded Strike"],"picked":"Flechettes","floor":2.0},{"not_picked":["Heel Hook","Quick Slash"],"picked":"Terror","floor":4.0},{"not_picked":["Poisoned Stab","Prepared"],"picked":"Catalyst","floor":5.0},{"not_picked":["Accuracy","Calculated Gamble+1"],"picked":"Dodge and Roll+1","floor":6.0},{"not_picked":["Terror+1","Dash"],"picked":"Bouncing Flask+1","floor":7.0},{"not_picked":["Outmaneuver+1","Blade Dance+1"],"picked":"Footwork","floor":10.0},{"not_picked":["Bane","Predator"],"picked":"Catalyst+1","floor":12.0},{"not_picked":["Concentrate+1","Choke"],"picked":"Deflect+1","floor":14.0},{"not_picked":["Grand Finale","Phantasmal Killer+1"],"picked":"Corpse Explosion+1","floor":16.0},{"not_picked":["Heel Hook","Cloak And Dagger+1"],"picked":"Deflect+1","floor":18.0},{"not_picked":["Dagger Throw+1","Infinite Blades"],"picked":"Deadly Poison+1","floor":19.0},{"not_picked":["Cloak And Dagger+1","Quick Slash"],"picked":"Dodge and Roll+1","floor":22.0},{"not_picked":["Outmaneuver+1","Eviscerate"],"picked":"Acrobatics+1","floor":24.0},{"not_picked":["Bane","Endless Agony+1"],"picked":"Dodge and Roll+1","floor":28.0},{"not_picked":["Endless Agony","Quick Slash","Unload"],"picked":"SKIP","floor":29.0},{"not_picked":["Eviscerate+1","Setup+1","Finisher"],"picked":"SKIP","floor":31.0},{"not_picked":["After Image","Doppelganger+1"],"picked":"Malaise+1","floor":33.0},{"not_picked":["Poisoned Stab","Quick Slash"],"picked":"Blade Dance+1","floor":35.0},{"not_picked":["Backstab","Bane","Dagger Spray"],"picked":"SKIP","floor":36.0},{"not_picked":["Backflip+1","Heel Hook"],"picked":"Catalyst+1","floor":37.0},{"not_picked":["Purity+1","Transmutation+1"],"picked":"Finesse+1","floor":38.0},{"not_picked":["Magnetism","Blind+1"],"picked":"Finesse+1","floor":38.0},{"not_picked":["Purity+1","Panache"],"picked":"Blind+1","floor":38.0},{"not_picked":["Slice","Outmaneuver+1"],"picked":"Tactician+1","floor":39.0},{"not_picked":["Concentrate+1","Caltrops"],"picked":"Escape Plan+1","floor":40.0},{"not_picked":["Blade Dance+1","Heel Hook+1"],"picked":"Footwork","floor":41.0},{"not_picked":["Dagger Throw","Quick Slash","Infinite Blades"],"picked":"SKIP","floor":45.0},{"not_picked":["Outmaneuver+1","Die Die Die"],"picked":"Prepared+1","floor":46.0},{"not_picked":["Bane","Backstab"],"picked":"Leg Sweep+1","floor":48.0},{"not_picked":["Phantasmal Killer+1","Masterful Stab","Underhanded Strike"],"picked":"SKIP","floor":55.0}],"player_experience":2697481,"relics_obtained":[{"floor":6.0,"key":"Toxic Egg 2"},{"floor":9.0,"key":"Strawberry"},{"floor":12.0,"key":"Blood Vial"},{"floor":13.0,"key":"Ninja Scroll"},{"floor":14.0,"key":"Matryoshka"},{"floor":17.0,"key":"Snake Skull"},{"floor":17.0,"key":"Eternal Feather"},{"floor":17.0,"key":"Unceasing Top"},{"floor":24.0,"key":"Whetstone"},{"floor":26.0,"key":"Oddly Smooth Stone"},{"floor":26.0,"key":"Lantern"},{"floor":31.0,"key":"CeramicFish"},{"floor":37.0,"key":"Tingsha"},{"floor":40.0,"key":"Darkstone Periapt"},{"floor":43.0,"key":"Shuriken"},{"floor":46.0,"key":"Blue Candle"},{"floor":55.0,"key":"Vajra"}],"event_choices":[{"damage_healed":0.0,"max_hp_gain":0.0,"max_hp_loss":0.0,"gold_gain":50.0,"event_name":"Golden Shrine","player_choice":"Pray","floor":3.0,"gold_loss":0.0,"damage_taken":0.0},{"cards_removed":["Strike_G"],"damage_healed":0.0,"max_hp_gain":0.0,"max_hp_loss":0.0,"gold_gain":0.0,"event_name":"The Cleric","player_choice":"Card Removal","floor":11.0,"gold_loss":75.0,"damage_taken":0.0},{"damage_healed":0.0,"max_hp_gain":0.0,"max_hp_loss":0.0,"gold_gain":270.0,"event_name":"Knowing Skull","player_choice":"GOLD GOLD GOLD ","floor":20.0,"potions_obtained":[],"gold_loss":0.0,"damage_taken":27.0,"cards_obtained":[]},{"damage_healed":0.0,"max_hp_gain":0.0,"max_hp_loss":0.0,"gold_gain":0.0,"event_name":"Mysterious Sphere","player_choice":"Fight","floor":37.0,"gold_loss":0.0,"damage_taken":0.0},{"damage_healed":0.0,"max_hp_gain":0.0,"max_hp_loss":0.0,"gold_gain":0.0,"event_name":"SensoryStone","player_choice":"Memory 3","floor":38.0,"gold_loss":0.0,"damage_taken":10.0}],"is_beta":false,"boss_relics":[{"not_picked":["WristBlade","Ring of the Serpent"],"picked":"Calling Bell"},{"not_picked":["Runic Pyramid","Sozu"],"picked":"Fusion Hammer"}],"items_purged_floors":[21,30],"is_endless":false,"potions_floor_spawned":[1,2,7,12,19,22,33,35,36,41,48,55],"ascension_level":20}}