{"host":"3y9j540ftq0by6cq","time":1613095887,"event":{"mods":["BaseMod","CapriCore","Minty Spire (QoL Compilation)","StSLib","The Cursed"],"gold_per_floor":[116,135,152,27,44,44,72,72,72,89,115,115,125,141,141,236,236,250,16,32,131,131,131],"floor_reached":22,"language":"ZHS","playtime":1208,"items_purged":[],"score":198,"play_id":"2beff73f-d2ae-4cf7-ae95-d614b6a26ce5","local_time":"20210212101127","is_ascension_mode":false,"campfire_choices":[{"data":"TheCursedMod:EmpowerCircles","floor":6,"key":"SMITH"},{"data":"TheCursedMod:CursedBlade","floor":8,"key":"SMITH"},{"floor":12,"key":"REST"},{"data":"TheCursedMod:ReleasedKnowledge","floor":15,"key":"SMITH"}],"circlet_count":0,"master_deck":["TheCursedMod:Strike_TheCursed","TheCursedMod:Strike_TheCursed","TheCursedMod:Strike_TheCursed","TheCursedMod:Strike_TheCursed","TheCursedMod:Defend_TheCursed","TheCursedMod:Defend_TheCursed","TheCursedMod:Defend_TheCursed","TheCursedMod:Defend_TheCursed","TheCursedMod:CursedWand+1","TheCursedMod:CleanUpWorkshop","TheCursedMod:Dregs","TheCursedMod:AbyssShockwave","TheCursedMod:ReleasedKnowledge","TheCursedMod:HellfireBreathing","TheCursedMod:CursedBlade+1","TheCursedMod:EmpowerCircles+1","TheCursedMod:ReleasedKnowledge+1","TheCursedMod:CursedBoomerang","TheCursedMod:CursedAmulet","TheCursedMod:CursedShiv+1","TheCursedMod:CursedShiv+1","TheCursedMod:TacticalStrike+1","TheCursedMod:AntiAging","TheCursedMod:Stretching+1","TheCursedMod:SpitefulPlan","TheCursedMod:ManaBullet+1","TheCursedMod:CircleOfAmplification","TheCursedMod:Hemoplague"],"relics":["TheCursedMod:BlackMagic101","Bottled Flame","Molten Egg 2","Letter Opener","SacredBark"],"acts_visited":["Exordium","TheCity"],"potions_floor_usage":[7,11,11,16,18],"damage_taken":[{"damage":5,"enemies":"Cultist","floor":1,"turns":4},{"damage":0,"enemies":"Small Slimes","floor":2,"turns":3},{"damage":0,"enemies":"2 Louse","floor":3,"turns":2},{"damage":2,"enemies":"2 Fungi Beasts","floor":5,"turns":2},{"damage":30,"enemies":"Gremlin Nob","floor":7,"turns":5},{"damage":20,"enemies":"Exordium Thugs","floor":10,"turns":4},{"damage":9,"enemies":"3 Sentries","floor":11,"turns":4},{"damage":7,"enemies":"Large Slime","floor":13,"turns":5},{"damage":0,"enemies":"2 Fungi Beasts","floor":14,"turns":2},{"damage":21,"enemies":"Slime Boss","floor":16,"turns":8},{"damage":40,"enemies":"Chosen","floor":18,"turns":6},{"damage":34,"enemies":"3 Byrds","floor":20,"turns":6},{"damage":36,"enemies":"Centurion and Healer","floor":22,"turns":4}],"seed_played":"-2230458628534294391","potions_obtained":[{"floor":2,"key":"Block Potion"},{"floor":5,"key":"SteroidPotion"},{"floor":10,"key":"Weak Potion"},{"floor":14,"key":"Fruit Juice"},{"floor":16,"key":"Regen Potion"}],"is_trial":false,"path_per_floor":["M","M","M","$","M","R","E","R","T","M","E","R","M","M","R","B",null,"M","$","M","?","M"],"character_chosen":"THE_CURSED","items_purchased":["TheCursedMod:CursedBlade","TheCursedMod:EmpowerCircles","TheCursedMod:SpitefulPlan","TheCursedMod:ManaBullet+1","TheCursedMod:CircleOfAmplification"],"campfire_rested":1,"item_purchase_floors":[4,4,19,19,19],"current_hp_per_floor":[70,70,70,70,68,68,38,38,38,18,9,31,24,24,24,8,80,61,61,29,29,0,0],"gold":131,"neow_bonus":"UPGRADE_CARD","is_daily":false,"chose_seed":false,"campfire_upgraded":3,"win_rate":0.0,"timestamp":1613095887,"path_taken":["M","M","M","$","M","R","E","R","T","M","E","R","M","M","R","BOSS","M","$","M","?","M"],"items_purchased_type":["Card","Card","Card","Card","Card"],"build_version":"2020-12-22","purchased_purges":0,"victory":false,"max_hp_per_floor":[75,75,75,75,75,75,75,75,75,75,75,75,75,75,75,80,80,82,82,84,84,86,86],"card_choices":[{"not_picked":["TheCursedMod:SurpriseAttack","TheCursedMod:ReleasedKnowledge"],"picked":"TheCursedMod:AbyssShockwave","floor":1},{"not_picked":["TheCursedMod:FleshFromBone","TheCursedMod:SmokeScreen"],"picked":"TheCursedMod:ReleasedKnowledge","floor":2},{"not_picked":["TheCursedMod:CircleOfFocus","TheCursedMod:EmpowerCircles"],"picked":"TheCursedMod:HellfireBreathing","floor":3},{"not_picked":["TheCursedMod:FleshFromBone","TheCursedMod:AshesToAshes"],"picked":"TheCursedMod:ReleasedKnowledge","floor":5},{"not_picked":["TheCursedMod:Stretching","TheCursedMod:RapidMovement"],"picked":"TheCursedMod:CursedBoomerang","floor":7},{"not_picked":["TheCursedMod:RapidMovement","TheCursedMod:SpitefulStrike+1"],"picked":"TheCursedMod:CursedAmulet","floor":10},{"not_picked":["TheCursedMod:CircleOfCorruption","TheCursedMod:CursedArmor"],"picked":"TheCursedMod:CursedShiv+1","floor":11},{"not_picked":["TheCursedMod:BlessingInDisguise","TheCursedMod:VitalStrike+1"],"picked":"TheCursedMod:CursedShiv+1","floor":13},{"not_picked":["TheCursedMod:VitalStrike+1","TheCursedMod:Torture"],"picked":"TheCursedMod:TacticalStrike+1","floor":14},{"not_picked":["TheCursedMod:UltimatePain","TheCursedMod:ParallelWorld"],"picked":"TheCursedMod:AntiAging","floor":16},{"not_picked":["TheCursedMod:Stigma+1","TheCursedMod:EmpowerCircles"],"picked":"TheCursedMod:Stretching+1","floor":18},{"not_picked":["TheCursedMod:Wield+1","TheCursedMod:CircleOfAmplification"],"picked":"TheCursedMod:Hemoplague","floor":20}],"player_experience":75038,"relics_obtained":[{"floor":7,"key":"Bottled Flame"},{"floor":9,"key":"Molten Egg 2"},{"floor":11,"key":"Letter Opener"}],"event_choices":[{"damage_healed":0,"gold_gain":99,"player_choice":"Stole From Cult","damage_taken":0,"max_hp_gain":0,"max_hp_loss":0,"event_name":"Nest","floor":21,"gold_loss":0}],"is_beta":false,"boss_relics":[{"not_picked":["Sozu","Velvet Choker"],"picked":"SacredBark"}],"items_purged_floors":[],"is_endless":false,"potions_floor_spawned":[2,5,10,14,16],"killed_by":"Centurion and Healer","ascension_level":0}}