{"host":"rm0ctv8qd8mnbkg1","time":1613130035,"event":{"mods":["BaseMod","Beaked The Cultist","BetterRewards","Colored Map","DNKmod","Dark Map","Defuse TimeMaze Blight","Downfall","Friendly Minions","Halation","Hubris","Marisa????????","Minty Spire (QoL Compilation)","MostiFishMod","Permanent Neow","Quarter Circle Forward PUNCH!","RRrroohrrRGHHhhh!!","Rare Cards Sparkle","Relic Sorter","Reliquary","Replay The Spire","RumiaBox-????????","Shade Mod","Shop Mod","Spicy Shops","Spire Arcade","StS++","StSLib","The Construct","The Servant 0.9.4","TheVacant","Wandering Minibosses","??????REMEMod"],"gold_per_floor":[10100,10118,9528,9577,9006,9006,9006,9028,9059,8225,8225,8225,8252,8270,8285,8432,8432,8432,8450,8477,8477,8580,8401,8428,8446,8446,8579,8579,8579],"floor_reached":27,"language":"ENG","playtime":1959,"items_purged":[],"score":400,"play_id":"aa0f4cf3-b52d-4559-9b94-d7da5d2f45c8","local_time":"20210212114035","is_ascension_mode":false,"campfire_choices":[{"data":"Guardian:CurlUp","floor":1,"key":"SMITH"},{"data":"Guardian:RefractedBeam","floor":6,"key":"SMITH"},{"data":"Guardian:MultiBeam","floor":11,"key":"SMITH"},{"data":"Replay:SS_forest_2","floor":18,"key":"SMITH"},{"data":"Guardian:TimeCapacitor","floor":26,"key":"SMITH"}],"circlet_count":0,"master_deck":["Guardian:Strike_Guardian","Guardian:Strike_Guardian","Guardian:Strike_Guardian+1","Guardian:Strike_Guardian","Guardian:Defend_Guardian","Guardian:Defend_Guardian","Guardian:Defend_Guardian+1","Guardian:Defend_Guardian+1","Guardian:CurlUp+1","Guardian:TwinSlam","Guardian:MultiBeam+1","Guardian:RefractedBeam+1","Guardian:ChargeCore","Guardian:Emergency","Guardian:Gem_Blue","Guardian:Orbwalk+1","Guardian:PiercingHide","Guardian:BaubleBeam","Guardian:Orbwalk+1","Guardian:DecasProtection","Replay:SS_forest_2+1","downfall:Malfunctioning","Guardian:WalkerClaw","Guardian:ChargeUp+1","Guardian:GatlingBeam","CurseOfTheBell","Guardian:Gem_Green","Guardian:Gem_Yellow","Guardian:FuturePlans+1","Guardian:CrystalBeam+1","Guardian:TimeCapacitor+1","Guardian:Clone+1"],"relics":["Guardian:ModeShifter","REME_ComplimentaryCards","DaveBox","Chemical X","halation:Jellyphish","halation:LostSnail","REME_ArchaeologicalTools","Calipers","TheAbacus","qcfpunch:Fighting_Gloves","Blood Vial","hubris:PeanutButter","Replay:Baseball","wanderingMiniBosses:CarrionFlame","Calling Bell","halation:QuantumPhysicsTextbook","reliquary:IridiumChain","Anchor","hubris:CrystalStatue","halation:VictoryRuler","Question Card","rorgmod:Ceramic Fish","GodSword3","Dream Catcher","REME_PuzzleBoxRelic"],"acts_visited":["Exordium","TheCity"],"potions_floor_usage":[],"damage_taken":[{"damage":0,"enemies":"Small Slimes","floor":2,"turns":3},{"damage":10,"enemies":"downfall:FleeingMerchant","floor":3,"turns":4},{"damage":0,"enemies":"Jaw Worm","floor":4,"turns":3},{"damage":0,"enemies":"downfall:FleeingMerchant","floor":5,"turns":4},{"damage":0,"enemies":"2 Louse","floor":8,"turns":1},{"damage":1,"enemies":"Exordium Wildlife","floor":9,"turns":3},{"damage":0,"enemies":"downfall:FleeingMerchant","floor":10,"turns":4},{"damage":0,"enemies":"3 Louse","floor":13,"turns":4},{"damage":0,"enemies":"Gremlin Gang","floor":14,"turns":1},{"damage":0,"enemies":"Red Slaver","floor":15,"turns":1},{"damage":16,"enemies":"WA_ARCHETYPE_RETAIN","floor":16,"turns":4},{"damage":0,"enemies":"3 Byrds","floor":19,"turns":2},{"damage":0,"enemies":"Chosen","floor":20,"turns":4},{"damage":0,"enemies":"Colosseum Nobs","floor":22,"turns":1},{"damage":0,"enemies":"downfall:FleeingMerchant","floor":23,"turns":2},{"damage":0,"enemies":"Centurion and Healer","floor":25,"turns":3},{"damage":0,"enemies":"Book of Stabbing","floor":27,"turns":2}],"seed_played":"274057888693875965","potions_obtained":[{"floor":16,"key":"Guardian:StasisDiscoveryPotion"}],"is_trial":false,"path_per_floor":["R","M","$","M","$","R","T","M","M","$","R","?","M","M","M","B",null,"R","M","M","?","?","$","T","M","R","E"],"character_chosen":"GUARDIAN","items_purchased":["Guardian:Gem_Lightblue","Guardian:ChargeCore","halation:Jellyphish","halation:LostSnail","REME_ArchaeologicalTools","Guardian:Gem_Blue","Guardian:Gem_White","Calipers","TheAbacus","Guardian:Gem_White","Guardian:Orbwalk","Blood Vial","hubris:PeanutButter","Guardian:DecasProtection","Replay:SS_forest_2","Replay:Baseball","rorgmod:Ceramic Fish","Guardian:TimeCapacitor","GodSword3"],"campfire_rested":0,"item_purchase_floors":[3,3,3,3,3,5,5,5,5,10,10,10,10,10,10,10,23,23,23],"current_hp_per_floor":[1000,1000,990,990,990,990,990,990,989,989,989,989,991,993,995,981,1000,1000,1000,1000,1000,1000,1000,1000,1000,1000,1000,1000,1000],"gold":8579,"neow_bonus":"HUNDRED_GOLD","is_daily":false,"chose_seed":false,"campfire_upgraded":5,"win_rate":0.0,"timestamp":1613130035,"path_taken":["R","M","$","M","$","R","T","M","M","$","R","?","M","M","M","BOSS","R","M","M","?","?","$","T","M","R","E"],"items_purchased_type":["Card","Card","Relic","Relic","Relic","Card","Card","Relic","Relic","Card","Card","Relic","Relic","Card","Card","Relic","Relic","Card","Relic"],"build_version":"2020-12-22","purchased_purges":0,"victory":false,"max_hp_per_floor":[1000,1000,1000,1000,1000,1000,1000,1000,1000,1000,1000,1000,1000,1000,1000,1000,1000,1000,1000,1000,1000,1000,1000,1000,1000,1000,1000,1000,1000],"card_choices":[{"not_picked":["Guardian:PrimingBeam","Guardian:Repulse"],"picked":"Guardian:MultiBeam","floor":2},{"not_picked":["Guardian:ArmoredProtocol","Guardian:EvasiveProtocol"],"picked":"Guardian:RefractedBeam","floor":3},{"not_picked":["Guardian:TemporalShield","Guardian:WalkerClaw"],"picked":"Guardian:Emergency","floor":4},{"not_picked":["Guardian:StasisStrike","Guardian:PiercingHide"],"picked":"Guardian:Gem_Red","floor":5},{"not_picked":["Guardian:SpikerProtocol","Guardian:TemporalStrike"],"picked":"Guardian:Orbwalk","floor":8},{"not_picked":["Guardian:Gem_Cyan","Guardian:Repulse"],"picked":"Guardian:PiercingHide","floor":9},{"not_picked":["Guardian:BronzeArmor","Guardian:Clone"],"picked":"Guardian:BaubleBeam","floor":10},{"not_picked":["Guardian:TemporalStrike","Guardian:Incinerate"],"picked":"Guardian:WalkerClaw","floor":13},{"not_picked":["Guardian:TemporalStrike","Guardian:DonusPower"],"picked":"Guardian:Gem_Red","floor":14},{"not_picked":["Guardian:Gem_Cyan","Guardian:ChargeCore"],"picked":"Guardian:ChargeUp","floor":15},{"not_picked":["Guardian:FastForward","Guardian:SphericShield"],"picked":"Guardian:GatlingBeam","floor":16},{"not_picked":["Guardian:TemporalShield","Guardian:FuturePlans"],"picked":"Guardian:Gem_Green","floor":19},{"not_picked":["Guardian:Incinerate","Guardian:Reroute"],"picked":"Guardian:Gem_Yellow","floor":20},{"not_picked":["Guardian:Gem_Red","Guardian:TimeCapacitor+1"],"picked":"Guardian:FuturePlans","floor":22},{"not_picked":["Guardian:GuardianWhirl","Guardian:Planning","Guardian:GemFire"],"picked":"Guardian:CrystalBeam+1","floor":23},{"not_picked":["Guardian:PrismaticBarrier+1","Guardian:Preprogram+1","Guardian:GuardianWhirl"],"picked":"Guardian:Clone","floor":25}],"player_experience":350559,"relics_obtained":[{"floor":7,"key":"qcfpunch:Fighting_Gloves"},{"floor":13,"key":"wanderingMiniBosses:CarrionFlame"},{"floor":17,"key":"halation:QuantumPhysicsTextbook"},{"floor":17,"key":"reliquary:IridiumChain"},{"floor":17,"key":"Anchor"},{"floor":22,"key":"halation:VictoryRuler"},{"floor":22,"key":"Question Card"},{"floor":24,"key":"Dream Catcher"},{"floor":27,"key":"REME_PuzzleBoxRelic"}],"event_choices":[],"is_beta":false,"boss_relics":[{"not_picked":["StSpp:Balance","Sozu"],"picked":"Calling Bell"}],"items_purged_floors":[],"is_endless":false,"potions_floor_spawned":[2,4,9,13,16,20,22],"killed_by":"Book of Stabbing","ascension_level":0}}