{"host":"qj2ynjh122p6ybyd","time":1613167989,"event":{"mods":["AchievementEnabler","Aspiration","BaseMod","Better Match","Better Note","Highlight Path","Infinite Spire","Minty Spire (QoL Compilation)","Quick Restart","Relic Stats","Reliquary","Replay The Spire","StSLib","SuperFastMode","The Blackbeard","The Gatherer"],"gold_per_floor":[110,121,121,121,138,138,169,179,179,189,189,206,206,55,55,127,127,140,140,153,153,153,153,168,168,222,222,238,272,289,319,319,397,397,415,425,100,153,169,169,184,184,237,337,539,553,553,566,566,642,642,651,726,826,829,840,818,818,816,843,843,854,854,895,891,891,900,900,888,888,887,861,861,854,841,841,865,849,845,593,588,582,582,623,623,624,625,604,604],"floor_reached":88,"language":"RUS","playtime":3399,"items_purged":[],"score":2851,"play_id":"feb32752-44d7-4c3a-be28-36d391e1304d","local_time":"20210213001309","is_ascension_mode":true,"campfire_choices":[{"data":"Whirlwind","floor":6,"key":"SMITH"},{"data":"Consume","floor":13,"key":"SMITH"},{"data":"Crystallizer","floor":15,"key":"SMITH"},{"data":"infinitespire:Oblivion","floor":23,"key":"SMITH"},{"data":"Creative AI","floor":25,"key":"SMITH"},{"data":"Genetic Algorithm","floor":32,"key":"SMITH"},{"floor":40,"key":"DIG"},{"floor":42,"key":"DIG"},{"data":"Loop","floor":58,"key":"SMITH"},{"data":"Echo Form","floor":61,"key":"SMITH"},{"floor":63,"key":"DIG"},{"floor":66,"key":"REST"},{"floor":76,"key":"REST"}],"circlet_count":0,"master_deck":["AscendersBane","Strike_B+1","Defend_B","Defend_B","Defend_B","Zap","Dualcast","Whirlwind+1","Crystallizer+1","Double Energy+1","Genetic Algorithm+1","Ball Lightning+1","Cold Snap","Consume+1","Creative AI+1","Force Field","Go for the Eyes+1","infinitespire:Oblivion+1","RitualDagger","Cold Snap+1","Ball Lightning+1","Ball Lightning+1","Conserve Battery+1","Echo Form+1","Rip and Tear+1","Fusion+1","Capacitor+1","Beam Cell+1","White Noise+1","infinitespire:Fortify+1","Ball Lightning+1","ReplayTheSpireMod:Reroute Power+1","Echo Form","Lockon+1","Loop+1","Thunder Strike+1","Self Repair","Creative AI","Buffer","Cold Snap+1","infinitespire:Collect","Buffer","Self Repair","Ball Lightning+1","Hello World","ReplayTheSpireMod:Fabricate Wheel","infinitespire:FinalStrike+1"],"relics":["FrozenCore","aspiration:Nostalgia","m_SeaBlood","FossilizedHelix","reliquary:TridentHead","Runic Capacitor","Anchor","Molten Egg 2","Nunchaku","SacredBark","infinitespire:SolderingIron","Replay:Multitool","Replay:Rubber Ducky","Mercury Hourglass","Oddly Smooth Stone","StoneCalendar","Philosopher\u0027s Stone","Blood Vial","Whetstone","BranchBurnRelic","Potion Belt","Pet Ghost","Empty Cage","Boot","War Paint","aspiration:FetidBarrel","Shuriken"],"acts_visited":["Exordium","TheCity","TheBeyond","Exordium","TheCity","TheBeyond"],"potions_floor_usage":[10,18,18,24,24,31,36,50,72,79,79,79,79,79,79,84,84,84],"damage_taken":[{"damage":9,"enemies":"Small Slimes","floor":1,"turns":3},{"damage":1,"enemies":"Cultist","floor":2,"turns":3},{"damage":7,"enemies":"2 Louse","floor":5,"turns":2},{"damage":44,"enemies":"Gremlin Nob","floor":7,"turns":5},{"damage":0,"enemies":"Exordium Thugs","floor":8,"turns":2},{"damage":0,"enemies":"Large Slime","floor":10,"turns":3},{"damage":6,"enemies":"Blue Slaver","floor":12,"turns":3},{"damage":21,"enemies":"Hexaghost","floor":16,"turns":8},{"damage":3,"enemies":"2 Thieves","floor":18,"turns":3},{"damage":7,"enemies":"Chosen","floor":20,"turns":7},{"damage":0,"enemies":"Centurion and Healer","floor":24,"turns":3},{"damage":0,"enemies":"Snecko","floor":28,"turns":7},{"damage":0,"enemies":"Nightmare","floor":29,"turns":9},{"damage":16,"enemies":"3 Cultists","floor":30,"turns":4},{"damage":8,"enemies":"Slavers","floor":31,"turns":5},{"damage":22,"enemies":"Champ","floor":33,"turns":12},{"damage":6,"enemies":"Orb Walker","floor":35,"turns":5},{"damage":0,"enemies":"3 Shapes","floor":36,"turns":1},{"damage":10,"enemies":"2 Orb Walkers","floor":38,"turns":8},{"damage":0,"enemies":"3 Darklings","floor":39,"turns":7},{"damage":0,"enemies":"Jaw Worm Horde","floor":41,"turns":4},{"damage":38,"enemies":"infinitespire:Three Voidlings","floor":44,"turns":5},{"damage":0,"enemies":"Nightmare_Alpha","floor":44,"turns":13},{"damage":0,"enemies":"4 Shapes","floor":46,"turns":4},{"damage":12,"enemies":"3 Darklings","floor":48,"turns":4},{"damage":0,"enemies":"Donu and Deca","floor":50,"turns":8},{"damage":0,"enemies":"Cultist","floor":52,"turns":2},{"damage":0,"enemies":"Small Slimes","floor":55,"turns":2},{"damage":0,"enemies":"2 Louse","floor":56,"turns":1},{"damage":0,"enemies":"Nightmare","floor":57,"turns":10},{"damage":0,"enemies":"Looter","floor":59,"turns":4},{"damage":0,"enemies":"3 Sentries","floor":62,"turns":3},{"damage":34,"enemies":"Gremlin Nob","floor":64,"turns":5},{"damage":20,"enemies":"Lots of Slimes","floor":65,"turns":3},{"damage":0,"enemies":"Fading Forest","floor":67,"turns":11},{"damage":14,"enemies":"Shell Parasite","floor":69,"turns":5},{"damage":0,"enemies":"3 Byrds","floor":71,"turns":4},{"damage":30,"enemies":"Snake Plant","floor":72,"turns":7},{"damage":35,"enemies":"Nightmare","floor":74,"turns":7},{"damage":0,"enemies":"Centurion and Healer","floor":75,"turns":5},{"damage":0,"enemies":"Snecko","floor":78,"turns":7},{"damage":34,"enemies":"Gremlin Leader","floor":79,"turns":5},{"damage":0,"enemies":"Sentry and Sphere","floor":81,"turns":5},{"damage":39,"enemies":"Chosen and Byrds","floor":82,"turns":5},{"damage":0,"enemies":"Collector","floor":84,"turns":6},{"damage":0,"enemies":"3 Shapes","floor":86,"turns":2},{"damage":11,"enemies":"Orb Walker","floor":87,"turns":4},{"damage":81,"enemies":"2 Orb Walkers","floor":88,"turns":4}],"seed_played":"-2745482631884122701","potions_obtained":[{"floor":7,"key":"ColorlessPotion"},{"floor":10,"key":"Explosive Potion"},{"floor":16,"key":"Adrenaline Potion"},{"floor":18,"key":"AttackPotion"},{"floor":20,"key":"Explosive Potion"},{"floor":30,"key":"SpeedPotion"},{"floor":35,"key":"AttackPotion"},{"floor":36,"key":"SteroidPotion"},{"floor":39,"key":"Death Potion"},{"floor":48,"key":"Strength Potion"},{"floor":50,"key":"Doom Potion"},{"floor":67,"key":"Elixir"},{"floor":69,"key":"Venom Potion"},{"floor":75,"key":"Block Potion"},{"floor":78,"key":"ColorlessPotion"},{"floor":81,"key":"Dexterity Potion"}],"is_trial":false,"path_per_floor":["M","M","?","?","M","R","E","M","T","M","?","M","R","$","R","B",null,"M","AVR","M","?","?","R","M","R","T","?","M","NM","M","E","R","B",null,"M","M","$","?","M","R","M","R","T","?","?","M","?","M","R","B",null,"M","?","?","M","M","NM","R","M","T","R","E","R","?","M","R","B",null,"M","?","M","M","?","NM","M","R","T","M","E","$","M","M","R","B",null,"M","M","?"],"character_chosen":"DEFECT","items_purchased":["Runic Capacitor","Capacitor","infinitespire:SolderingIron","Shuriken"],"campfire_rested":2,"item_purchase_floors":[14,37,37,80],"current_hp_per_floor":[65,70,70,70,69,69,31,37,37,43,75,75,75,75,75,60,71,74,74,73,73,56,56,62,62,62,56,62,68,58,56,56,40,66,66,72,72,68,74,74,75,75,75,70,52,58,58,52,74,75,75,75,64,64,70,75,75,75,75,75,75,75,75,47,42,64,75,75,75,75,75,51,51,24,32,54,54,75,54,54,69,45,67,75,75,75,75,0,0],"gold":604,"neow_bonus":"NOSTALGIA","is_daily":false,"chose_seed":false,"campfire_upgraded":8,"win_rate":0.0,"timestamp":1613167989,"path_taken":["M","M","?","?","M","R","E","M","T","?","?","M","R","?","R","BOSS","M","AVR","M","?","?","R","M","R","T","?","M","NM","?","E","R","BOSS","M","M","$","?","M","R","M","R","T","?","?","?","?","?","R","BOSS","M","?","?","?","M","NM","R","M","T","R","E","R","?","M","R","BOSS","M","?","M","M","?","NM","M","R","T","M","E","?","M","M","R","BOSS","M","?","?"],"items_purchased_type":["Relic","Card","Relic","Relic"],"build_version":"2020-12-22","purchased_purges":0,"victory":false,"max_hp_per_floor":[75,75,75,75,75,75,75,75,75,75,75,75,75,75,75,75,75,75,75,75,75,75,75,75,75,75,75,75,75,75,75,75,75,75,75,75,75,75,75,75,75,75,75,75,75,75,75,75,75,75,75,75,75,75,75,75,75,75,75,75,75,75,75,75,75,75,75,75,75,75,75,75,75,75,75,75,75,75,75,75,75,75,75,75,75,75,75,75,75],"relic_stats":{"Blood Vial":16,"Nunchaku":[31],"counters":[48,242],"Shuriken":[9],"StoneCalendar":[244],"Whetstone":["Cold Snap","Strike_B"],"War Paint":["infinitespire:Fortify","White Noise"],"Boot":[12],"obtain_stats":[{"m_SeaBlood":0,"SacredBark":34,"StoneCalendar":44,"Runic Capacitor":14,"Replay:Multitool":38,"Whetstone":60,"Empty Cage":68,"Boot":74,"Pet Ghost":64,"FrozenCore":17,"Replay:Rubber Ducky":40,"Blood Vial":57,"reliquary:TridentHead":9,"BranchBurnRelic":63,"Nunchaku":31,"infinitespire:SolderingIron":37,"Philosopher\u0027s Stone":51,"Cracked Core":0,"Potion Belt":63,"aspiration:Nostalgia":0,"aspiration:FetidBarrel":79,"Dead Branch":62,"Oddly Smooth Stone":43,"War Paint":77,"Mercury Hourglass":42,"Anchor":26,"Shuriken":80,"Molten Egg 2":29,"FossilizedHelix":7},{"m_SeaBlood":0,"SacredBark":16,"StoneCalendar":23,"Runic Capacitor":7,"Replay:Multitool":19,"Whetstone":31,"Empty Cage":35,"Boot":39,"Pet Ghost":33,"FrozenCore":8,"Replay:Rubber Ducky":20,"Blood Vial":30,"reliquary:TridentHead":5,"BranchBurnRelic":32,"Nunchaku":15,"infinitespire:SolderingIron":18,"Philosopher\u0027s Stone":26,"Cracked Core":0,"Potion Belt":32,"aspiration:Nostalgia":0,"aspiration:FetidBarrel":42,"Dead Branch":32,"Oddly Smooth Stone":21,"War Paint":40,"Mercury Hourglass":21,"Anchor":11,"Shuriken":42,"Molten Egg 2":13,"FossilizedHelix":4},{"m_SeaBlood":0,"SacredBark":79,"StoneCalendar":122,"Runic Capacitor":21,"Replay:Multitool":93,"Whetstone":156,"Empty Cage":177,"Boot":200,"Pet Ghost":164,"FrozenCore":29,"Replay:Rubber Ducky":100,"Blood Vial":153,"reliquary:TridentHead":15,"BranchBurnRelic":159,"Nunchaku":67,"infinitespire:SolderingIron":85,"Philosopher\u0027s Stone":138,"Cracked Core":0,"Potion Belt":159,"aspiration:Nostalgia":0,"aspiration:FetidBarrel":216,"Dead Branch":159,"Oddly Smooth Stone":104,"War Paint":205,"Mercury Hourglass":104,"Anchor":42,"Shuriken":216,"Molten Egg 2":58,"FossilizedHelix":13}],"FrozenCore":[90],"Mercury Hourglass":[551]},"card_choices":[{"not_picked":["ReplayGash","Scrape"],"picked":"Whirlwind","floor":1},{"not_picked":["Redo","Darkness"],"picked":"Crystallizer","floor":2},{"not_picked":["Redo","Reprogram"],"picked":"Genetic Algorithm","floor":5},{"not_picked":["Barrage","Hologram","ReplayTheSpireMod:GoodbyeWorld"],"picked":"SKIP","floor":7},{"not_picked":["Gash","Flex"],"picked":"Ball Lightning","floor":8},{"not_picked":["Recycle","ReplayGash"],"picked":"Cold Snap","floor":10},{"not_picked":["FIFO Queue","Massacre"],"picked":"Consume","floor":12},{"not_picked":["Meteor Strike","Reboot"],"picked":"Creative AI","floor":16},{"not_picked":["Blizzard","Redo"],"picked":"Force Field","floor":18},{"not_picked":["Rebound+1","Panic Button"],"picked":"Go for the Eyes+1","floor":20},{"not_picked":["ReplayTheSpireMod:Haul","ReplayTheSpireMod:Echoes of Time"],"picked":"infinitespire:Oblivion","floor":22},{"not_picked":["Consume","Go for the Eyes","Rebound"],"picked":"SKIP","floor":24},{"not_picked":["Panic Button","Coolheaded"],"picked":"Cold Snap","floor":28},{"not_picked":["Go for the Eyes+1","Cold Snap+1"],"picked":"Ball Lightning+1","floor":29},{"not_picked":["Beam Cell+1","Sunder+1"],"picked":"Ball Lightning+1","floor":30},{"not_picked":["Doom and Gloom+1","Ball Lightning+1"],"picked":"Conserve Battery+1","floor":31},{"not_picked":["Amplify","ReplayTheSpireMod:Omega Cannon+1"],"picked":"Echo Form","floor":33},{"not_picked":["Double Energy","Undo"],"picked":"Rip and Tear+1","floor":35},{"not_picked":["Gash+1","Auto Shields"],"picked":"Fusion+1","floor":36},{"not_picked":["Stack+1","Force Field"],"picked":"Beam Cell+1","floor":39},{"not_picked":["Panic Button+1","ReplaySort"],"picked":"White Noise","floor":41},{"not_picked":["infinitespire:Gouge","infinitespire:FinalStrike"],"picked":"infinitespire:Fortify","floor":44},{"not_picked":["Rebound+1","Doom and Gloom+1"],"picked":"Ball Lightning+1","floor":45},{"not_picked":["Barrage+1","Scrape+1","Steam Power"],"picked":"SKIP","floor":46},{"not_picked":["Genetic Algorithm","Skim+1"],"picked":"ReplayTheSpireMod:Reroute Power+1","floor":48},{"not_picked":["Seek","Electrodynamics"],"picked":"Echo Form","floor":50},{"not_picked":["Panic Button","Recycle"],"picked":"Lockon+1","floor":52},{"not_picked":["BasicCrystalCard","Compile Driver+1","Double Energy"],"picked":"SKIP","floor":55},{"not_picked":["Rebound+1","Lockon+1"],"picked":"Loop","floor":56},{"not_picked":["Recycle","Go for the Eyes+1"],"picked":"Thunder Strike+1","floor":57},{"not_picked":["BootSequence","Stack","Auto Shields"],"picked":"SKIP","floor":59},{"not_picked":["Turbo","Steam"],"picked":"Self Repair","floor":62},{"not_picked":["Beam Cell+1","BasicCrystalCard"],"picked":"Creative AI","floor":64},{"not_picked":["Turbo","Panic Button","Rebound+1"],"picked":"SKIP","floor":65},{"not_picked":["Machine Learning","Mirror Shield"],"picked":"Buffer","floor":67},{"not_picked":["Aggregate","FTL+1"],"picked":"Cold Snap+1","floor":69},{"not_picked":["Double Energy","Undo","FIFO Queue"],"picked":"SKIP","floor":71},{"not_picked":["Auto Shields","Sweeping Beam+1","Turbo"],"picked":"SKIP","floor":72},{"not_picked":["ReplayTheSpireMod:Echoes of Time","ReplayTheSpireMod:??????????????????????"],"picked":"infinitespire:Collect","floor":74},{"not_picked":["Storm","Gash+1"],"picked":"Buffer","floor":74},{"not_picked":["Stack","Redo+1","Compile Driver+1"],"picked":"SKIP","floor":75},{"not_picked":["Reinforced Body","Ball Lightning+1","ReplayGash+1"],"picked":"SKIP","floor":78},{"not_picked":["ReplayGash+1","Turbo"],"picked":"Self Repair","floor":79},{"not_picked":["Hologram","Force Field"],"picked":"Ball Lightning+1","floor":81},{"not_picked":["Rebound+1","ReplayGash+1"],"picked":"Hello World","floor":82},{"not_picked":["Creative AI","Multi-Cast"],"picked":"ReplayTheSpireMod:Fabricate Wheel","floor":84},{"not_picked":["infinitespire:SealOfDarkness+","ReplayTheSpireMod:??????????????????????"],"picked":"infinitespire:FinalStrike","floor":85},{"not_picked":["Turbo","Rebound+1","BasicCrystalCard"],"picked":"SKIP","floor":86},{"not_picked":["Barrage+1","Sunder+1","Rebound+1"],"picked":"SKIP","floor":87}],"player_experience":378158,"relics_obtained":[{"floor":7,"key":"FossilizedHelix"},{"floor":9,"key":"reliquary:TridentHead"},{"floor":26,"key":"Anchor"},{"floor":29,"key":"Molten Egg 2"},{"floor":31,"key":"Nunchaku"},{"floor":38,"key":"Replay:Multitool"},{"floor":40,"key":"Replay:Rubber Ducky"},{"floor":42,"key":"Mercury Hourglass"},{"floor":43,"key":"Oddly Smooth Stone"},{"floor":44,"key":"StoneCalendar"},{"floor":57,"key":"Blood Vial"},{"floor":60,"key":"Whetstone"},{"floor":62,"key":"Dead Branch"},{"floor":63,"key":"Potion Belt"},{"floor":64,"key":"Pet Ghost"},{"floor":74,"key":"Boot"},{"floor":77,"key":"War Paint"},{"floor":79,"key":"aspiration:FetidBarrel"}],"event_choices":[{"cards_removed":["Strike_B"],"damage_healed":0,"gold_gain":0,"player_choice":"Purged","damage_taken":0,"max_hp_gain":0,"max_hp_loss":0,"event_name":"Purifier","floor":4,"gold_loss":0},{"damage_healed":32,"gold_gain":0,"player_choice":"Full Heal","damage_taken":0,"max_hp_gain":0,"max_hp_loss":0,"event_name":"Wheel of Change","floor":11,"gold_loss":0},{"damage_healed":0,"gold_gain":0,"player_choice":"Ignored","damage_taken":0,"max_hp_gain":0,"max_hp_loss":0,"event_name":"Vampires","floor":21,"gold_loss":0},{"damage_healed":0,"gold_gain":0,"player_choice":"Joined the Cult","damage_taken":6,"max_hp_gain":0,"max_hp_loss":0,"event_name":"Nest","floor":27,"gold_loss":0,"cards_obtained":["RitualDagger"]},{"damage_healed":0,"gold_gain":0,"player_choice":"Fight","damage_taken":0,"max_hp_gain":0,"max_hp_loss":0,"event_name":"Mysterious Sphere","floor":38,"gold_loss":0},{"damage_healed":0,"gold_gain":0,"player_choice":"Ignored","damage_taken":0,"max_hp_gain":0,"max_hp_loss":0,"event_name":"SecretPortal","floor":47,"gold_loss":0},{"damage_healed":0,"gold_gain":75,"player_choice":"Gather Gold","damage_taken":11,"max_hp_gain":0,"max_hp_loss":0,"event_name":"World of Goop","floor":53,"gold_loss":0},{"damage_healed":0,"gold_gain":100,"player_choice":"Gold","damage_taken":0,"max_hp_gain":0,"max_hp_loss":0,"event_name":"Wheel of Change","floor":54,"gold_loss":0},{"damage_healed":0,"gold_gain":30,"player_choice":"Searched \u00273\u0027 times","damage_taken":0,"max_hp_gain":0,"max_hp_loss":0,"event_name":"Dead Adventurer","floor":64,"gold_loss":0},{"damage_healed":0,"gold_gain":0,"player_choice":"Ignored","damage_taken":0,"max_hp_gain":0,"max_hp_loss":0,"event_name":"Vampires","floor":70,"gold_loss":0},{"damage_healed":0,"gold_gain":0,"player_choice":"Fight","damage_taken":0,"max_hp_gain":0,"max_hp_loss":0,"event_name":"Mysterious Sphere","floor":88,"gold_loss":0}],"is_beta":false,"boss_relics":[{"not_picked":["reliquary:RedCape","reliquary:KinkedSpring"],"picked":"FrozenCore"},{"not_picked":["Replay:Grab Bag","Honey Jar"],"picked":"SacredBark"},{"not_picked":["Runic Dome","Tiny House"],"picked":"Philosopher\u0027s Stone"},{"not_picked":["Honey Jar","Pandora\u0027s Box"],"picked":"Empty Cage"},{"not_picked":["Velvet Choker","aspiration:FutureDiary","Replay:Bronze Core"]}],"items_purged_floors":[],"is_endless":true,"potions_floor_spawned":[7,10,16,18,20,30,35,36,39,48,50,56,59,62,67,69,75,78,81,82],"killed_by":"2 Orb Walkers","ascension_level":13}}