{"host":"l4kdldlios54gl54","time":1613102310,"event":{"mods":["AchievementEnabler","BaseMod","Colored Map","Colored Powertips","Minty Spire (QoL Compilation)","Random Character Button"],"gold_per_floor":[10,30,48,48,60,60,75,75,75,85,10,10,24,24,24,24,24],"floor_reached":16,"language":"ENG","playtime":376,"items_purged":["Strike_R+1"],"score":188,"play_id":"d8b93796-4efc-4ef2-bdd5-ab66a767bbae","local_time":"20210212045830","is_ascension_mode":true,"campfire_choices":[{"data":"Clash","floor":6,"key":"SMITH"},{"data":"Reckless Charge","floor":8,"key":"SMITH"},{"data":"Havoc","floor":12,"key":"SMITH"},{"floor":15,"key":"REST"}],"circlet_count":0,"master_deck":["AscendersBane","Strike_R","Strike_R","Strike_R","Strike_R","Defend_R","Defend_R","Defend_R","Defend_R","Bash","Anger+1","Flex","Warcry","Clash+1","Reckless Charge+1","Havoc+1","Berserk"],"relics":["Burning Blood","Unceasing Top","White Beast Statue","Golden Idol"],"acts_visited":["Exordium"],"potions_floor_usage":[10,13,16],"damage_taken":[{"damage":16,"enemies":"Jaw Worm","floor":1,"turns":6},{"damage":9,"enemies":"Small Slimes","floor":2,"turns":4},{"damage":1,"enemies":"2 Louse","floor":3,"turns":2},{"damage":14,"enemies":"Blue Slaver","floor":5,"turns":4},{"damage":9,"enemies":"Red Slaver","floor":7,"turns":3},{"damage":10,"enemies":"3 Louse","floor":10,"turns":3},{"damage":3,"enemies":"Blue Slaver","floor":13,"turns":2},{"damage":47,"enemies":"The Guardian","floor":16,"turns":5}],"seed_played":"-1222793079230224833","potions_obtained":[{"floor":1,"key":"Strength Potion"},{"floor":2,"key":"DistilledChaos"},{"floor":10,"key":"Energy Potion"},{"floor":13,"key":"PowerPotion"}],"is_trial":false,"path_per_floor":["M","M","M","?","M","R","M","R","T","M","$","R","M","?","R","B"],"character_chosen":"IRONCLAD","items_purchased":[],"campfire_rested":1,"item_purchase_floors":[],"current_hp_per_floor":[58,55,60,37,29,29,26,26,26,22,22,22,25,25,45,0,0],"gold":24,"neow_bonus":"ONE_RARE_RELIC","is_daily":false,"chose_seed":false,"campfire_upgraded":3,"win_rate":0.0,"timestamp":1613102310,"path_taken":["M","M","M","?","M","R","M","R","T","M","$","R","M","?","R","BOSS"],"items_purchased_type":[],"build_version":"2020-12-22","purchased_purges":1,"victory":false,"max_hp_per_floor":[75,75,75,75,75,75,75,75,75,75,75,75,75,68,68,68,68],"card_choices":[{"not_picked":["Armaments","Warcry"],"picked":"Anger","floor":1},{"not_picked":["Iron Wave","Rupture"],"picked":"Flex","floor":2},{"not_picked":["Heavy Blade","Headbutt"],"picked":"Warcry","floor":3},{"not_picked":["Sentinel","Cleave"],"picked":"Clash","floor":5},{"not_picked":["Perfected Strike","Anger"],"picked":"Reckless Charge","floor":7},{"not_picked":["Dark Embrace","Heavy Blade"],"picked":"Havoc","floor":10},{"not_picked":["Wild Strike","Sword Boomerang"],"picked":"Berserk","floor":13}],"player_experience":906521,"relics_obtained":[{"floor":9,"key":"White Beast Statue"}],"event_choices":[{"damage_healed":0,"gold_gain":0,"player_choice":"Entered Light","damage_taken":23,"max_hp_gain":0,"max_hp_loss":0,"event_name":"Shining Light","floor":4,"gold_loss":0,"cards_upgraded":["Strike_R","Anger"]},{"damage_healed":0,"gold_gain":0,"player_choice":"Lose Max HP","damage_taken":0,"relics_obtained":["Golden Idol"],"max_hp_gain":0,"max_hp_loss":7,"event_name":"Golden Idol","floor":14,"gold_loss":0}],"is_beta":false,"boss_relics":[],"items_purged_floors":[11],"is_endless":false,"potions_floor_spawned":[1,2,10,13],"killed_by":"The Guardian","ascension_level":20}}