{"host":"g8a0qo0vjtg6u5wv","time":1613144581,"event":{"mods":["BaseMod","Colored Map","Custom Start","KOR Keyword Fix","Minty Spire (QoL Compilation)","StSLib","SuperFastMode"],"gold_per_floor":[109,109,284,284,284,284,134,150,150,191,191,43,58,79,79,198,198,211,211,211,48,63,63,96,96,144,59,59,75,99,130,130,259,259,277,277,277,277,365,365,381,81,151,151,484,511,511,531,531,531,531,531,59,59,59],"floor_reached":54,"language":"KOR","playtime":1227,"items_purged":["Strike_P","Doubt","Strike_P","Strike_P","Strike_P"],"score":1131,"play_id":"5a7574de-fcba-41dd-b145-a912116e5ff3","local_time":"20210213004301","is_ascension_mode":true,"campfire_choices":[{"data":"Eruption","floor":11.0,"key":"SMITH"},{"data":"ClearTheMind","floor":15.0,"key":"SMITH"},{"data":"MasterReality","floor":23.0,"key":"SMITH"},{"floor":25.0,"key":"REST"},{"floor":28.0,"key":"REST"},{"floor":32.0,"key":"REST"},{"floor":40,"key":"RECALL"},{"floor":44,"key":"REST"},{"floor":47,"key":"REST"},{"floor":49,"key":"REST"},{"floor":52,"key":"REST"}],"circlet_count":0,"master_deck":["Defend_P+1","Defend_P","Eruption+1","Vigilance+1","EmptyFist","Study","Indignation","Worship","Vengeance","SashWhip","EmptyMind","ClearTheMind+1","MasterReality+1","FlurryOfBlows+1","FearNoEvil","Tantrum","ForeignInfluence+1","EmptyBody+1","Halt","ReachHeaven+1","Protect","Dark Shackles","Tantrum+1","ClearTheMind+1","DeusExMachina","Adaptation+1","ForeignInfluence+1"],"relics":["PureWater","NeowsBlessing","HornCleat","Dream Catcher","Sozu","Nilry\u0027s Codex","Juzu Bracelet","Yang","Akabeko","Torii","Damaru","Fusion Hammer","CaptainsWheel","Lee\u0027s Waffle","InkBottle","DollysMirror","Toy Ornithopter"],"acts_visited":["Exordium","TheCity","TheBeyond","TheEnding"],"potions_floor_usage":[],"damage_taken":[{"damage":0.0,"enemies":"Jaw Worm","floor":1.0,"turns":1.0},{"damage":0.0,"enemies":"2 Louse","floor":8.0,"turns":2.0},{"damage":0.0,"enemies":"Lagavulin","floor":10.0,"turns":1.0},{"damage":0.0,"enemies":"Small Slimes","floor":13.0,"turns":3.0},{"damage":0.0,"enemies":"2 Fungi Beasts","floor":14.0,"turns":2.0},{"damage":33.0,"enemies":"Slime Boss","floor":16.0,"turns":6.0},{"damage":2.0,"enemies":"2 Thieves","floor":18.0,"turns":3.0},{"damage":0.0,"enemies":"Spheric Guardian","floor":22.0,"turns":3.0},{"damage":39.0,"enemies":"Book of Stabbing","floor":24.0,"turns":5.0},{"damage":7.0,"enemies":"Snake Plant","floor":29.0,"turns":2.0},{"damage":6.0,"enemies":"Centurion and Healer","floor":30.0,"turns":6.0},{"damage":17.0,"enemies":"Slavers","floor":31.0,"turns":3.0},{"damage":0,"enemies":"Champ","floor":33,"turns":6},{"damage":19,"enemies":"3 Shapes","floor":35,"turns":2},{"damage":0,"enemies":"Mind Bloom Boss Battle","floor":39,"turns":5},{"damage":0,"enemies":"Orb Walker","floor":41,"turns":3},{"damage":0,"enemies":"Reptomancer","floor":46,"turns":5},{"damage":12,"enemies":"3 Darklings","floor":48,"turns":5},{"damage":26,"enemies":"Donu and Deca","floor":50,"turns":6},{"damage":80,"enemies":"Shield and Spear","floor":54,"turns":3}],"seed_played":"-2436894926813372987","potions_obtained":[{"floor":1.0,"key":"Weak Potion"},{"floor":8.0,"key":"Swift Potion"},{"floor":10.0,"key":"PowerPotion"}],"is_trial":false,"path_per_floor":["M","?","?","?","?","?","$","M","T","E","R","$","M","M","R","B",null,"M","?","T","$","M","R","E","R","T","?","R","M","M","E","R","B",null,"M","?","?","?","?","R","M","$","T","R","?","E","R","M","R","B",null,"R","$","E"],"character_chosen":"WATCHER","items_purchased":["Indignation","SashWhip","FearNoEvil","Lee\u0027s Waffle","DollysMirror","Toy Ornithopter"],"campfire_rested":7,"item_purchase_floors":[7,12,21,42,53,53],"current_hp_per_floor":[65,65,65,51,56,56,56,56,56,56,56,56,56,56,56,23,59,57,41,41,41,41,41,2,23,23,23,44,37,31,14,35,35,62,43,43,43,38,38,38,38,74,74,74,74,74,74,62,74,48,68,74,74,0,0],"gold":59,"neow_bonus":"THREE_ENEMY_KILL","is_daily":false,"chose_seed":false,"campfire_upgraded":3,"win_rate":0.0,"timestamp":1613144581,"path_taken":["M","?","?","?","?","?","$","M","T","E","R","$","?","?","R","BOSS","M","?","?","$","M","R","E","R","T","?","R","M","M","E","R","BOSS","M","?","?","?","?","R","M","$","T","R","?","E","R","M","R","BOSS","R","$","E"],"items_purchased_type":["Card","Card","Card","Relic","Relic","Relic"],"build_version":"2020-12-22","purchased_purges":5,"victory":false,"max_hp_per_floor":[72,72,72,72,77,71,71,71,71,71,71,71,71,71,71,71,71,71,71,71,71,71,71,71,71,71,71,71,71,71,71,71,71,71,71,71,67,67,67,67,67,74,74,74,74,74,74,74,74,74,74,74,74,74,74],"card_choices":[{"not_picked":["Wireheading","Prostrate"],"picked":"EmptyFist","floor":1.0},{"not_picked":["PathToVictory","Pray"],"picked":"Worship","floor":8.0},{"not_picked":["Fasting2","Perseverance"],"picked":"Vengeance","floor":10.0},{"not_picked":["ThirdEye","TalkToTheHand"],"picked":"EmptyMind","floor":13.0},{"not_picked":["FollowUp","Pray"],"picked":"ClearTheMind","floor":14.0},{"not_picked":["Alpha","SpiritShield"],"picked":"MasterReality","floor":16.0},{"not_picked":["Protect+1","ClearTheMind"],"picked":"FlurryOfBlows+1","floor":18.0},{"not_picked":["WindmillStrike","WaveOfTheHand"],"picked":"Tantrum","floor":22.0},{"not_picked":["Vengeance","Conclude+1","Sanctity"],"picked":"SKIP","floor":24.0},{"not_picked":["CrushJoints+1","WreathOfFlame"],"picked":"ForeignInfluence+1","floor":25.0},{"not_picked":["WaveOfTheHand","FlyingSleeves"],"picked":"EmptyBody+1","floor":29.0},{"not_picked":["CrushJoints","WindmillStrike+1"],"picked":"Halt","floor":30.0},{"not_picked":["Sanctity","BowlingBash+1"],"picked":"ReachHeaven+1","floor":31.0},{"not_picked":["JustLucky+1","Perseverance"],"picked":"Protect","floor":32.0},{"not_picked":["PathToVictory+1","Conclude","CrushJoints"],"picked":"SKIP","floor":35},{"not_picked":["Panacea","Mayhem"],"picked":"Dark Shackles","floor":38},{"not_picked":["WindmillStrike+1","Consecrate+1"],"picked":"Tantrum+1","floor":39},{"not_picked":["Consecrate+1","Evaluate+1"],"picked":"ClearTheMind+1","floor":41},{"not_picked":["EmptyMind","CutThroughFate"],"picked":"DeusExMachina","floor":44},{"not_picked":["Evaluate+1","EmptyBody+1","Study+1"],"picked":"SKIP","floor":46},{"not_picked":["InnerPeace","Perseverance+1"],"picked":"Adaptation+1","floor":48}],"player_experience":574503,"relics_obtained":[{"floor":9.0,"key":"HornCleat"},{"floor":10.0,"key":"Dream Catcher"},{"floor":19.0,"key":"Nilry\u0027s Codex"},{"floor":20.0,"key":"Juzu Bracelet"},{"floor":24.0,"key":"Yang"},{"floor":26.0,"key":"Akabeko"},{"floor":31.0,"key":"Damaru"},{"floor":39,"key":"CaptainsWheel"},{"floor":46,"key":"InkBottle"}],"event_choices":[{"damage_healed":0.0,"max_hp_gain":0.0,"max_hp_loss":0.0,"gold_gain":0.0,"cards_transformed":["Defend_P"],"event_name":"Living Wall","player_choice":"Change","floor":2.0,"gold_loss":0.0,"damage_taken":0.0,"cards_obtained":["Study"]},{"damage_healed":0.0,"max_hp_gain":0.0,"max_hp_loss":0.0,"gold_gain":175.0,"event_name":"Liars Game","player_choice":"AGREE","floor":3.0,"gold_loss":0.0,"damage_taken":0.0,"cards_obtained":["Doubt"]},{"damage_healed":0.0,"max_hp_gain":0.0,"max_hp_loss":0.0,"gold_gain":0.0,"event_name":"Shining Light","player_choice":"Entered Light","floor":4.0,"gold_loss":0.0,"damage_taken":14.0,"cards_upgraded":["Defend_P","Vigilance"]},{"damage_healed":0.0,"max_hp_gain":5.0,"max_hp_loss":0.0,"gold_gain":0.0,"event_name":"Big Fish","player_choice":"Donut","floor":5.0,"gold_loss":0.0,"damage_taken":0.0},{"damage_healed":0.0,"max_hp_gain":0.0,"max_hp_loss":6.0,"gold_gain":0.0,"event_name":"Golden Idol","player_choice":"Lose Max HP","floor":6.0,"gold_loss":0.0,"damage_taken":0.0,"relics_obtained":["Golden Idol"]},{"damage_healed":0.0,"max_hp_gain":0.0,"max_hp_loss":0.0,"gold_gain":0.0,"event_name":"Cursed Tome","player_choice":"Obtained Book","floor":19.0,"gold_loss":0.0,"damage_taken":16.0},{"damage_healed":0.0,"max_hp_gain":0.0,"max_hp_loss":0.0,"gold_gain":0.0,"event_name":"Addict","player_choice":"Obtained Relic","floor":27.0,"gold_loss":85.0,"damage_taken":0.0,"relics_obtained":["Torii"]},{"cards_removed":["Defend_P"],"damage_healed":0,"gold_gain":0,"player_choice":"Purged","damage_taken":0,"max_hp_gain":0,"max_hp_loss":0,"event_name":"Purifier","floor":36,"gold_loss":0},{"damage_healed":0,"gold_gain":0,"player_choice":"Max HP","damage_taken":0,"max_hp_gain":0,"max_hp_loss":4,"event_name":"Winding Halls","floor":37,"gold_loss":0},{"damage_healed":0,"gold_gain":0,"player_choice":"Memory 2","damage_taken":5,"max_hp_gain":0,"max_hp_loss":0,"event_name":"SensoryStone","floor":38,"gold_loss":0},{"damage_healed":0,"gold_gain":0,"player_choice":"Fight","damage_taken":0,"max_hp_gain":0,"max_hp_loss":0,"event_name":"MindBloom","floor":39,"gold_loss":0},{"damage_healed":0,"gold_gain":333,"player_choice":"Gave Idol","damage_taken":0,"max_hp_gain":0,"max_hp_loss":0,"event_name":"The Moai Head","floor":45,"relics_lost":["Golden Idol"],"gold_loss":0}],"is_beta":false,"boss_relics":[{"not_picked":["Velvet Choker","Busted Crown"],"picked":"Sozu"},{"not_picked":["Philosopher\u0027s Stone","Pandora\u0027s Box"],"picked":"Fusion Hammer"}],"items_purged_floors":[7,12,21,42,53],"is_endless":false,"potions_floor_spawned":[1,8,10,22,24,30,33,39,41],"killed_by":"Shield and Spear","ascension_level":8}}