{"host":"zk2wr01vh49shv6l","time":1613096418,"event":{"mods":["BaseMod","Hermit","Minty Spire (QoL Compilation)","Replay The Spire","StSLib","The Bug Knight"],"gold_per_floor":[116,116,180,240,255,255,281,281,355,28,42,42,42,98,98,214,214,230,240,252,284,86,86,111,111,111,126,139,139,151,161,161,161,161],"floor_reached":33,"language":"PTB","playtime":2672,"items_purged":[],"score":272,"play_id":"fed54f5d-332c-4132-841e-4bdba874b621","local_time":"20210212002018","is_ascension_mode":false,"campfire_choices":[{"floor":6,"key":"REST"},{"floor":8,"key":"REST"},{"floor":12,"key":"REST"},{"floor":15,"key":"REST"},{"floor":23,"key":"REST"},{"floor":25,"key":"REST"},{"floor":29,"key":"REST"},{"floor":32,"key":"REST"}],"circlet_count":0,"master_deck":["hermit:Strike_Hermit","hermit:Strike_Hermit","hermit:Strike_Hermit","hermit:Strike_Hermit","hermit:Defend_Hermit","hermit:Defend_Hermit","hermit:Defend_Hermit","hermit:Defend_Hermit","hermit:Snapshot","hermit:Covet","hermit:LowProfile","hermit:Gambit","hermit:ItchyTrigger","hermit:SprayPray","hermit:Manifest","hermit:Spite","Finesse+1","Poisoned Strike","hermit:ShadowCloak","hermit:Headshot","hermit:FatalDesire","hermit:SprayPray","hermit:ItchyTrigger","hermit:Desperado","hermit:ItchyTrigger+1","hermit:EyeOfTheStorm+1","hermit:EyeOfTheStorm+1","Swift Strike","hermit:Headshot","hermit:Showdown","hermit:Misfire","hermit:BodyArmor+1","hermit:FlashPowder+1","hermit:FullyLoaded+1"],"relics":["hermit:Momento","NeowsBlessing","Ring of Searing","ReplayTheSpireMod:Ring of Challenge","Lizard Tail","Toxic Egg 2","Spirit Poop","MealTicket","ChewingGum","Bird Faced Urn","Quantum Egg"],"acts_visited":["Exordium","TheCity"],"potions_floor_usage":[5,7,16,24,27,30,33],"damage_taken":[{"damage":0,"enemies":"Jaw Worm","floor":1,"turns":1},{"damage":0,"enemies":"Cultist","floor":3,"turns":1},{"damage":1,"enemies":"2 Louse","floor":4,"turns":1},{"damage":19,"enemies":"Lots of Slimes","floor":5,"turns":6},{"damage":28,"enemies":"3 Sentries","floor":7,"turns":7},{"damage":14,"enemies":"2 Fungi Beasts","floor":11,"turns":3},{"damage":20,"enemies":"Large Slime","floor":14,"turns":5},{"damage":62,"enemies":"Slime Boss","floor":16,"turns":12},{"damage":29,"enemies":"Chosen","floor":18,"turns":5},{"damage":15,"enemies":"Snecko","floor":19,"turns":5},{"damage":15,"enemies":"Centurion and Healer","floor":20,"turns":6},{"damage":16,"enemies":"Snake Plant","floor":21,"turns":5},{"damage":20,"enemies":"HollowMod:Nosk","floor":24,"turns":6},{"damage":25,"enemies":"Snecko","floor":27,"turns":3},{"damage":12,"enemies":"3 Cultists","floor":28,"turns":3},{"damage":10,"enemies":"Cultist and Chosen","floor":30,"turns":4},{"damage":7,"enemies":"Centurion and Healer","floor":31,"turns":3},{"damage":80,"enemies":"Champ","floor":33,"turns":8}],"seed_played":"-7212829648845164553","potions_obtained":[{"floor":4,"key":"Block Potion"},{"floor":5,"key":"Venom Potion"},{"floor":14,"key":"DuplicationPotion"},{"floor":21,"key":"SkillPotion"},{"floor":24,"key":"BlessingOfTheForge"},{"floor":27,"key":"LiquidMemories"},{"floor":31,"key":"hermit:BlackBile"}],"is_trial":false,"path_per_floor":["M","?","M","M","M","R","E","R","T","$","M","R","?","M","R","B",null,"M","M","M","M","$","R","E","R","T","M","M","R","M","M","R","B"],"character_chosen":"HERMIT","items_purchased":["hermit:Spite","Finesse+1","Poisoned Strike","hermit:EyeOfTheStorm+1","Swift Strike","hermit:Headshot"],"campfire_rested":8,"item_purchase_floors":[10,10,10,22,22,22],"current_hp_per_floor":[75,75,75,74,55,75,47,69,69,69,55,75,75,55,75,13,75,46,31,16,37,52,74,54,75,75,52,40,62,52,47,69,0,0],"gold":161,"neow_bonus":"THREE_ENEMY_KILL","is_daily":false,"chose_seed":false,"campfire_upgraded":0,"win_rate":0.0,"timestamp":1613096418,"path_taken":["M","?","M","M","M","R","E","R","T","$","M","R","?","M","R","BOSS","M","?","M","M","$","R","E","R","T","?","M","R","M","M","R","BOSS"],"items_purchased_type":["Card","Card","Card","Card","Card","Card"],"build_version":"2020-12-22","purchased_purges":0,"victory":false,"max_hp_per_floor":[75,75,75,75,75,75,75,75,75,75,75,75,75,75,75,75,75,75,75,75,75,75,75,75,75,75,75,75,75,75,75,75,75,75],"card_choices":[{"not_picked":["hermit:ItchyTrigger","hermit:LoneWolf"],"picked":"hermit:LowProfile","floor":1},{"not_picked":["hermit:HighCaliber","hermit:Desperado"],"picked":"hermit:Gambit","floor":3},{"not_picked":["hermit:Glare","hermit:Midnight"],"picked":"hermit:ItchyTrigger","floor":4},{"not_picked":["hermit:Roulette","hermit:Snipe"],"picked":"hermit:SprayPray","floor":5},{"not_picked":["hermit:ItchyTrigger","hermit:LoneWolf"],"picked":"hermit:Manifest","floor":7},{"not_picked":["hermit:LowProfile+1","hermit:BodyArmor+1"],"picked":"hermit:ShadowCloak","floor":11},{"not_picked":["hermit:Misfire","hermit:Combo"],"picked":"hermit:Headshot","floor":14},{"not_picked":["hermit:HighNoon","hermit:Magnum"],"picked":"hermit:FatalDesire","floor":16},{"not_picked":["hermit:Spite","hermit:DeadMansHand+1"],"picked":"hermit:SprayPray","floor":18},{"not_picked":["hermit:Roulette","hermit:Vantage+1"],"picked":"hermit:ItchyTrigger","floor":19},{"not_picked":["hermit:LowProfile+1","hermit:SprayPray"],"picked":"hermit:Desperado","floor":20},{"not_picked":["hermit:BodyArmor+1","hermit:Snipe+1"],"picked":"hermit:ItchyTrigger+1","floor":21},{"not_picked":["hermit:CalledShot","hermit:ShadowCloak"],"picked":"hermit:Showdown","floor":24},{"not_picked":["hermit:ItchyTrigger","hermit:Snipe+1"],"picked":"hermit:Misfire","floor":27},{"not_picked":["hermit:Quickdraw","hermit:Misfire"],"picked":"hermit:BodyArmor+1","floor":28},{"not_picked":["hermit:BodyArmor+1","hermit:TakeCover+1"],"picked":"hermit:FlashPowder+1","floor":30},{"not_picked":["hermit:Manifest+1","hermit:BodyArmor+1"],"picked":"hermit:FullyLoaded+1","floor":31}],"player_experience":164933,"relics_obtained":[{"floor":2,"key":"Ring of Searing"},{"floor":2,"key":"ReplayTheSpireMod:Ring of Challenge"},{"floor":7,"key":"Lizard Tail"},{"floor":9,"key":"Toxic Egg 2"},{"floor":16,"key":"MealTicket"},{"floor":24,"key":"Bird Faced Urn"},{"floor":26,"key":"Quantum Egg"}],"event_choices":[{"cards_removed":["Voices"],"damage_healed":0,"gold_gain":0,"player_choice":"Offered Curse","damage_taken":0,"relics_obtained":["Spirit Poop"],"max_hp_gain":0,"max_hp_loss":0,"event_name":"Bonfire Elementals","floor":13,"gold_loss":0}],"is_beta":false,"boss_relics":[{"not_picked":["Runic Pyramid","hermit:DentedPlate"],"picked":"ChewingGum"}],"items_purged_floors":[],"is_endless":false,"potions_floor_spawned":[4,5,14,21,24,27,31],"killed_by":"Champ","ascension_level":0}}