{"host":"15f3wpiimhe5yrng","time":1613125236,"event":{"mods":["BaseMod","Better Altar","Better Match","Better Note","Better Sensory Stone","Better Skull","Better Third Choice","BetterRewards","Bossed Relics","Colored Map","Downfall","GifTheSpireLib","Good Game Mod","Minty Spire (QoL Compilation)","Permanent Neow","Spire Arcade","StSLib","The Disciple","The Marked","The Servant 0.9.4"],"gold_per_floor":[110,85,85,96,46,77,77,110,110,126,126,126,142,174,174,276,276,291,291,311,311,329,358,369,294,294,294,324,337,357,382,382,485,485,496,541,554,565,581,606,606,641,641,641,641],"floor_reached":44,"language":"ENG","playtime":3607,"items_purged":["theMarked:Strike"],"score":759,"play_id":"93195c75-7c11-4f75-a79f-260914745550","local_time":"20210212112036","is_ascension_mode":true,"campfire_choices":[{"data":"theMarked:StartUp","floor":7,"key":"SMITH"},{"data":"theMarked:WardOff","floor":15,"key":"SMITH"},{"data":"theMarked:Heritage","floor":27,"key":"SMITH"},{"data":"theMarked:StartUp","floor":32,"key":"SMITH"}],"circlet_count":0,"master_deck":["theMarked:Defend","theMarked:Defend","theMarked:Defend","theMarked:SoldierOfQuellstein","Guardian:AncientConstruct","theMarked:ContemptForTheProud","theMarked:WardOff+1","theMarked:BanishingStrike+1","theMarked:BanishingStrike+1","theMarked:BanishingStrike","theMarked:AttractMetal","theMarked:StartUp+1","theMarked:TakeCover","theMarked:WardOff+1","theMarked:Heritage+1","theMarked:Determination","theMarked:Memento","theMarked:StartUp+1","theMarked:Defy+1","theMarked:Seal","theMarked:WardOff"],"relics":["theMarked:ArtifactOfAir","REME:ComplimentaryCards","Incense Burner","Sling","Turnip","Omamori","Bottled Flame","Pantograph","Calling Bell","Happy Flower","Question Card","Prayer Wheel","Vajra","Lantern","Whetstone","HornCleat","Coffee Dripper","Gambling Chip","Smiling Mask","theMarked:Gun"],"acts_visited":["Exordium","TheCity","TheBeyond"],"potions_floor_usage":[20,40,40],"damage_taken":[{"damage":1,"enemies":"Jaw Worm","floor":1,"turns":4},{"damage":0,"enemies":"Small Slimes","floor":4,"turns":3},{"damage":22,"enemies":"Gremlin Nob","floor":6,"turns":4},{"damage":1,"enemies":"Lagavulin","floor":8,"turns":5},{"damage":0,"enemies":"2 Louse","floor":10,"turns":3},{"damage":0,"enemies":"Large Slime","floor":13,"turns":3},{"damage":4,"enemies":"3 Sentries","floor":14,"turns":7},{"damage":6,"enemies":"The Guardian","floor":16,"turns":11},{"damage":2,"enemies":"Shell Parasite","floor":18,"turns":5},{"damage":1,"enemies":"2 Thieves","floor":20,"turns":4},{"damage":15,"enemies":"Chosen and Byrds","floor":22,"turns":7},{"damage":20,"enemies":"Slavers","floor":23,"turns":10},{"damage":10,"enemies":"Snake Plant","floor":24,"turns":3},{"damage":9,"enemies":"Book of Stabbing","floor":28,"turns":5},{"damage":4,"enemies":"Shelled Parasite and Fungi","floor":29,"turns":5},{"damage":2,"enemies":"Sentry and Sphere","floor":30,"turns":6},{"damage":0,"enemies":"Gremlin Leader","floor":31,"turns":5},{"damage":9,"enemies":"Champ","floor":33,"turns":12},{"damage":2,"enemies":"3 Shapes","floor":35,"turns":4},{"damage":48,"enemies":"2 Orb Walkers","floor":36,"turns":6},{"damage":8,"enemies":"3 Darklings","floor":37,"turns":5},{"damage":0,"enemies":"Maw","floor":38,"turns":7},{"damage":0,"enemies":"Spire Growth","floor":39,"turns":4},{"damage":19,"enemies":"Reptomancer","floor":40,"turns":7},{"damage":2,"enemies":"Nemesis","floor":42,"turns":5},{"damage":17,"enemies":"Reptomancer","floor":44,"turns":2}],"seed_played":"5895953495390222358","potions_obtained":[{"floor":1,"key":"champ:CounterPotion"},{"floor":6,"key":"Fire Potion"},{"floor":10,"key":"Strength Potion"},{"floor":22,"key":"GamblersBrew"},{"floor":37,"key":"Regen Potion"}],"is_trial":false,"path_per_floor":["M","$","?","M","?","E","R","E","T","M","?","?","M","E","R","B",null,"M","?","M","?","M","E","M","?","T","R","E","M","M","E","R","B",null,"M","?","M","M","M","E","?","E","T","E"],"character_chosen":"THE_DEFAULT","items_purchased":["Sling","theMarked:WardOff","theMarked:BanishingStrike","theMarked:BanishingStrike"],"campfire_rested":0,"item_purchase_floors":[0,0,0,2],"current_hp_per_floor":[48,48,53,53,53,31,31,30,30,30,30,30,30,26,26,45,75,73,73,72,72,57,37,27,27,27,27,18,14,12,12,12,28,75,73,25,17,17,17,13,13,11,11,0,0],"gold":641,"neow_bonus":"","is_daily":false,"chose_seed":false,"campfire_upgraded":4,"win_rate":0.0,"timestamp":1613125236,"path_taken":["M","$","?","M","?","E","R","E","T","M","?","?","M","E","R","BOSS","M","?","M","?","M","E","M","?","T","R","E","M","M","E","R","BOSS","M","?","M","M","M","E","?","E","T","E"],"items_purchased_type":["Relic","Card","Card","Card"],"build_version":"2020-12-22","purchased_purges":1,"victory":false,"max_hp_per_floor":[70,70,75,75,75,75,75,75,75,75,75,75,75,75,75,75,75,75,75,75,75,75,75,75,75,75,75,75,75,75,75,75,75,75,75,75,75,75,75,75,75,75,75,75,75],"card_choices":[{"not_picked":["theMarked:Memento","theMarked:MysticalArsenal"],"picked":"theMarked:BanishingStrike","floor":1},{"not_picked":["theMarked:EmpowerWeapon","theMarked:Frustration"],"picked":"theMarked:AttractMetal","floor":4},{"not_picked":["theMarked:Convert","theMarked:Friction"],"picked":"theMarked:StartUp","floor":6},{"not_picked":["theMarked:UnarmedFury","theMarked:Improvise","theMarked:ChainLightning"],"picked":"SKIP","floor":8},{"not_picked":["theMarked:BanishingStrike","theMarked:ElectricStrings","theMarked:TheMission"],"picked":"SKIP","floor":10},{"not_picked":["theMarked:Friction","theMarked:Electrocute","theMarked:WastefulAttack"],"picked":"SKIP","floor":13},{"not_picked":["theMarked:Snap","theMarked:BanishingStrike"],"picked":"theMarked:TakeCover","floor":14},{"not_picked":["theMarked:ShockingTouch","theMarked:RepellingDischarge+1","theMarked:TakeCover"],"picked":"theMarked:WardOff+1","floor":18},{"not_picked":["theMarked:EmpowerWeapon","theMarked:WardOff","theMarked:HeightenedSenses+1"],"picked":"theMarked:Heritage","floor":18},{"not_picked":["theMarked:HeightenedSenses","theMarked:MysticalArsenal","theMarked:GodGivenPower"],"picked":"theMarked:Determination","floor":20},{"not_picked":["theMarked:ElectricStrings","theMarked:ChainLightning","theMarked:SwordAndMagic","theMarked:BindingBlade"],"picked":"SKIP","floor":20},{"not_picked":["theMarked:Parkour","theMarked:RepellingDischarge","theMarked:ChainLightning"],"picked":"theMarked:Memento","floor":22},{"not_picked":["theMarked:TakeCover","theMarked:GodGivenPower","theMarked:OneWithTheBlade+1","theMarked:ChainLightning"],"picked":"SKIP","floor":22},{"not_picked":["theMarked:Frustration","theMarked:EternalStudent","theMarked:Aftermath+1"],"picked":"theMarked:StartUp","floor":23},{"not_picked":["theMarked:SelfDefenseTraining+1","theMarked:TwofoldDefense+1","theMarked:KeepCalmAndFight","theMarked:ChannelForce"],"picked":"SKIP","floor":24},{"not_picked":["theMarked:ResourceFulStrike","theMarked:RepellingDischarge","theMarked:ShockingTouch+1","theMarked:PowerFlow"],"picked":"SKIP","floor":24},{"not_picked":["theMarked:EternalStudent+1","theMarked:Challenge+1","theMarked:ThrowWeapon+1"],"picked":"theMarked:Defy+1","floor":25},{"not_picked":["theMarked:TwofoldDefense","theMarked:Maelstrom","theMarked:SwordAndMagic","theMarked:EmpowerWeapon+1"],"picked":"SKIP","floor":28},{"not_picked":["theMarked:TwofoldDefense","theMarked:StartUp","theMarked:RepellingDischarge","theMarked:AttractMetal"],"picked":"SKIP","floor":29},{"not_picked":["theMarked:CreepingChasm+1","theMarked:HeightenedSenses+1","theMarked:ShockingTouch+1","theMarked:ParalyzingBlade+1"],"picked":"SKIP","floor":29},{"not_picked":["theMarked:AttractMetal","theMarked:Challenge","theMarked:BanishingStrike"],"picked":"theMarked:Seal","floor":30},{"not_picked":["theMarked:ElectricStrings","theMarked:ContemptForTheProud+1","theMarked:WastefulAttack","theMarked:Memento"],"picked":"SKIP","floor":30},{"not_picked":["theMarked:SuspiciousRaven","theMarked:BanishingStrike","theMarked:KeepCalmAndFight","theMarked:ResourceFulStrike"],"picked":"SKIP","floor":31},{"not_picked":["theMarked:Parkour+1","theMarked:StartUp+1","theMarked:MuscleMemory"],"picked":"theMarked:WardOff","floor":35},{"not_picked":["theMarked:SwordAndMagic","theMarked:BanishingWave+1","theMarked:HeightenedSenses+1","theMarked:EmpowerWeapon+1"],"picked":"SKIP","floor":35},{"not_picked":["theMarked:Determination","theMarked:Polarize+1","theMarked:SelfDefenseTraining","theMarked:RepellingDischarge+1"],"picked":"SKIP","floor":37},{"not_picked":["theMarked:Improvise+1","theMarked:Overcharge","theMarked:RepellingDischarge","theMarked:ElectricStrings+1"],"picked":"SKIP","floor":37},{"not_picked":["theMarked:ElectricStrings","theMarked:LightningStrikesTwice","theMarked:BanishingStrike","theMarked:WastefulAttack"],"picked":"SKIP","floor":38},{"not_picked":["theMarked:SwordAndMagic+1","theMarked:ContemptForTheProud","theMarked:Snap","theMarked:EmpowerWeapon+1"],"picked":"SKIP","floor":38},{"not_picked":["theMarked:SelfDefenseTraining","theMarked:Seal","theMarked:Parkour+1","theMarked:BanishingStrike"],"picked":"SKIP","floor":39},{"not_picked":["theMarked:SwordAndMagic+1","theMarked:Aftermath+1","theMarked:Frustration","theMarked:ElectricStrings"],"picked":"SKIP","floor":39},{"not_picked":["theMarked:ChannelForce","theMarked:Electrocute+1","theMarked:TakeCover","theMarked:StartUp+1"],"picked":"SKIP","floor":40},{"not_picked":["theMarked:Panic","theMarked:ChainLightning+1","theMarked:HeightenedSenses","theMarked:Vacuum"],"picked":"SKIP","floor":42}],"player_experience":142120,"relics_obtained":[{"floor":6,"key":"Turnip"},{"floor":8,"key":"Omamori"},{"floor":9,"key":"Bottled Flame"},{"floor":14,"key":"Pantograph"},{"floor":17,"key":"Happy Flower"},{"floor":17,"key":"Question Card"},{"floor":17,"key":"Prayer Wheel"},{"floor":23,"key":"Vajra"},{"floor":26,"key":"Lantern"},{"floor":28,"key":"Whetstone"},{"floor":31,"key":"HornCleat"},{"floor":36,"key":"Gambling Chip"},{"floor":40,"key":"Smiling Mask"},{"floor":42,"key":"theMarked:Gun"}],"event_choices":[{"damage_healed":0,"gold_gain":0,"player_choice":"Donut","damage_taken":0,"max_hp_gain":5,"max_hp_loss":0,"event_name":"Big Fish","floor":3,"gold_loss":0},{"cards_removed":["theMarked:Strike"],"damage_healed":0,"gold_gain":0,"player_choice":"Card Removal","damage_taken":0,"max_hp_gain":0,"max_hp_loss":0,"event_name":"The Cleric","floor":5,"gold_loss":50},{"damage_healed":0,"gold_gain":0,"player_choice":"Ignored","damage_taken":126,"max_hp_gain":0,"max_hp_loss":0,"event_name":"betterThird:BetterSerpent","floor":11,"gold_loss":0},{"cards_removed":["theMarked:Strike"],"damage_healed":0,"gold_gain":0,"player_choice":"Forget","damage_taken":0,"max_hp_gain":0,"max_hp_loss":0,"event_name":"Living Wall","floor":12,"gold_loss":0},{"cards_removed":["theMarked:Strike"],"damage_healed":0,"gold_gain":0,"player_choice":"Offered Basic","damage_taken":0,"max_hp_gain":0,"max_hp_loss":0,"event_name":"Bonfire Elementals","floor":19,"gold_loss":0},{"cards_removed":["theMarked:Defend"],"damage_healed":0,"gold_gain":0,"player_choice":"Purged","damage_taken":0,"max_hp_gain":0,"max_hp_loss":0,"event_name":"Purifier","floor":21,"gold_loss":0},{"damage_healed":0,"gold_gain":0,"player_choice":"2","damage_taken":0,"max_hp_gain":0,"max_hp_loss":0,"event_name":"betterMatch:BetterMatch","floor":25,"gold_loss":0,"cards_obtained":["betterMatch:RareCard"]},{"damage_healed":0,"gold_gain":0,"player_choice":"Fight","damage_taken":0,"max_hp_gain":0,"max_hp_loss":0,"event_name":"Mysterious Sphere","floor":36,"gold_loss":0},{"damage_healed":0,"gold_gain":0,"player_choice":"Ignored","damage_taken":0,"max_hp_gain":0,"max_hp_loss":0,"event_name":"Tomb of Lord Red Mask","floor":41,"gold_loss":0}],"is_beta":false,"boss_relics":[{"not_picked":["Velvet Choker","Tiny House"],"picked":"Calling Bell"},{"not_picked":["Sozu","bronze:MakeshiftBattery"],"picked":"Coffee Dripper"}],"items_purged_floors":[0],"is_endless":false,"potions_floor_spawned":[1,6,10,22,23,28,33,36,37,39],"killed_by":"Reptomancer","ascension_level":1}}