{"host":"k919bq8mkuzdqhzi","time":1613170629,"event":{"mods":["AchievementEnabler","BaseMod","Colored Map","Colored Powertips","DeckTracker","Minty Spire (QoL Compilation)","Relic Sorter","SuperFastMode"],"gold_per_floor":[116,129,146,146,164,164,175,175,175,206,14,26,26,37,37,138,138,156,168,184,184,197,197,208,208,278,58,71,30,62,78,78,174,174,194,194,211,264,282,282,26,46,71,71,81,81,93,108,108,108],"floor_reached":51,"language":"ENG","playtime":2891,"items_purged":["Normality","Strike_B"],"score":757,"play_id":"a10321aa-2ddb-422f-9bdc-874c5e5b1cb4","local_time":"20210212175709","is_ascension_mode":false,"campfire_choices":[{"data":"Zap","floor":6.0,"key":"SMITH"},{"data":"Dualcast","floor":8.0,"key":"SMITH"},{"data":"Apotheosis","floor":13.0,"key":"SMITH"},{"data":"Go for the Eyes","floor":15.0,"key":"SMITH"},{"data":"Self Repair","floor":23,"key":"SMITH"},{"data":"Glacier","floor":25,"key":"SMITH"},{"data":"Double Energy","floor":32,"key":"SMITH"},{"floor":40,"key":"REST"},{"data":"Consume","floor":44,"key":"SMITH"},{"data":"Capacitor","floor":46,"key":"SMITH"},{"data":"Echo Form","floor":49,"key":"SMITH"}],"circlet_count":0,"master_deck":["Strike_B","Strike_B","Strike_B","Defend_B","Defend_B","Defend_B","Defend_B","Zap+1","Dualcast+1","Self Repair+1","Streamline","Ball Lightning","Steam","Cold Snap","Go for the Eyes+1","Apotheosis+1","Stack","Leap","Electrodynamics","Lockon+1","Hologram+1","Thunder Strike","Conserve Battery","Glacier+1","Compile Driver+1","Double Energy+1","Chill+1","Echo Form+1","Beam Cell+1","BootSequence+1","Capacitor+1","Consume+1","Writhe","Defragment+1"],"relics":["Cracked Core","Du-Vu Doll","CaptainsWheel","Cursed Key","MutagenicStrength","Bottled Lightning","Anchor","Red Mask","Philosopher\u0027s Stone","Unceasing Top","Vajra"],"acts_visited":["Exordium","TheCity","TheBeyond"],"potions_floor_usage":[33,33,38,50,50,50],"damage_taken":[{"damage":6.0,"enemies":"Cultist","floor":1.0,"turns":3.0},{"damage":6.0,"enemies":"Jaw Worm","floor":2.0,"turns":4.0},{"damage":4.0,"enemies":"2 Louse","floor":3.0,"turns":3.0},{"damage":16.0,"enemies":"Blue Slaver","floor":5.0,"turns":5.0},{"damage":2.0,"enemies":"3 Louse","floor":7.0,"turns":3.0},{"damage":0.0,"enemies":"Gremlin Nob","floor":10.0,"turns":2.0},{"damage":6.0,"enemies":"Exordium Wildlife","floor":12.0,"turns":3.0},{"damage":0.0,"enemies":"Gremlin Gang","floor":14.0,"turns":4.0},{"damage":16.0,"enemies":"Hexaghost","floor":16.0,"turns":9.0},{"damage":17.0,"enemies":"2 Thieves","floor":18.0,"turns":3.0},{"damage":10,"enemies":"Shell Parasite","floor":19,"turns":2},{"damage":10,"enemies":"Sentry and Sphere","floor":20,"turns":6},{"damage":21,"enemies":"Snecko","floor":22,"turns":5},{"damage":9,"enemies":"Centurion and Healer","floor":24,"turns":6},{"damage":4,"enemies":"3 Cultists","floor":28,"turns":3},{"damage":0,"enemies":"Masked Bandits","floor":30,"turns":3},{"damage":0,"enemies":"Sentry and Sphere","floor":31,"turns":4},{"damage":38,"enemies":"Automaton","floor":33,"turns":12},{"damage":0,"enemies":"Orb Walker","floor":35,"turns":3},{"damage":9,"enemies":"3 Shapes","floor":37,"turns":5},{"damage":39,"enemies":"2 Orb Walkers","floor":38,"turns":6},{"damage":31,"enemies":"Maw","floor":39,"turns":9},{"damage":2,"enemies":"4 Shapes","floor":42,"turns":5},{"damage":2,"enemies":"Transient","floor":45,"turns":5},{"damage":0,"enemies":"Spire Growth","floor":47,"turns":5},{"damage":0,"enemies":"Jaw Worm Horde","floor":48,"turns":5},{"damage":18,"enemies":"Time Eater","floor":50,"turns":9}],"seed_played":"415065402475933397","potions_obtained":[{"floor":1.0,"key":"Fire Potion"},{"floor":3.0,"key":"GamblersBrew"},{"floor":4.0,"key":"Fruit Juice"},{"floor":4.0,"key":"EssenceOfDarkness"},{"floor":4.0,"key":"EssenceOfSteel"},{"floor":14.0,"key":"SpeedPotion"},{"floor":28,"key":"GamblersBrew"},{"floor":30,"key":"AttackPotion"},{"floor":31,"key":"DuplicationPotion"},{"floor":33,"key":"Fruit Juice"},{"floor":38,"key":"LiquidMemories"},{"floor":39,"key":"EssenceOfDarkness"},{"floor":48,"key":"PotionOfCapacity"}],"is_trial":false,"path_per_floor":["M","M","M","?","M","R","M","R","T","E","$","M","R","M","R","B",null,"M","M","M","?","M","R","M","R","T","$","M","$","?","M","R","B",null,"M","?","M","?","M","R","$","M","T","R","M","R","M","M","R","B",null],"character_chosen":"DEFECT","items_purchased":["Apotheosis","Anchor","Double Energy","Capacitor","Consume"],"campfire_rested":1,"item_purchase_floors":[11,27,29,41,41],"current_hp_per_floor":[76,77,80,85,76,76,81,81,81,81,81,75,75,85,85,79,87,80,70,70,70,59,59,60,60,60,60,56,56,66,76,76,53,92,92,87,87,58,37,63,63,61,61,61,59,59,69,79,79,61],"gold":108,"neow_bonus":"TEN_PERCENT_HP_BONUS","is_daily":false,"chose_seed":false,"campfire_upgraded":10,"win_rate":0.0,"timestamp":1613170629,"path_taken":["M","M","?","?","?","R","M","R","T","E","$","M","R","M","R","BOSS","M","?","M","?","M","R","M","R","T","$","M","$","?","M","R","BOSS","M","?","M","?","M","R","$","M","T","R","M","R","M","M","R","BOSS"],"items_purchased_type":["Card","Relic","Card","Card","Card"],"build_version":"2020-12-22","purchased_purges":2,"victory":true,"max_hp_per_floor":[82,82,82,87,87,87,87,87,87,87,87,87,87,87,87,87,87,87,87,87,87,87,87,87,87,87,87,87,87,87,87,87,92,92,92,87,87,87,87,87,87,87,87,87,87,87,87,87,87,87],"card_choices":[{"not_picked":["Static Discharge","Steam"],"picked":"Self Repair","floor":1.0},{"not_picked":["Recycle","Static Discharge"],"picked":"Streamline","floor":2.0},{"not_picked":["Force Field","Hello World"],"picked":"Ball Lightning","floor":3.0},{"not_picked":["Aggregate","Ball Lightning"],"picked":"Steam","floor":5.0},{"not_picked":["Seek","Sunder"],"picked":"Cold Snap","floor":7.0},{"not_picked":["Lockon","Barrage"],"picked":"Go for the Eyes","floor":10.0},{"not_picked":["Doom and Gloom","Rebound"],"picked":"Stack","floor":12.0},{"not_picked":["Sweeping Beam","Barrage"],"picked":"Leap","floor":14.0},{"not_picked":["Thunder Strike","Creative AI"],"picked":"Electrodynamics","floor":16.0},{"not_picked":["Hologram","Streamline"],"picked":"Lockon+1","floor":18.0},{"not_picked":["Sweeping Beam","Turbo"],"picked":"Hologram+1","floor":19},{"not_picked":["Streamline+1","Turbo+1"],"picked":"Thunder Strike","floor":20},{"not_picked":["Force Field+1","Streamline+1"],"picked":"Conserve Battery","floor":22},{"not_picked":["Ball Lightning+1","Rebound"],"picked":"Glacier","floor":24},{"not_picked":["Steam","Gash"],"picked":"Compile Driver+1","floor":28},{"not_picked":["Chaos+1","Sunder"],"picked":"Chill+1","floor":31},{"not_picked":["Electrodynamics","Hyperbeam"],"picked":"Echo Form","floor":33},{"not_picked":["Consume","Recycle","Gash"],"picked":"SKIP","floor":35},{"not_picked":["Compile Driver","Hologram+1"],"picked":"Beam Cell+1","floor":37},{"not_picked":["Steam+1","Sweeping Beam+1"],"picked":"BootSequence+1","floor":38},{"not_picked":["Static Discharge+1","Conserve Battery+1","Hologram+1"],"picked":"SKIP","floor":39},{"not_picked":["Scrape","Leap","Fusion"],"picked":"SKIP","floor":42},{"not_picked":["Redo","Electrodynamics"],"picked":"Defragment+1","floor":45},{"not_picked":["Streamline+1","Rebound+1","Barrage"],"picked":"SKIP","floor":47},{"not_picked":["Ball Lightning","Darkness","Steam"],"picked":"SKIP","floor":48}],"player_experience":139364,"relics_obtained":[{"floor":9.0,"key":"Du-Vu Doll"},{"floor":10.0,"key":"CaptainsWheel"},{"floor":26,"key":"Bottled Lightning"},{"floor":30,"key":"Red Mask"},{"floor":38,"key":"Unceasing Top"},{"floor":43,"key":"Vajra"}],"event_choices":[{"damage_healed":0.0,"max_hp_gain":0.0,"max_hp_loss":0.0,"gold_gain":0.0,"event_name":"Lab","player_choice":"Got Potions","floor":4.0,"gold_loss":0.0,"damage_taken":0.0},{"damage_healed":0,"gold_gain":0,"player_choice":"Inject Mutagens","damage_taken":0,"relics_obtained":["MutagenicStrength"],"max_hp_gain":0,"max_hp_loss":0,"event_name":"Drug Dealer","floor":21,"gold_loss":0},{"damage_healed":0,"gold_gain":0,"player_choice":"Fought Bandits","damage_taken":0,"max_hp_gain":0,"max_hp_loss":0,"event_name":"Masked Bandits","floor":30,"gold_loss":0},{"damage_healed":0,"gold_gain":0,"player_choice":"Max HP","damage_taken":0,"max_hp_gain":0,"max_hp_loss":5,"event_name":"Winding Halls","floor":36,"gold_loss":0},{"damage_healed":0,"gold_gain":0,"player_choice":"Fight","damage_taken":0,"max_hp_gain":0,"max_hp_loss":0,"event_name":"Mysterious Sphere","floor":38,"gold_loss":0}],"is_beta":false,"boss_relics":[{"not_picked":["Tiny House","SacredBark"],"picked":"Cursed Key"},{"not_picked":["Runic Pyramid","Empty Cage"],"picked":"Philosopher\u0027s Stone"}],"items_purged_floors":[27,41],"is_endless":false,"potions_floor_spawned":[1,3,5,7,14,28,30,31,33,38,39,45,48],"ascension_level":0}}