{"host":"qq27suot6m8koe0b","time":1613126249,"event":{"mods":["Act Like it!","BaseMod","CapriCore","Downfall","GifTheSpireLib","Minty Spire (QoL Compilation)","StSLib"],"gold_per_floor":[99,118,138,157,1,35,89,99,99,128,142,160,60,78,96,192,192,92,102,102,136,152,186,186,197,182,208,222,222,122,122,139,239,239,239,250,266,266,281,295,295,295,295,295],"floor_reached":42,"language":"ZHS","playtime":2793,"items_purged":[],"score":469,"play_id":"d7b627bd-1529-443d-bc17-fc6ffa431a28","local_time":"20210212183729","is_ascension_mode":false,"campfire_choices":[{"data":"Slimebound:Split","floor":1,"key":"SMITH"},{"floor":13,"key":"RECALL"},{"data":"Slimebound:OozeBath","floor":18,"key":"SMITH"},{"floor":30,"key":"REST"},{"data":"Slimebound:GoopSpray","floor":35,"key":"SMITH"}],"circlet_count":0,"master_deck":["Slimebound:Tackle","Slimebound:Defend_Slimebound","Slimebound:Defend_Slimebound","Slimebound:Defend_Slimebound","Slimebound:Defend_Slimebound","Slimebound:Split+1","Slimebound:CorrosiveSpit","Slimebound:Equalize","Slimebound:LeechingTouch","Slimebound:SplitSpecialist","Slimebound:GrowthPunch","Slimebound:OozeBath+1","Slimebound:SplitSpecialist","Slimebound:ProtectTheBoss","Slimebound:PressTheAttack","Slimebound:HungryTackle","Slimebound:Recollect","Slimebound:Schlurp","Slimebound:Darklings","Slimebound:PressTheAttack+1","Slimebound:GoopSpray+1","Slimebound:Recollect","Slimebound:WasteNot+1","Slimebound:SelfFormingGoo+1","Slimebound:SpikyOuterGoop+1","Slimebound:Repurpose+1","Slimebound:Tackle+1","Slimebound:Tackle+1","Slimebound:Tackle+1","Slimebound:SlimeSpikes+1","expansioncontent:InvincibleStrength+1"],"relics":["Slimebound:AbsorbEndCombat","Blood Vial","Odd Mushroom","downfall:HeartBlessingGreen","SlaversCollar","downfall:HeartBlessingBlue","Red Mask","Toxic Egg 2","Frozen Egg 2","Potion Belt","MutagenicStrength","downfall:HeartBlessingRed","StrikeDummy"],"acts_visited":["Exordium","TheCity","TheBeyond"],"potions_floor_usage":[10,10,21,23,23,28,39,40,42,42,42],"damage_taken":[{"damage":8,"enemies":"Jaw Worm","floor":2,"turns":4},{"damage":4,"enemies":"2 Louse","floor":3,"turns":3},{"damage":0,"enemies":"Small Slimes","floor":4,"turns":3},{"damage":11,"enemies":"downfall:FleeingMerchant","floor":5,"turns":4},{"damage":36,"enemies":"3 Sentries","floor":6,"turns":8},{"damage":8,"enemies":"3 Louse","floor":8,"turns":4},{"damage":8,"enemies":"The Mushroom Lair","floor":10,"turns":4},{"damage":0,"enemies":"Large Slime","floor":11,"turns":5},{"damage":16,"enemies":"2 Fungi Beasts","floor":12,"turns":4},{"damage":9,"enemies":"3 Louse","floor":14,"turns":4},{"damage":10,"enemies":"Exordium Thugs","floor":15,"turns":4},{"damage":17,"enemies":"IC_STATUS_ARCHETYPE","floor":16,"turns":7},{"damage":10,"enemies":"Spheric Guardian","floor":19,"turns":4},{"damage":44,"enemies":"Masked Bandits","floor":21,"turns":5},{"damage":20,"enemies":"Shell Parasite","floor":22,"turns":4},{"damage":31,"enemies":"Gremlin Leader","floor":23,"turns":6},{"damage":8,"enemies":"Centurion and Healer","floor":25,"turns":6},{"damage":4,"enemies":"downfall:FleeingMerchant","floor":26,"turns":4},{"damage":46,"enemies":"Book of Stabbing","floor":27,"turns":7},{"damage":32,"enemies":"Chosen and Byrds","floor":28,"turns":7},{"damage":28,"enemies":"Cultist and Chosen","floor":32,"turns":8},{"damage":15,"enemies":"SI_MIRROR_ARCHETYPE","floor":33,"turns":10},{"damage":66,"enemies":"3 Darklings","floor":36,"turns":7},{"damage":0,"enemies":"3 Shapes","floor":37,"turns":6},{"damage":27,"enemies":"Spire Growth","floor":39,"turns":7},{"damage":25,"enemies":"Transient","floor":40,"turns":5},{"damage":43,"enemies":"2 Orb Walkers","floor":42,"turns":3}],"seed_played":"-2349836076010054968","potions_obtained":[{"floor":4,"key":"Fire Potion"},{"floor":6,"key":"LiquidBronze"},{"floor":8,"key":"Explosive Potion"},{"floor":10,"key":"Swift Potion"},{"floor":14,"key":"Guardian:BlockOnCardUsePotion"},{"floor":22,"key":"Guardian:BlockOnCardUsePotion"},{"floor":23,"key":"Fruit Juice"},{"floor":27,"key":"Energy Potion"},{"floor":28,"key":"Slimebound:SpawnSlimePotion"},{"floor":36,"key":"Fire Potion"},{"floor":40,"key":"Regen Potion"}],"is_trial":false,"path_per_floor":["R","M","M","M","$","E","T","M","?","?","M","M","R","M","M","B",null,"R","M","?","?","M","E","T","M","$","E","M","?","R","?","M","B",null,"R","M","M","?","M","M","T","?"],"character_chosen":"SLIMEBOUND","items_purchased":["Slimebound:OozeBath"],"campfire_rested":1,"item_purchase_floors":[5],"current_hp_per_floor":[71,66,68,71,68,44,44,48,48,52,62,58,58,57,63,62,71,81,81,81,43,41,29,29,39,47,15,1,1,26,26,16,15,86,86,28,36,36,25,4,4,0,0,0],"gold":295,"neow_bonus":"TEN_PERCENT_HP_BONUS","is_daily":false,"chose_seed":false,"campfire_upgraded":3,"win_rate":0.0,"timestamp":1613126249,"path_taken":["R","M","M","M","$","E","T","M","?","?","M","M","R","M","M","BOSS","R","M","?","?","M","E","T","M","$","E","M","?","R","?","M","BOSS","R","M","M","?","M","M","T","?"],"items_purchased_type":["Card"],"build_version":"2020-12-22","purchased_purges":0,"victory":false,"max_hp_per_floor":[71,71,71,71,71,71,71,71,71,71,71,71,71,71,71,71,71,81,81,81,81,81,86,86,86,86,86,86,86,86,86,86,86,86,86,86,86,86,86,86,86,86,86,86],"card_choices":[{"not_picked":["Slimebound:ComboTackle","Slimebound:HauntingLick"],"picked":"Slimebound:Equalize","floor":2},{"not_picked":["Slimebound:Replication","Slimebound:SpikyOuterGoop"],"picked":"Slimebound:LeechingTouch","floor":3},{"not_picked":["Slimebound:HauntingLick","Slimebound:SplitAcid"],"picked":"Slimebound:SplitSpecialist","floor":4},{"not_picked":["Slimebound:LeechingTouch","Slimebound:SplitAcid"],"picked":"Slimebound:GrowthPunch","floor":5},{"not_picked":["Slimebound:ServeAndProtect","Slimebound:SplitBruiser"],"picked":"Slimebound:SplitSpecialist","floor":6},{"not_picked":["Slimebound:FinishingTackle","Slimebound:ComboTackle","Slimebound:RollThrough"],"picked":"SKIP","floor":8},{"not_picked":["Slimebound:RollThrough","Slimebound:ComboTackle"],"picked":"Slimebound:PressTheAttack","floor":10},{"not_picked":["Slimebound:ComboTackle","Slimebound:Prepare","Slimebound:ForwardTackle"],"picked":"SKIP","floor":11},{"not_picked":["Slimebound:GrowthPunch","Slimebound:Overexert"],"picked":"Slimebound:HungryTackle","floor":12},{"not_picked":["Slimebound:GrowthPunch","Slimebound:SplitMire"],"picked":"Slimebound:Recollect","floor":14},{"not_picked":["Slimebound:PressTheAttack","Slimebound:TongueLash"],"picked":"Slimebound:Schlurp","floor":15},{"not_picked":["Slimebound:FirmFortitude","Slimebound:OozeBath"],"picked":"Slimebound:Darklings","floor":16},{"not_picked":["Slimebound:ComboTackle","Slimebound:SplitLeeching+1"],"picked":"Slimebound:PressTheAttack+1","floor":19},{"not_picked":["Slimebound:HungryTackle+1","Slimebound:Schlurp"],"picked":"Slimebound:Recollect","floor":22},{"not_picked":["Slimebound:ForwardTackle+1","Slimebound:Gluttony+1"],"picked":"Slimebound:WasteNot+1","floor":23},{"not_picked":["Slimebound:ForwardTackle","Slimebound:LivingWall+1","Slimebound:SplitBruiser+1"],"picked":"SKIP","floor":25},{"not_picked":["Slimebound:FlameTackle","Slimebound:SplitSpecialist+1"],"picked":"Slimebound:SelfFormingGoo+1","floor":26},{"not_picked":["Slimebound:LeechEnergy","Slimebound:ItLooksTasty+1"],"picked":"Slimebound:SpikyOuterGoop+1","floor":27},{"not_picked":["Slimebound:LeechEnergy","Slimebound:BestDefense+1"],"picked":"Slimebound:Repurpose+1","floor":28},{"not_picked":["Slimebound:ComboTackle","Slimebound:SplitMire+1","Slimebound:PressTheAttack"],"picked":"SKIP","floor":32},{"not_picked":["Slimebound:SamplingLick+1","Slimebound:RollThrough+1"],"picked":"Slimebound:SlimeSpikes+1","floor":36},{"not_picked":["Slimebound:SlimeSpikes+1","Slimebound:FinishingTackle","Slimebound:PressTheAttack"],"picked":"SKIP","floor":37},{"not_picked":["expansioncontent:LastStand","expansioncontent:YouAreMine"],"picked":"expansioncontent:InvincibleStrength","floor":38},{"not_picked":["Slimebound:SplitSpecialist+1","Slimebound:ForwardTackle","Slimebound:SplitLeeching+1"],"picked":"SKIP","floor":39},{"not_picked":["Slimebound:RejuvenatingLick+1","Slimebound:Schlurp+1","Slimebound:SplitBruiser+1"],"picked":"SKIP","floor":40}],"player_experience":377161,"relics_obtained":[{"floor":6,"key":"Blood Vial"},{"floor":10,"key":"Odd Mushroom"},{"floor":21,"key":"Red Mask"},{"floor":23,"key":"Toxic Egg 2"},{"floor":24,"key":"Frozen Egg 2"},{"floor":27,"key":"Potion Belt"},{"floor":41,"key":"StrikeDummy"}],"event_choices":[{"damage_healed":0,"gold_gain":0,"cards_transformed":["Slimebound:Strike_Slimebound"],"player_choice":"Change","damage_taken":0,"max_hp_gain":0,"max_hp_loss":0,"event_name":"Living Wall","floor":9,"gold_loss":0,"cards_obtained":["Slimebound:ProtectTheBoss"]},{"damage_healed":0,"gold_gain":0,"player_choice":"Fought Mushrooms","damage_taken":0,"max_hp_gain":0,"max_hp_loss":0,"event_name":"Mushrooms","floor":10,"gold_loss":0},{"damage_healed":0,"gold_gain":0,"player_choice":"Read","damage_taken":0,"max_hp_gain":0,"max_hp_loss":0,"event_name":"The Library","floor":20,"gold_loss":0,"cards_obtained":["Slimebound:GoopSpray"]},{"damage_healed":0,"gold_gain":0,"player_choice":"Fought Bandits","damage_taken":0,"max_hp_gain":0,"max_hp_loss":0,"event_name":"Masked Bandits","floor":21,"gold_loss":0},{"damage_healed":0,"gold_gain":0,"player_choice":"Inject Mutagens","damage_taken":0,"relics_obtained":["MutagenicStrength"],"max_hp_gain":0,"max_hp_loss":0,"event_name":"Drug Dealer","floor":29,"gold_loss":0},{"damage_healed":0,"gold_gain":0,"player_choice":"Fight","damage_taken":0,"max_hp_gain":0,"max_hp_loss":0,"event_name":"Mysterious Sphere","floor":42,"gold_loss":0}],"is_beta":false,"boss_relics":[{"not_picked":["Empty Cage","Sozu"],"picked":"SlaversCollar"},{"not_picked":["Runic Pyramid","Velvet Choker","Philosopher\u0027s Stone"]}],"items_purged_floors":[],"is_endless":false,"potions_floor_spawned":[4,6,8,10,14,16,22,23,27,28,36,40],"killed_by":"2 Orb Walkers","ascension_level":0}}