{"host":"3e3mwsgb9gfqiuxm","time":1613171448,"event":{"mods":["Act Like it!","BaseMod","Colored Map","Colored Powertips","Downfall","Gensokyo","Hermit","Hubris","Infinite Spire","Jorbs\u0027s Wanderer Trilogy","Koishi","Marisa????????","Minty Spire (QoL Compilation)","Quick Restart","Rare Cards Sparkle","Reimu??????","Remilia??????","Replay The Spire","Shop Mod","StSLib","SuperFastMode","Td1madao Mod","The Animator","The Bug Knight","The Cursed","The Hierophant","The Servant 0.9.4","everything is the same but u backflip on backflip","slay the spire mod where everything is the same but ironclad has a cowboy hat"],"gold_per_floor":[109,124,124,141,160,189,201,243,255,286,329,355,367,395,407,419,419],"floor_reached":16,"language":"ENG","playtime":539,"items_purged":[],"score":143,"play_id":"cbf42728-9d26-44e1-98c1-ea7ed633c3aa","local_time":"20210212181048","is_ascension_mode":true,"campfire_choices":[{"data":"Apotheosis","floor":7,"key":"SMITH"},{"floor":13,"key":"REST"},{"data":"ManaRampage","floor":15,"key":"SMITH"}],"circlet_count":0,"master_deck":["Strike_MRS","Strike_MRS","Strike_MRS","Strike_MRS","Defend_MRS","Defend_MRS","Defend_MRS","Defend_MRS","MasterSpark","UpSweep","Apotheosis+1","MagicChant","NonDirectionalLaser","Clumsy","DeepEcoloBomb","ShootingEcho","MachineGunSpark","ManaRampage+1","ShootingEcho","JA","MysteriousBeam","WitchOfGreed"],"relics":["MiniHakkero","Gensokyo:NagashiBinaDoll","MawBank","Sundial","hubris:DeckOfHolding","Mastiff:ReiMu"],"acts_visited":["Gensokyo:Gensokyo"],"potions_floor_usage":[6,11,12,16,16],"damage_taken":[{"damage":2.0,"enemies":"Gensokyo:Python","floor":1.0,"turns":3.0},{"damage":6.0,"enemies":"Gensokyo:Gryphon","floor":2.0,"turns":4.0},{"damage":7.0,"enemies":"Gensokyo:2_Kodama","floor":4.0,"turns":3.0},{"damage":3,"enemies":"Gensokyo:2_Rabbits","floor":5,"turns":3},{"damage":12,"enemies":"Gensokyo:Cirno","floor":6,"turns":6},{"damage":17,"enemies":"Gensokyo:Mamizou","floor":8,"turns":6},{"damage":0,"enemies":"Gensokyo:LivingMonolith","floor":10,"turns":3},{"damage":16,"enemies":"Gensokyo:Cirno","floor":11,"turns":5},{"damage":4,"enemies":"Gensokyo:Gryphon_and_Rabbit","floor":12,"turns":3},{"damage":12,"enemies":"Gensokyo:Python_and_Kodama","floor":14,"turns":3},{"damage":16,"enemies":"Gensokyo:Yukari","floor":16,"turns":3}],"seed_played":"3388941168996913017","potions_obtained":[{"floor":1.0,"key":"Fire Potion"},{"floor":4,"key":"LiquidBronze"},{"floor":10,"key":"sneckomod:MuddlingPotion"},{"floor":11,"key":"LiquidBronze"},{"floor":14,"key":"Elixir"}],"is_trial":false,"path_per_floor":["M","M","?","M","M","E","R","E","T","M","E","M","R","M","R","B"],"character_chosen":"MARISA","items_purchased":[],"campfire_rested":1,"item_purchase_floors":[],"current_hp_per_floor":[66,60,60,53,50,38,38,21,21,21,5,1,21,9,9,0,0],"gold":419,"neow_bonus":"RANDOM_COLORLESS_2","is_daily":false,"chose_seed":false,"campfire_upgraded":2,"win_rate":0.0,"timestamp":1613171448,"path_taken":["M","?","?","M","?","E","R","E","T","M","E","M","R","M","R","BOSS"],"items_purchased_type":[],"build_version":"2020-12-22","purchased_purges":0,"victory":false,"max_hp_per_floor":[68,68,68,68,68,68,68,68,68,68,68,68,68,68,68,68,68],"card_choices":[{"not_picked":["Secret Weapon","Master of Strategy"],"picked":"Apotheosis","floor":0.0},{"not_picked":["IllusionStar","ChargingUp"],"picked":"MagicChant","floor":1.0},{"not_picked":["SporeBomb","GalacticHalo"],"picked":"NonDirectionalLaser","floor":2.0},{"not_picked":["GravityBeat","AsteroidBelt"],"picked":"DeepEcoloBomb","floor":4},{"not_picked":["BlazeAway","GravityBeat"],"picked":"ShootingEcho","floor":5},{"not_picked":["StarBarrage","AlicesGift"],"picked":"MachineGunSpark","floor":6},{"not_picked":["IllusionStar","GravityBeat"],"picked":"ManaRampage","floor":8},{"not_picked":["PulseMagic","SporeBomb"],"picked":"ShootingEcho","floor":10},{"not_picked":["LuminesStrike","Occultation"],"picked":"JA","floor":11},{"not_picked":["MagicChant","Acceleration"],"picked":"MysteriousBeam","floor":12},{"not_picked":["PulseMagic","PowerUp"],"picked":"WitchOfGreed","floor":14}],"player_experience":1375183,"relics_obtained":[{"floor":6,"key":"MawBank"},{"floor":8,"key":"Sundial"},{"floor":9,"key":"hubris:DeckOfHolding"},{"floor":11,"key":"Mastiff:ReiMu"}],"event_choices":[],"is_beta":false,"boss_relics":[],"items_purged_floors":[],"is_endless":false,"potions_floor_spawned":[1,4,10,11,14],"killed_by":"Gensokyo:Yukari","ascension_level":4}}