{"host":"nb31x7fxbzv78wxi","time":1613104998,"event":{"mods":["BaseMod","Hermit","Infinite Spire","Marisa????????","Minty Spire (QoL Compilation)","Random Character Button","StSLib","The Administrix","The Construct","The Disciple"],"gold_per_floor":[111,111,125,143,68,109,130,148,148,223,223,261,282,282,282,282,282],"floor_reached":16,"language":"ENG","playtime":942,"items_purged":["hermit:Strike_Hermit"],"score":112,"play_id":"b819bfb1-8693-4a07-bf44-41547583fa4c","local_time":"20210211204318","is_ascension_mode":false,"campfire_choices":[{"floor":11,"key":"REST"},{"floor":15,"key":"REST"}],"circlet_count":0,"master_deck":["hermit:Strike_Hermit","hermit:Strike_Hermit","hermit:Strike_Hermit","hermit:Defend_Hermit+1","hermit:Defend_Hermit+1","hermit:Defend_Hermit","hermit:Defend_Hermit","hermit:Snapshot+1","hermit:Covet","hermit:Horror+1","hermit:FlashPowder+1","hermit:ItchyTrigger","hermit:LoneWolf","hermit:Ricochet","hermit:DeadMansHand","hermit:EyeOfTheStorm","hermit:Dive"],"relics":["hermit:Momento","Golden Idol","infinitespire:Joker Card","Omamori","War Paint"],"acts_visited":["Exordium"],"potions_floor_usage":[13,16],"damage_taken":[{"damage":1,"enemies":"Cultist","floor":1,"turns":3},{"damage":0,"enemies":"2 Louse","floor":3,"turns":2},{"damage":1,"enemies":"Jaw Worm","floor":4,"turns":3},{"damage":27,"enemies":"Gremlin Nob","floor":6,"turns":4},{"damage":3,"enemies":"Exordium Thugs","floor":7,"turns":4},{"damage":5,"enemies":"Looter","floor":8,"turns":3},{"damage":15,"enemies":"3 Sentries","floor":12,"turns":8},{"damage":0,"enemies":"3 Louse","floor":13,"turns":3},{"damage":29,"enemies":"Hexaghost","floor":16,"turns":14}],"seed_played":"-3697443121238575450","potions_obtained":[{"floor":7,"key":"SpeedPotion"},{"floor":8,"key":"hermit:Tonic"},{"floor":12,"key":"SpeedPotion"}],"is_trial":false,"path_per_floor":["M","?","M","M","$","E","M","M","T","?","R","E","M","?","R","B"],"character_chosen":"HERMIT","items_purchased":[],"campfire_rested":2,"item_purchase_floors":[],"current_hp_per_floor":[74,56,56,55,55,28,25,20,20,9,31,16,16,1,23,0,0],"gold":282,"neow_bonus":"UPGRADE_CARD","is_daily":false,"chose_seed":false,"campfire_upgraded":0,"win_rate":0.0,"timestamp":1613104998,"path_taken":["M","?","M","M","$","E","M","M","T","?","R","E","M","?","R","BOSS"],"items_purchased_type":[],"build_version":"2020-12-22","purchased_purges":1,"victory":false,"max_hp_per_floor":[75,75,75,75,75,75,75,75,75,75,75,75,75,75,75,75,75],"card_choices":[{"not_picked":["hermit:Misfire","hermit:Dive"],"picked":"hermit:Horror","floor":1},{"not_picked":["hermit:Grudge","hermit:Headshot"],"picked":"hermit:FlashPowder","floor":3},{"not_picked":["hermit:Desperado","hermit:NoHoldsBarred"],"picked":"hermit:ItchyTrigger","floor":4},{"not_picked":["hermit:CalledShot","hermit:Feint"],"picked":"hermit:LoneWolf","floor":6},{"not_picked":["hermit:HoleUp","hermit:Horror"],"picked":"hermit:Ricochet","floor":7},{"not_picked":["hermit:Manifest","hermit:Coalescence"],"picked":"hermit:DeadMansHand","floor":8},{"not_picked":["hermit:Feint","hermit:PistolWhip"],"picked":"hermit:EyeOfTheStorm","floor":12},{"not_picked":["hermit:Spite","hermit:BodyArmor"],"picked":"hermit:Dive","floor":13}],"player_experience":727289,"relics_obtained":[{"floor":6,"key":"infinitespire:Joker Card"},{"floor":9,"key":"Omamori"},{"floor":12,"key":"War Paint"}],"event_choices":[{"damage_healed":0,"gold_gain":0,"player_choice":"Take Damage","damage_taken":18,"relics_obtained":["Golden Idol"],"max_hp_gain":0,"max_hp_loss":0,"event_name":"Golden Idol","floor":2,"gold_loss":0},{"damage_healed":0,"gold_gain":75,"player_choice":"Gather Gold","damage_taken":11,"max_hp_gain":0,"max_hp_loss":0,"event_name":"World of Goop","floor":10,"gold_loss":0},{"damage_healed":0,"gold_gain":0,"player_choice":"Entered Light","damage_taken":15,"max_hp_gain":0,"max_hp_loss":0,"event_name":"Shining Light","floor":14,"gold_loss":0,"cards_upgraded":["hermit:Horror","hermit:Defend_Hermit"]}],"is_beta":false,"boss_relics":[],"items_purged_floors":[5],"is_endless":false,"potions_floor_spawned":[7,8,12],"killed_by":"Hexaghost","ascension_level":0}}