{"host":"fbdlh90rovbiajun","time":1613155747,"event":{"mods":["AchievementEnabler","BaseMod","Colored Map","Keyboard Shortcuts","Minty Spire (QoL Compilation)","SuperFastMode"],"gold_per_floor":[112,287,305,305,230,230,230,77,77,105,115,130,5,25,25,125,125,145,155,12,12,12,12,28,28,53,72,72,87,87,98,98,198,198,209,59,75,93,93,93,110,110,191,201,227,243,243,256,256,256,256],"floor_reached":50,"language":"KOR","playtime":2396,"items_purged":["Doubt","Defend_P","Strike_P","SandsOfTime"],"score":491,"play_id":"144510a5-8baa-4312-b129-78ee2205d686","local_time":"20210213034907","is_ascension_mode":false,"campfire_choices":[{"data":"Eruption","floor":7,"key":"SMITH"},{"floor":15,"key":"REST"},{"data":"MentalFortress","floor":23,"key":"SMITH"},{"data":"Scrawl","floor":28,"key":"SMITH"},{"data":"FlurryOfBlows","floor":30,"key":"SMITH"},{"data":"InnerPeace","floor":32,"key":"SMITH"},{"data":"FearNoEvil","floor":40,"key":"SMITH"},{"data":"Vigilance","floor":42,"key":"SMITH"},{"floor":47,"key":"REST"},{"floor":49,"key":"REST"}],"circlet_count":0,"master_deck":["Strike_P","Strike_P","Defend_P","Defend_P","Eruption+1","Vigilance+1","FlurryOfBlows+1","MentalFortress+1","FearNoEvil+1","InnerPeace+1","Scrawl+1","Eruption+1","Adaptation+1"],"relics":["PureWater","NeowsBlessing","Lizard Tail","Pear","Odd Mushroom","VioletLotus","DollysMirror","Nunchaku","Philosopher\u0027s Stone","Toxic Egg 2","Anchor"],"acts_visited":["Exordium","TheCity","TheBeyond"],"potions_floor_usage":[16,16,16,31,33,46,50],"damage_taken":[{"damage":0,"enemies":"Jaw Worm","floor":1,"turns":1},{"damage":0,"enemies":"2 Louse","floor":3,"turns":1},{"damage":0,"enemies":"The Mushroom Lair","floor":10,"turns":1},{"damage":0,"enemies":"Small Slimes","floor":11,"turns":2},{"damage":15,"enemies":"Blue Slaver","floor":12,"turns":3},{"damage":13,"enemies":"Red Slaver","floor":14,"turns":2},{"damage":70,"enemies":"The Guardian","floor":16,"turns":11},{"damage":0,"enemies":"Spheric Guardian","floor":18,"turns":3},{"damage":1,"enemies":"Chosen","floor":19,"turns":3},{"damage":0,"enemies":"Shelled Parasite and Fungi","floor":24,"turns":3},{"damage":0,"enemies":"Centurion and Healer","floor":27,"turns":3},{"damage":0,"enemies":"Chosen and Byrds","floor":29,"turns":2},{"damage":5,"enemies":"Snake Plant","floor":31,"turns":2},{"damage":33,"enemies":"Automaton","floor":33,"turns":5},{"damage":17,"enemies":"3 Shapes","floor":35,"turns":2},{"damage":0,"enemies":"Orb Walker","floor":37,"turns":2},{"damage":20,"enemies":"Transient","floor":38,"turns":5},{"damage":0,"enemies":"Sphere and 2 Shapes","floor":41,"turns":2},{"damage":16,"enemies":"Spire Growth","floor":44,"turns":3},{"damage":2,"enemies":"Reptomancer","floor":45,"turns":2},{"damage":0,"enemies":"Maw","floor":46,"turns":3},{"damage":0,"enemies":"4 Shapes","floor":48,"turns":1},{"damage":98,"enemies":"Time Eater","floor":50,"turns":7}],"seed_played":"8161107127334809939","potions_obtained":[{"floor":11,"key":"SpeedPotion"},{"floor":12,"key":"Explosive Potion"},{"floor":14,"key":"DuplicationPotion"},{"floor":18,"key":"Energy Potion"},{"floor":27,"key":"StancePotion"},{"floor":33,"key":"SpeedPotion"},{"floor":37,"key":"SpeedPotion"},{"floor":38,"key":"Block Potion"},{"floor":44,"key":"Regen Potion"}],"is_trial":false,"path_per_floor":["M","?","M","?","$","?","R","$","T","?","M","M","$","M","R","B",null,"M","M","$","?","?","R","M","?","T","M","R","M","R","M","R","B",null,"M","$","M","M","$","R","M","R","T","M","E","M","R","M","R","B"],"character_chosen":"WATCHER","items_purchased":["FlurryOfBlows","DollysMirror"],"campfire_rested":3,"item_purchase_floors":[8,20],"current_hp_per_floor":[72,72,72,47,47,40,40,40,50,50,50,35,35,22,46,23,82,82,81,81,81,81,81,81,81,81,81,81,81,81,76,76,43,82,65,65,65,45,45,45,45,45,45,29,27,32,56,56,80,0,0],"gold":256,"neow_bonus":"THREE_ENEMY_KILL","is_daily":false,"chose_seed":false,"campfire_upgraded":7,"win_rate":0.0,"timestamp":1613155747,"path_taken":["M","?","M","?","?","?","R","$","T","?","M","M","$","M","R","BOSS","M","M","$","?","?","R","?","?","T","?","R","M","R","M","R","BOSS","M","$","M","?","$","R","M","R","T","M","E","M","R","M","R","BOSS"],"items_purchased_type":["Card","Relic"],"build_version":"2020-12-22","purchased_purges":4,"victory":false,"max_hp_per_floor":[72,72,72,72,72,72,72,72,82,82,82,82,82,82,82,82,82,82,82,82,82,82,82,82,82,82,82,82,82,82,82,82,82,82,82,82,82,82,82,82,82,82,82,82,82,82,82,82,82,82,82],"card_choices":[{"not_picked":["BowlingBash","Prostrate","CrushJoints"],"picked":"SKIP","floor":1},{"not_picked":["Prostrate","Vengeance","Crescendo"],"picked":"SKIP","floor":3},{"not_picked":["SashWhip","Consecrate"],"picked":"MentalFortress","floor":11},{"not_picked":["FlyingSleeves","Blasphemy"],"picked":"FearNoEvil","floor":12},{"not_picked":["EmptyMind","Crescendo"],"picked":"InnerPeace","floor":14},{"not_picked":["Vault","DeusExMachina"],"picked":"Scrawl","floor":16},{"not_picked":["Worship","CrushJoints","PathToVictory"],"picked":"SKIP","floor":18},{"not_picked":["Collect","ThirdEye+1","Protect+1"],"picked":"SKIP","floor":19},{"not_picked":["Prostrate","EmptyBody","Consecrate"],"picked":"SKIP","floor":24},{"not_picked":["Tantrum+1","FollowUp","Fasting2"],"picked":"SKIP","floor":27},{"not_picked":["Tantrum+1","FollowUp","Fasting2"],"picked":"SKIP","floor":27},{"not_picked":["FlurryOfBlows","EmptyFist+1"],"picked":"Adaptation+1","floor":29},{"not_picked":["BowlingBash","FearNoEvil","Judgement"],"picked":"SKIP","floor":31},{"not_picked":["FlyingSleeves","DeceiveReality+1","BowlingBash"],"picked":"SKIP","floor":35},{"not_picked":["BattleHymn+1","Worship","SandsOfTime"],"picked":"SKIP","floor":37},{"not_picked":["PathToVictory+1","CutThroughFate","SignatureMove"],"picked":"SKIP","floor":38},{"not_picked":["EmptyBody+1","FollowUp+1","DeceiveReality"],"picked":"SKIP","floor":41},{"not_picked":["Ragnarok","EmptyBody+1","EmptyFist+1"],"picked":"SKIP","floor":44},{"not_picked":["Worship+1","Crescendo+1","Meditate+1"],"picked":"SKIP","floor":45},{"not_picked":["Protect+1","SashWhip","FlyingSleeves+1"],"picked":"SKIP","floor":46},{"not_picked":["Worship+1","EmptyBody+1","Halt+1"],"picked":"SKIP","floor":48}],"player_experience":16607,"relics_obtained":[{"floor":9,"key":"Pear"},{"floor":10,"key":"Odd Mushroom"},{"floor":26,"key":"Nunchaku"},{"floor":43,"key":"Toxic Egg 2"},{"floor":45,"key":"Anchor"}],"event_choices":[{"damage_healed":0,"gold_gain":175,"player_choice":"AGREE","damage_taken":0,"max_hp_gain":0,"max_hp_loss":0,"event_name":"Liars Game","floor":2,"gold_loss":0,"cards_obtained":["Doubt"]},{"damage_healed":0,"gold_gain":0,"player_choice":"Success","damage_taken":25,"relics_obtained":["Lizard Tail"],"max_hp_gain":0,"max_hp_loss":0,"event_name":"Scrap Ooze","floor":4,"gold_loss":0},{"cards_removed":["Defend_P"],"damage_healed":0,"gold_gain":0,"player_choice":"Card Removal","damage_taken":7,"max_hp_gain":0,"max_hp_loss":0,"event_name":"Golden Wing","floor":6,"gold_loss":0},{"damage_healed":0,"gold_gain":0,"player_choice":"Fought Mushrooms","damage_taken":0,"max_hp_gain":0,"max_hp_loss":0,"event_name":"Mushrooms","floor":10,"gold_loss":0},{"damage_healed":0,"gold_gain":0,"player_choice":"Ignored","damage_taken":0,"max_hp_gain":0,"max_hp_loss":0,"event_name":"Vampires","floor":21,"gold_loss":0},{"damage_healed":0,"gold_gain":0,"player_choice":"Ignored","damage_taken":0,"max_hp_gain":0,"max_hp_loss":0,"event_name":"NoteForYourself","floor":22,"gold_loss":0},{"damage_healed":0,"gold_gain":0,"cards_transformed":["Strike_P"],"player_choice":"Transformed","damage_taken":0,"max_hp_gain":0,"max_hp_loss":0,"event_name":"Transmorgrifier","floor":25,"gold_loss":0,"cards_obtained":["SandsOfTime"]}],"is_beta":false,"boss_relics":[{"not_picked":["Fusion Hammer","Busted Crown"],"picked":"VioletLotus"},{"not_picked":["Calling Bell","Sozu"],"picked":"Philosopher\u0027s Stone"}],"items_purged_floors":[5,8,13,36],"is_endless":false,"potions_floor_spawned":[11,12,14,18,27,33,37,38,44],"killed_by":"Time Eater","ascension_level":0}}