{"host":"w14xfy17z3c5mpoi","time":1613098120,"event":{"mods":["AchievementEnabler","BaseMod","Minty Spire (QoL Compilation)","Relic Stats"],"gold_per_floor":[218,238,36,50,67,67,98,98,98,128,140,150,150,150,150,247,247,263,263,353,367,367,367],"floor_reached":22,"language":"ENG","playtime":1170,"items_purged":["Strike_P"],"score":400,"play_id":"148c8adb-889a-4245-8521-107798ad6712","local_time":"20210211214840","is_ascension_mode":true,"campfire_choices":[{"data":"ForeignInfluence","floor":6,"key":"SMITH"},{"data":"Eruption","floor":8,"key":"SMITH"},{"floor":15,"key":"REST"}],"circlet_count":0,"master_deck":["Strike_P","Strike_P","Defend_P","Defend_P","Defend_P","Defend_P","Eruption+1","Vigilance","CutThroughFate","Consecrate","WheelKick","Indignation","ForeignInfluence+1","FlyingSleeves","BowlingBash","Protect+1","MentalFortress","Omniscience+1","ClearTheMind+1","Halt+1"],"relics":["HolyWater","Toxic Egg 2","Matryoshka","Smiling Mask","Singing Bowl","Enchiridion"],"acts_visited":["Exordium","TheCity"],"potions_floor_usage":[7,7,10,22],"damage_taken":[{"damage":7,"enemies":"Jaw Worm","floor":1,"turns":3},{"damage":1,"enemies":"Small Slimes","floor":2,"turns":3},{"damage":0,"enemies":"Cultist","floor":4,"turns":2},{"damage":0,"enemies":"2 Fungi Beasts","floor":5,"turns":2},{"damage":0,"enemies":"Gremlin Nob","floor":7,"turns":2},{"damage":2,"enemies":"Lagavulin","floor":10,"turns":4},{"damage":0,"enemies":"3 Louse","floor":11,"turns":2},{"damage":5,"enemies":"Blue Slaver","floor":12,"turns":2},{"damage":0,"enemies":"Slime Boss","floor":16,"turns":3},{"damage":0,"enemies":"3 Byrds","floor":18,"turns":2},{"damage":19,"enemies":"Shell Parasite","floor":21,"turns":2},{"damage":33,"enemies":"Snake Plant","floor":22,"turns":1}],"seed_played":"-8335329179905288635","potions_obtained":[{"floor":2,"key":"SneckoOil"},{"floor":4,"key":"Swift Potion"},{"floor":5,"key":"AttackPotion"},{"floor":11,"key":"PowerPotion"},{"floor":21,"key":"Fire Potion"}],"is_trial":false,"path_per_floor":["M","M","$","M","M","R","E","R","T","E","M","M","?","?","R","B",null,"M","?","?","M","M"],"character_chosen":"WATCHER","items_purchased":["Consecrate","WheelKick"],"campfire_rested":1,"item_purchase_floors":[3,3],"current_hp_per_floor":[58,57,57,57,57,57,57,57,57,55,55,50,43,31,52,52,67,67,51,39,20,0,0],"gold":367,"neow_bonus":"HUNDRED_GOLD","is_daily":false,"chose_seed":false,"campfire_upgraded":2,"win_rate":0.0,"timestamp":1613098120,"path_taken":["M","M","$","M","M","R","E","R","T","E","M","M","?","?","R","BOSS","M","?","?","?","M"],"items_purchased_type":["Card","Card"],"build_version":"2020-12-22","purchased_purges":1,"victory":false,"max_hp_per_floor":[72,72,72,72,72,72,72,72,72,72,72,72,72,72,72,72,72,72,72,72,72,72,72],"relic_stats":{"Singing Bowl":0,"counters":[12,28],"Smiling Mask":0,"obtain_stats":[{"Matryoshka":9,"Singing Bowl":14,"HolyWater":17,"Enchiridion":19,"PureWater":0,"Toxic Egg 2":7,"Smiling Mask":10},{"Matryoshka":5,"Singing Bowl":8,"HolyWater":9,"Enchiridion":10,"PureWater":0,"Toxic Egg 2":5,"Smiling Mask":6},{"Matryoshka":12,"Singing Bowl":20,"HolyWater":23,"Enchiridion":25,"PureWater":0,"Toxic Egg 2":12,"Smiling Mask":16}]},"card_choices":[{"not_picked":["ThirdEye","Evaluate"],"picked":"CutThroughFate","floor":1},{"not_picked":["Fasting2","Pray","Wireheading"],"picked":"SKIP","floor":2},{"not_picked":["Collect","Halt"],"picked":"Indignation","floor":4},{"not_picked":["Sanctity","Alpha"],"picked":"ForeignInfluence","floor":5},{"not_picked":["ForeignInfluence+1","Study"],"picked":"FlyingSleeves","floor":7},{"not_picked":["Consecrate","Crescendo+1"],"picked":"BowlingBash","floor":10},{"not_picked":["SandsOfTime","JustLucky"],"picked":"Protect+1","floor":11},{"not_picked":["FlurryOfBlows","Evaluate+1"],"picked":"MentalFortress","floor":12},{"not_picked":["DevaForm","LessonLearned"],"picked":"Omniscience+1","floor":16},{"not_picked":["WheelKick+1","Vengeance+1"],"picked":"ClearTheMind+1","floor":18},{"not_picked":["JustLucky+1","InnerPeace+1"],"picked":"Halt+1","floor":21}],"player_experience":638121,"relics_obtained":[{"floor":7,"key":"Toxic Egg 2"},{"floor":9,"key":"Matryoshka"},{"floor":10,"key":"Smiling Mask"},{"floor":19,"key":"Enchiridion"}],"event_choices":[{"cards_removed":["Strike_P"],"damage_healed":0,"gold_gain":0,"player_choice":"Card Removal","damage_taken":7,"max_hp_gain":0,"max_hp_loss":0,"event_name":"Golden Wing","floor":13,"gold_loss":0},{"damage_healed":0,"gold_gain":0,"player_choice":"Success","damage_taken":12,"relics_obtained":["Singing Bowl"],"max_hp_gain":0,"max_hp_loss":0,"event_name":"Scrap Ooze","floor":14,"gold_loss":0},{"damage_healed":0,"gold_gain":0,"player_choice":"Obtained Book","damage_taken":16,"max_hp_gain":0,"max_hp_loss":0,"event_name":"Cursed Tome","floor":19,"gold_loss":0},{"damage_healed":0,"gold_gain":90,"player_choice":"GOLD ","damage_taken":12,"max_hp_gain":0,"max_hp_loss":0,"event_name":"Knowing Skull","floor":20,"potions_obtained":[],"gold_loss":0,"cards_obtained":[]}],"is_beta":false,"boss_relics":[{"not_picked":["Cursed Key","SacredBark"],"picked":"HolyWater"}],"items_purged_floors":[3],"is_endless":false,"potions_floor_spawned":[2,4,5,11,21],"killed_by":"Snake Plant","ascension_level":7}}