{"host":"8u1cu4kisw6g21am","time":1613170538,"event":{"mods":["AchievementEnabler","BaseMod","Bestiary","BetterRewards","Minty Spire (QoL Compilation)","Quick Restart","Shop Mod","StSLib"],"gold_per_floor":[113,127,127,143,143,176,176,200,254,298,319,344,384,407,407,407,407],"floor_reached":16,"language":"ENG","playtime":30097,"items_purged":["Strike_B"],"score":172,"play_id":"45d8721a-6306-4971-b37e-abc4f25e4555","local_time":"20210212175538","is_ascension_mode":false,"campfire_choices":[{"floor":15.0,"key":"REST"}],"circlet_count":0,"master_deck":["Strike_B","Strike_B","Strike_B","Defend_B","Defend_B","Defend_B","Defend_B","Zap","Dualcast","Cold Snap","Sweeping Beam","Genetic Algorithm","Redo","Sweeping Beam"],"relics":["Cracked Core","Strange Spoon","Lizard Tail","ClockworkSouvenir","PreservedInsect","Bird Faced Urn","Golden Idol","Pen Nib","Kunai","Anchor"],"acts_visited":["Exordium"],"potions_floor_usage":[],"damage_taken":[{"damage":6.0,"enemies":"Jaw Worm","floor":1.0,"turns":3.0},{"damage":1.0,"enemies":"Small Slimes","floor":2.0,"turns":2.0},{"damage":4.0,"enemies":"2 Louse","floor":4.0,"turns":3.0},{"damage":34.0,"enemies":"Gremlin Nob","floor":6.0,"turns":5.0},{"damage":27.0,"enemies":"Lagavulin","floor":10.0,"turns":6.0},{"damage":0.0,"enemies":"Gremlin Gang","floor":11.0,"turns":3.0},{"damage":4.0,"enemies":"2 Fungi Beasts","floor":12.0,"turns":3.0},{"damage":4.0,"enemies":"Gremlin Nob","floor":13.0,"turns":3.0},{"damage":9.0,"enemies":"Exordium Thugs","floor":14.0,"turns":5.0},{"damage":37,"enemies":"Hexaghost","floor":16,"turns":7}],"seed_played":"-6069185997587847573","potions_obtained":[{"floor":6.0,"key":"Fire Potion"},{"floor":10.0,"key":"EntropicBrew"},{"floor":11.0,"key":"EntropicBrew"}],"is_trial":false,"path_per_floor":["M","M","?","M","?","E","?","T","T","E","M","M","E","M","R","B"],"character_chosen":"DEFECT","items_purchased":["Strange Spoon","ClockworkSouvenir","Cold Snap"],"campfire_rested":1,"item_purchase_floors":[0,0,0],"current_hp_per_floor":[38,37,30,26,51,17,17,17,17,34,34,30,26,17,37,0,0],"gold":407,"neow_bonus":"","is_daily":false,"chose_seed":false,"campfire_upgraded":0,"win_rate":0.0,"timestamp":1613170538,"path_taken":["M","M","?","M","?","E","?","?","T","E","M","M","E","M","R","BOSS"],"items_purchased_type":["Relic","Relic","Card"],"build_version":"2020-12-22","purchased_purges":1,"victory":false,"max_hp_per_floor":[75,75,75,75,75,75,69,69,69,69,69,69,69,69,69,69,69],"card_choices":[{"not_picked":["Compile Driver","Sunder"],"picked":"Sweeping Beam","floor":1.0},{"not_picked":["Steam","Sweeping Beam"],"picked":"Genetic Algorithm","floor":2.0},{"not_picked":["Compile Driver","Scrape","Fusion"],"picked":"SKIP","floor":4.0},{"not_picked":["Rip and Tear","Leap","Rebound"],"picked":"SKIP","floor":6.0},{"not_picked":["Gash","Beam Cell","Thunder Strike"],"picked":"SKIP","floor":10.0},{"not_picked":["Skim","Steam Power","White Noise"],"picked":"SKIP","floor":11.0},{"not_picked":["Streamline","Leap"],"picked":"Redo","floor":12.0},{"not_picked":["Rebound","Chaos"],"picked":"Sweeping Beam","floor":13.0},{"not_picked":["Consume","Steam","Sweeping Beam"],"picked":"SKIP","floor":14.0}],"player_experience":162506,"relics_obtained":[{"floor":6.0,"key":"Bird Faced Urn"},{"floor":9.0,"key":"Pen Nib"},{"floor":10.0,"key":"Kunai"},{"floor":13.0,"key":"Anchor"}],"event_choices":[{"damage_healed":0.0,"max_hp_gain":0.0,"max_hp_loss":0.0,"gold_gain":0.0,"event_name":"Scrap Ooze","player_choice":"Success","floor":3.0,"gold_loss":0.0,"damage_taken":7.0,"relics_obtained":["PreservedInsect"]},{"damage_healed":25.0,"max_hp_gain":0.0,"max_hp_loss":0.0,"gold_gain":0.0,"event_name":"Big Fish","player_choice":"Banana","floor":5.0,"gold_loss":0.0,"damage_taken":0.0},{"damage_healed":0.0,"max_hp_gain":0.0,"max_hp_loss":6.0,"gold_gain":0.0,"event_name":"Golden Idol","player_choice":"Lose Max HP","floor":7.0,"gold_loss":0.0,"damage_taken":0.0,"relics_obtained":["Golden Idol"]}],"is_beta":false,"boss_relics":[],"items_purged_floors":[0],"is_endless":false,"potions_floor_spawned":[6,10,11,12],"killed_by":"Hexaghost","ascension_level":0}}