{"host":"d61fcf2p3sjwe6yo","time":1613120316,"event":{"mods":["Act Like it!","BaseMod","Colored Map","Hallownest","Minty Spire (QoL Compilation)","StSLib","SuperFastMode","The Bug Knight"],"gold_per_floor":[110,122,122,122,134,168,168,194,217,246,258,274,274,328,328,328,328],"floor_reached":16,"language":"ENG","playtime":1076,"items_purged":[],"score":210,"play_id":"d4eeb8fe-a645-4c95-a4ef-6780fa266ef1","local_time":"20210212115836","is_ascension_mode":true,"campfire_choices":[{"data":"HollowMod:MantisMark","floor":7.0,"key":"SMITH"},{"data":"HollowMod:LifebloodCocoon","floor":13,"key":"SMITH"},{"data":"HollowMod:FastStrike","floor":15,"key":"SMITH"}],"circlet_count":0,"master_deck":["AscendersBane","HollowMod:NailStrikeStart","HollowMod:NailStrikeStart","HollowMod:NailStrikeStart","HollowMod:NailStrikeStart","HollowMod:QuickDashStart","HollowMod:QuickDashStart","HollowMod:QuickDashStart","HollowMod:QuickDashStart","HollowMod:FocusHealStart","HollowMod:PogoStrike","HollowMod:FastStrike+1","Hallownest:curseDreamersLament","HollowMod:MantisMark+1","HollowMod:PerfectDash","HollowMod:GoodIntentions","HollowMod:LifebloodCocoon+1"],"relics":["HollowMod:VesselMask","Hallownest:TeacherSealRelic","Blood Vial","Dream Catcher","PreservedInsect","HollowMod:IsmasTear","Ancient Tea Set"],"acts_visited":["Hallownest:Greenpath"],"potions_floor_usage":[10,16,16],"damage_taken":[{"damage":8.0,"enemies":"Hallownest:2_Baldur","floor":1.0,"turns":6.0},{"damage":2.0,"enemies":"Hallownest:monsterHuskGuard","floor":2.0,"turns":4.0},{"damage":7.0,"enemies":"2_ Uuma","floor":5.0,"turns":6.0},{"damage":11.0,"enemies":"Hallownest:eliteMossKnight","floor":6.0,"turns":10.0},{"damage":33.0,"enemies":"Hallownest:eliteVengeflyKing","floor":8.0,"turns":14.0},{"damage":10,"enemies":"Hallownest:eliteCrystalGuardian","floor":10,"turns":4},{"damage":10,"enemies":"Hallownest:Wandering_and_Horned","floor":11,"turns":4},{"damage":25,"enemies":"Hallownest:2_Tiktiks_1_Baldur_1_Crawlid","floor":12,"turns":6},{"damage":23,"enemies":"Hallownest:BossHornet","floor":16,"turns":12}],"seed_played":"7308677287737969517","potions_obtained":[{"floor":1.0,"key":"SpeedPotion"},{"floor":2.0,"key":"SpeedPotion"},{"floor":6.0,"key":"Dexterity Potion"},{"floor":11,"key":"Dexterity Potion"}],"is_trial":false,"path_per_floor":["M","M","?","?","M","E","R","E","T","E","M","M","R","T","R","B"],"character_chosen":"THE_BUGKNIGHT","items_purchased":[],"campfire_rested":0,"item_purchase_floors":[],"current_hp_per_floor":[79,82,82,82,80,79,79,54,54,46,44,27,27,27,27,12,12],"gold":328,"neow_bonus":"TEN_PERCENT_HP_BONUS","is_daily":false,"chose_seed":false,"campfire_upgraded":3,"win_rate":0.0,"timestamp":1613120316,"path_taken":["M","M","?","?","M","E","R","E","T","E","M","M","R","?","R","BOSS"],"items_purchased_type":[],"build_version":"2020-12-22","purchased_purges":0,"victory":false,"max_hp_per_floor":[82,82,82,82,82,82,82,82,82,82,82,82,82,82,82,82,82],"card_choices":[{"not_picked":["HollowMod:HuntersJournal","HollowMod:InfectedAttack"],"picked":"HollowMod:FastStrike","floor":1.0},{"not_picked":["HollowMod:PureNailStrike","HollowMod:WraithStrike","HollowMod:NewJinnsSoul"],"picked":"SKIP","floor":2.0},{"not_picked":["HollowMod:SoulStrike","HollowMod:InfectedAttack"],"picked":"HollowMod:MantisMark","floor":5.0},{"not_picked":["HollowMod:NewLittleFool","HollowMod:NewInfectedGuardian","HollowMod:SoulEater"],"picked":"SKIP","floor":6.0},{"not_picked":["HollowMod:SiblingsSouls","HollowMod:SoulStrike"],"picked":"HollowMod:PerfectDash","floor":8.0},{"not_picked":["HollowMod:VengefulSpirit","HollowMod:LuriensSpire"],"picked":"HollowMod:GoodIntentions","floor":10},{"not_picked":["HollowMod:ShadowDash","HollowMod:CycloneSlash","HollowMod:WraithStrike"],"picked":"SKIP","floor":11},{"not_picked":["HollowMod:RadiancesLament","HollowMod:HeavyBlow"],"picked":"HollowMod:LifebloodCocoon","floor":12}],"player_experience":270996,"relics_obtained":[{"floor":6.0,"key":"Blood Vial"},{"floor":8.0,"key":"Dream Catcher"},{"floor":9.0,"key":"PreservedInsect"},{"floor":10,"key":"HollowMod:IsmasTear"},{"floor":14,"key":"Ancient Tea Set"}],"event_choices":[],"is_beta":false,"boss_relics":[],"items_purged_floors":[],"is_endless":false,"potions_floor_spawned":[1,2,6,11],"killed_by":"Hallownest:BossHornet","ascension_level":20}}