{"host":"6jrnojxwearbrjzo","time":1613141694,"event":{"mods":["BaseMod","Conspire","Marisa（F雨　魔理沙）","Minty Spire (QoL Compilation)","MostiFishMod","Quick Restart","Random Character Button","Shop Mod","Spicy Shops","StSLib","The Construct","[功能]功能增强和修复MOD","篝火指南"],"gold_per_floor":[115,115,115,0,0,34,49,8,8,34,67,95,95,114,147,250,250,270,260,260,175,7,39,108,8,8,35,35,54,88,88,47,152,152,167,176,244,244,274,210,132,184,196,282,282,282,382,382,152,152],"floor_reached":51,"language":"ZHS","playtime":1555,"items_purged":["Defend_B","Strike_B","Strike_B","Defend_B","Defend_B","Strike_B+1","Strike_B+1","Defend_B+1","Zap+1","Corruption","Streamline+1","Dualcast+1"],"score":1583,"play_id":"5e7a65ff-f323-4c41-9908-9a809e89e262","local_time":"20210212225454","is_ascension_mode":true,"campfire_choices":[{"data":"Coolheaded","floor":13.0,"key":"SMITH"},{"data":"MostiFishMod:LinkProtocol","floor":45,"key":"SMITH"}],"circlet_count":0,"master_deck":["Coolheaded+1","Gash","MostiFishMod:Kaleido+1","Fission+1","Hologram+1","MostiFishMod:ButterFly","MostiFishMod:OneDayCity+1","MostiFishMod:ElfcollectionBox+1","Adrenaline+1","Corruption+1","StarlightTyphoon+1","MostiFishMod:FrostNova+1","Scrawl+1","MostiFishMod:LinkProtocol+1"],"relics":["Cracked Core","DaveBox","ArrowTower","SynthV:TestCard","conspire:DeflatedDodgeball","ChiLing","Chi","Ling","conspire:TopHat","MerchantsRug","BionicSphere","Ornamental Fan","Anchor","Matryoshka","SentryEyes","Dodecahedron","Centennial Puzzle","ExusiaiGun","Cables","Bag of Marbles","Kunai","War Paint","Letter Opener","PrismaticShard","ClockworkSouvenir","White Beast Statue","DiscerningMonocle","BrkXgEgg","DianDianMeat","Orichalcum","StrikeDummy","Dead Branch","Pen Nib","CeramicFish","PreservedInsect","Smiling Mask","Ice Cream","construct:FoamFinger","Membership Card","DataDisk","Symbiotic Virus","Prayer Wheel","Ancient Tea Set","FeatherPendant","Runic Capacitor","TungstenRod","Art of War","Boot","Sundial","Civilization","Mummified Hand","Bronze Scales","Omamori","BirthdayGift-Icosahedron","MawBank","Bottled Lightning","Shuriken","Chemical X","Blue Candle","Singing Bowl","Peace Pipe","Meat on the Bone","Regal Pillow","Juzu Bracelet","SynthV","Oddly Smooth Stone","MealTicket","conspire:Flyswatter","HandDrill","Toy Ornithopter","Technique","Unceasing Top","BirthdayGift-Tetrahedron","Bag of Preparation","TheAbacus","conspire:Dentures","Bird Faced Urn"],"acts_visited":["Exordium","TheCity","TheBeyond"],"potions_floor_usage":[],"damage_taken":[{"damage":5.0,"enemies":"Small Slimes","floor":1.0,"turns":3.0},{"damage":3.0,"enemies":"Gremlin Nob","floor":6.0,"turns":2.0},{"damage":3.0,"enemies":"Lagavulin","floor":10.0,"turns":3.0},{"damage":3.0,"enemies":"conspire:MimicChest","floor":11.0,"turns":2.0},{"damage":0.0,"enemies":"3 Sentries","floor":12.0,"turns":2.0},{"damage":0.0,"enemies":"Jaw Worm","floor":14.0,"turns":1.0},{"damage":18.0,"enemies":"The Guardian","floor":16.0,"turns":4.0},{"damage":0.0,"enemies":"Spheric Guardian","floor":18.0,"turns":1.0},{"damage":0.0,"enemies":"Book of Stabbing","floor":23.0,"turns":1.0},{"damage":2.0,"enemies":"Slavers","floor":27.0,"turns":1.0},{"damage":0.0,"enemies":"Chosen","floor":29.0,"turns":1.0},{"damage":0.0,"enemies":"conspire:SneckoGhost","floor":30.0,"turns":1.0},{"damage":3.0,"enemies":"Champ","floor":33.0,"turns":1.0},{"damage":0.0,"enemies":"3 Darklings","floor":35.0,"turns":1.0},{"damage":0.0,"enemies":"3 Shapes","floor":39.0,"turns":1.0},{"damage":0,"enemies":"Giant Head","floor":42,"turns":1},{"damage":0,"enemies":"Awakened One","floor":50,"turns":2}],"seed_played":"-5777253800993557649","potions_obtained":[{"floor":1.0,"key":"Fire Potion"},{"floor":10.0,"key":"AttackPotion"},{"floor":10.0,"key":"Regen Potion"},{"floor":10.0,"key":"ColorlessPotion"},{"floor":10.0,"key":"Fruit Juice"},{"floor":16.0,"key":"Weak Potion"},{"floor":16.0,"key":"EntropicBrew"},{"floor":23.0,"key":"EssenceOfSteel"},{"floor":23.0,"key":"construct:ShiftPotion"},{"floor":27.0,"key":"DuplicationPotion"},{"floor":27.0,"key":"LiquidBronze"},{"floor":27.0,"key":"FocusPotion"},{"floor":27.0,"key":"GamblersBrew"},{"floor":29.0,"key":"FocusPotion"},{"floor":29.0,"key":"Regen Potion"},{"floor":29.0,"key":"AttackPotion"},{"floor":30.0,"key":"SteroidPotion"},{"floor":33.0,"key":"FearPotion"},{"floor":33.0,"key":"Energy Potion"},{"floor":33.0,"key":"EssenceOfSteel"},{"floor":35.0,"key":"AttackPotion"},{"floor":39.0,"key":"Strength Potion"},{"floor":39.0,"key":"Fire Potion"},{"floor":39.0,"key":"FearPotion"},{"floor":42,"key":"EssenceOfDarkness"},{"floor":42,"key":"SkillPotion"},{"floor":42,"key":"Energy Potion"}],"is_trial":false,"path_per_floor":["M","?","T","$","?","E","$","R","T","E","?","E","R","M","R","B",null,"M","$","?","?","$","E","$","R","T","E","?","M","E","?","R","B",null,"M","?","$","T","M","R","M","E","T","$","R","$","?","?","R","B",null],"character_chosen":"DEFECT","items_purchased":["ChiLing","conspire:TopHat","Whetstone","MerchantsRug","Explosive Potion","LiquidMemories","PowerPotion","Swift Potion","Potion Belt","BlessingOfTheForge","BlessingOfTheForge","AttackPotion","Fire Potion","AttackPotion","Swift Potion","Ornamental Fan","MostiFishMod:Kaleido","Energy Potion","SentryEyes","Dodecahedron","Centennial Puzzle","Cables","SteroidPotion","SteroidPotion","DistilledChaos","ColorlessPotion","Kunai","War Paint","Letter Opener","MostiFishMod:ButterFly","Dexterity Potion","SpeedPotion","PrismaticShard","ClockworkSouvenir","DiscerningMonocle","BrkXgEgg","DianDianMeat","Orichalcum","StrikeDummy","PowerPotion","SteroidPotion","Weak Potion","Swift Potion","Dead Branch","MostiFishMod:OneDayCity+1","Enlightenment","Pen Nib","Strength Potion","Block Potion","FocusPotion","Membership Card","PowerPotion","DataDisk","Symbiotic Virus","Prayer Wheel","MostiFishMod:ElfcollectionBox+1","Ancient Tea Set","Runic Capacitor","TungstenRod","Art of War","Boot","Sundial","Civilization","PowerPotion","Explosive Potion","EssenceOfSteel","SkillPotion","Omamori","BirthdayGift-Icosahedron","MawBank","Bottled Lightning","Shuriken","Chemical X","Fruit Juice","Swift Potion","Energy Potion","AttackPotion","Peace Pipe","Meat on the Bone","Regal Pillow","Juzu Bracelet","SynthV","MostiFishMod:LinkProtocol","Oddly Smooth Stone","MealTicket","conspire:Flyswatter","HandDrill","Toy Ornithopter","Technique","Unceasing Top","BirthdayGift-Tetrahedron","Bag of Preparation","TheAbacus","conspire:Dentures","Bird Faced Urn"],"campfire_rested":0,"item_purchase_floors":[4,4,4,4,4,4,4,4,7,7,7,8,8,8,8,8,15,15,15,15,15,19,19,19,19,19,22,22,22,22,22,22,22,22,24,24,24,24,24,24,24,24,24,25,25,25,25,32,32,32,32,32,32,32,32,32,32,37,37,37,37,37,37,37,37,37,37,40,40,40,40,40,40,40,40,40,40,44,44,44,44,44,44,46,46,46,46,46,46,49,49,49,49,49,49],"current_hp_per_floor":[63,63,63,63,48,45,45,45,45,47,44,44,44,44,44,26,67,67,67,58,58,58,58,58,61,61,59,59,59,59,59,62,63,83,83,88,88,88,104,109,109,128,128,137,137,137,137,137,137,142],"gold":152,"neow_bonus":"THREE_CARDS","is_daily":false,"chose_seed":false,"campfire_upgraded":2,"win_rate":0.0,"timestamp":1613141694,"path_taken":["M","?","?","$","?","E","?","R","T","E","?","E","R","?","R","BOSS","M","$","?","?","$","E","?","R","T","E","?","?","E","?","R","BOSS","M","?","$","?","?","R","?","E","T","?","R","$","?","?","R","BOSS"],"items_purchased_type":["Relic","Relic","Relic","Relic","Potion","Potion","Potion","Potion","Relic","Potion","Potion","Potion","Potion","Potion","Potion","Relic","Card","Potion","Relic","Relic","Relic","Relic","Potion","Potion","Potion","Potion","Relic","Relic","Relic","Card","Potion","Potion","Relic","Relic","Relic","Relic","Relic","Relic","Relic","Potion","Potion","Potion","Potion","Relic","Card","Card","Relic","Potion","Potion","Potion","Relic","Potion","Relic","Relic","Relic","Card","Relic","Relic","Relic","Relic","Relic","Relic","Relic","Potion","Potion","Potion","Potion","Relic","Relic","Relic","Relic","Relic","Relic","Potion","Potion","Potion","Potion","Relic","Relic","Relic","Relic","Relic","Card","Relic","Relic","Relic","Relic","Relic","Relic","Relic","Relic","Relic","Relic","Relic","Relic"],"build_version":"2020-12-22","purchased_purges":12,"victory":true,"max_hp_per_floor":[75,75,75,75,75,75,75,75,75,80,80,80,80,80,80,80,80,80,80,80,80,80,80,80,83,83,83,83,83,83,83,86,90,90,90,95,95,95,111,116,116,128,128,137,137,137,137,137,137,142],"card_choices":[{"not_picked":["Cold Snap","Turbo"],"picked":"Streamline","floor":0.0},{"not_picked":["Steam Power","Barrage","Compile Driver"],"picked":"SKIP","floor":1.0},{"not_picked":["MostiFishMod:ReprogramOld","Streamline","Cold Snap","Lockon","MostiFishMod:FluxCapactior"],"picked":"SKIP","floor":6.0},{"not_picked":["Redo","MostiFishMod:FluxCapactior","Stack","Sunder","MostiFishMod:PushDownKick"],"picked":"SKIP","floor":10.0},{"not_picked":["Sunder","Chaos","Barrage","Compile Driver"],"picked":"Coolheaded","floor":11.0},{"not_picked":["Rebound","MostiFishMod:IceShield","conspire:Rain","Go for the Eyes"],"picked":"Gash","floor":12.0},{"not_picked":["Hyperbeam","Streamline","Go for the Eyes","Capacitor","Compile Driver"],"picked":"SKIP","floor":14.0},{"not_picked":["MostiFishMod:InterfaceCompatibility","Electrodynamics","Hyperbeam","MostiFishMod:Nova"],"picked":"Fission","floor":16.0},{"not_picked":["Redo+1","Leap","Rebound","Blizzard"],"picked":"Hologram+1","floor":18.0},{"not_picked":["Consume","Twin Strike","Tantrum","CutThroughFate"],"picked":"Corruption","floor":23.0},{"not_picked":["construct:ShiftStrike","TimeWarp","FastForward","Tantrum","Tools of the Trade+1"],"picked":"SKIP","floor":27.0},{"not_picked":["Stack","Accuracy","Glacier","DualDimension","SporeBomb"],"picked":"SKIP","floor":29.0},{"not_picked":["Read+1","construct:Versatility","ShatteredReality","FlurryOfBlows","construct:Chainstrike"],"picked":"SKIP","floor":30.0},{"not_picked":["Fission+1","MostiFishMod:HellRitual+1","MostiFishMod:TheLastGuard+1","MasterReality+1"],"picked":"Adrenaline+1","floor":33.0},{"not_picked":["construct:HeavyBolt","Perfected Strike","construct:SaveState","NonDirectionalLaser","Chaos"],"picked":"SKIP","floor":35.0},{"not_picked":["MostiFishMod:PathToVictory","IllusionStar","Unruled+1","Well Laid Plans","construct:Autoturret+1"],"picked":"SKIP","floor":35.0},{"not_picked":["SashWhip","SporeBomb+1","construct:CripplingShot+1","Beam Cell"],"picked":"StarlightTyphoon","floor":39.0},{"not_picked":["Twin Strike+1","Pommel Strike+1","MostiFishMod:InvigoratingSolution+1","construct:GuardCore+1"],"picked":"MostiFishMod:FrostNova+1","floor":39.0},{"not_picked":["EmptyBody","conspire:PoisonWeapons+1","Flex","Evaluate+1"],"picked":"Scrawl+1","floor":42}],"player_experience":120292,"relics_obtained":[{"floor":1.0,"key":"SynthV:TestCard"},{"floor":3.0,"key":"conspire:DeflatedDodgeball"},{"floor":6.0,"key":"BionicSphere"},{"floor":9.0,"key":"Darkstone Periapt"},{"floor":10.0,"key":"Anchor"},{"floor":11.0,"key":"Gambling Chip"},{"floor":12.0,"key":"Matryoshka"},{"floor":23.0,"key":"White Beast Statue"},{"floor":26.0,"key":"CeramicFish"},{"floor":26.0,"key":"PreservedInsect"},{"floor":27.0,"key":"Smiling Mask"},{"floor":30.0,"key":"construct:FoamFinger"},{"floor":38.0,"key":"Mummified Hand"},{"floor":38.0,"key":"Bronze Scales"},{"floor":42,"key":"Blue Candle"},{"floor":43,"key":"Singing Bowl"}],"event_choices":[{"damage_healed":0.0,"max_hp_gain":0.0,"max_hp_loss":0.0,"gold_gain":0.0,"event_name":"The Cleric","player_choice":"Leave","floor":2.0,"gold_loss":0.0,"damage_taken":0.0},{"damage_healed":0.0,"max_hp_gain":0.0,"max_hp_loss":0.0,"gold_gain":0.0,"event_name":"Shining Light","player_choice":"Entered Light","floor":5.0,"gold_loss":0.0,"damage_taken":15.0,"cards_upgraded":["Streamline","Zap"]},{"damage_healed":0.0,"max_hp_gain":0.0,"max_hp_loss":0.0,"gold_gain":0.0,"event_name":"Cursed Tome","player_choice":"Stopped","floor":20.0,"gold_loss":0.0,"damage_taken":9.0},{"damage_healed":0.0,"max_hp_gain":0.0,"max_hp_loss":0.0,"gold_gain":0.0,"event_name":"Addict","player_choice":"Obtained Relic","floor":21.0,"gold_loss":85.0,"damage_taken":0.0,"relics_obtained":["Bag of Marbles"]},{"damage_healed":0.0,"max_hp_gain":0.0,"max_hp_loss":0.0,"gold_gain":0.0,"event_name":"WeMeetAgain","player_choice":"Gave Potion","floor":28.0,"gold_loss":0.0,"damage_taken":0.0,"relics_obtained":["Ice Cream"]},{"damage_healed":0.0,"max_hp_gain":0.0,"max_hp_loss":0.0,"gold_gain":0.0,"event_name":"Ghosts","player_choice":"Ignored","floor":31.0,"gold_loss":0.0,"damage_taken":0.0},{"damage_healed":0.0,"max_hp_gain":0.0,"max_hp_loss":0.0,"gold_gain":0.0,"event_name":"Duplicator","player_choice":"Copied","floor":36.0,"gold_loss":0.0,"damage_taken":0.0,"cards_obtained":["Corruption"]},{"cards_removed":["Enlightenment"],"damage_healed":0,"gold_gain":0,"player_choice":"Upgrade and Remove","damage_taken":0,"max_hp_gain":0,"max_hp_loss":0,"event_name":"Designer","floor":41,"gold_loss":90,"cards_upgraded":["StarlightTyphoon"]},{"damage_healed":0,"gold_gain":100,"player_choice":"Pray","damage_taken":0,"max_hp_gain":0,"max_hp_loss":0,"event_name":"Golden Shrine","floor":47,"gold_loss":0},{"damage_healed":0,"gold_gain":0,"player_choice":"Leave","damage_taken":0,"max_hp_gain":0,"max_hp_loss":0,"event_name":"conspire:Investor","floor":48,"gold_loss":0}],"is_beta":false,"boss_relics":[{"not_picked":["Transparent","Pandora\u0027s Box"],"picked":"ExusiaiGun"},{"not_picked":["Calling Bell","conspire:SlowCooker"],"picked":"FeatherPendant"}],"items_purged_floors":[4,4,4,4,24,37,37,37,37,37,37,37],"is_endless":false,"potions_floor_spawned":[1,6,10,10,10,10,14,16,16,23,23,27,27,27,27,29,29,29,30,30,30,30,33,33,33,35,35,35,39,39,39,42,42,42],"ascension_level":6}}