{"host":"krw8blyxua7at9ak","time":1613150537,"event":{"mods":["BaseMod","Highlight Path","Minty Spire (QoL Compilation)","ojb\u0027s Info Mod"],"gold_per_floor":[117,117,117,128,128,162,162,190,190,33,65,65,98,112,112,112,112],"floor_reached":16,"language":"ENG","playtime":459,"items_purged":[],"score":302,"play_id":"738bc32a-9ec5-46dd-a710-98ac57b0c3df","local_time":"20210212182217","is_ascension_mode":true,"campfire_choices":[{"data":"Quick Slash","floor":7,"key":"SMITH"},{"data":"Finisher","floor":12,"key":"SMITH"},{"data":"All Out Attack","floor":15,"key":"SMITH"}],"circlet_count":0,"master_deck":["AscendersBane","Strike_G","Strike_G","Strike_G","Strike_G","Defend_G","Defend_G","Defend_G","Defend_G","Defend_G","Survivor+1","Neutralize","Finisher+1","Reflex+1","Quick Slash+1","Burst","Endless Agony","Leg Sweep","All Out Attack+1"],"relics":["Ring of the Snake","NeowsBlessing","PreservedInsect","War Paint","Blue Candle","HornCleat","Vajra","Letter Opener","StoneCalendar"],"acts_visited":["Exordium"],"potions_floor_usage":[8,13,16],"damage_taken":[{"damage":0,"enemies":"Jaw Worm","floor":1,"turns":1},{"damage":0,"enemies":"Small Slimes","floor":4,"turns":1},{"damage":0,"enemies":"3 Sentries","floor":6,"turns":2},{"damage":20,"enemies":"Lagavulin","floor":8,"turns":5},{"damage":5,"enemies":"3 Sentries","floor":11,"turns":6},{"damage":5,"enemies":"Lagavulin","floor":13,"turns":5},{"damage":0,"enemies":"Cultist","floor":14,"turns":2},{"damage":21,"enemies":"Hexaghost","floor":16,"turns":9}],"seed_played":"1950967282312522369","potions_obtained":[{"floor":4,"key":"PowerPotion"},{"floor":6,"key":"Dexterity Potion"},{"floor":8,"key":"Swift Potion"}],"is_trial":false,"path_per_floor":["M","?","?","M","$","E","R","E","T","$","E","R","E","M","R","B"],"character_chosen":"THE_SILENT","items_purchased":["Vajra"],"campfire_rested":0,"item_purchase_floors":[10],"current_hp_per_floor":[59,48,48,48,48,48,48,28,28,28,23,23,18,18,18,0,0],"gold":112,"neow_bonus":"THREE_ENEMY_KILL","is_daily":false,"chose_seed":false,"campfire_upgraded":3,"win_rate":0.0,"timestamp":1613150537,"path_taken":["M","?","?","M","$","E","R","E","T","$","E","R","E","?","R","BOSS"],"items_purchased_type":["Relic"],"build_version":"2020-12-22","purchased_purges":0,"victory":false,"max_hp_per_floor":[66,66,66,66,66,66,66,66,66,66,66,66,66,66,66,66,66],"card_choices":[{"not_picked":["Underhanded Strike","Backflip"],"picked":"Finisher","floor":1},{"not_picked":["Acrobatics","Outmaneuver"],"picked":"Quick Slash","floor":4},{"not_picked":["Well Laid Plans","Expertise"],"picked":"Burst","floor":6},{"not_picked":["Prepared","Backflip","Deflect"],"picked":"SKIP","floor":8},{"not_picked":["Cloak And Dagger","Poisoned Stab"],"picked":"Endless Agony","floor":11},{"not_picked":["Flechettes","Sucker Punch"],"picked":"Leg Sweep","floor":13},{"not_picked":["Dodge and Roll","Sucker Punch"],"picked":"All Out Attack","floor":14}],"player_experience":400317,"relics_obtained":[{"floor":6,"key":"War Paint"},{"floor":8,"key":"Blue Candle"},{"floor":9,"key":"HornCleat"},{"floor":11,"key":"Letter Opener"},{"floor":13,"key":"StoneCalendar"}],"event_choices":[{"damage_healed":0,"gold_gain":0,"player_choice":"Success","damage_taken":11,"relics_obtained":["PreservedInsect"],"max_hp_gain":0,"max_hp_loss":0,"event_name":"Scrap Ooze","floor":2,"gold_loss":0},{"damage_healed":0,"gold_gain":0,"cards_transformed":["Strike_G"],"player_choice":"Transformed","damage_taken":0,"max_hp_gain":0,"max_hp_loss":0,"event_name":"Transmorgrifier","floor":3,"gold_loss":0,"cards_obtained":["Reflex"]}],"is_beta":false,"boss_relics":[],"items_purged_floors":[],"is_endless":false,"potions_floor_spawned":[4,6,8,11],"killed_by":"Hexaghost","ascension_level":20}}