{"host":"yhhyog5h1q67ienp","time":1613107253,"event":{"mods":["AchievementEnabler","BaseMod","Block Reminder","Colored Map","Colored Powertips","Minty Spire (QoL Compilation)","Quick Restart","Relic Stats","StSLib","Weighted Paths","ojb\u0027s Better Paths Mod","ojb\u0027s Info Mod"],"gold_per_floor":[112,112,112,126,145,179,179,194,275,275,289,214,214,214,214],"floor_reached":14,"language":"ENG","playtime":811,"items_purged":[],"score":180,"play_id":"ca0fcbfc-e7ca-464a-98c8-96232d878a7c","local_time":"20210212022053","is_ascension_mode":true,"campfire_choices":[{"data":"Streamline","floor":7,"key":"SMITH"},{"data":"Chaos","floor":10,"key":"SMITH"}],"circlet_count":0,"master_deck":["AscendersBane","Strike_B","Strike_B","Defend_B","Defend_B","Defend_B","Defend_B","Zap","Dualcast","Compile Driver+1","Streamline+1","Compile Driver","Chaos+1"],"relics":["Busted Crown","Unceasing Top","InkBottle"],"acts_visited":["Exordium"],"potions_floor_usage":[6,6,14],"damage_taken":[{"damage":0,"enemies":"2 Louse","floor":1,"turns":3},{"damage":7,"enemies":"Small Slimes","floor":4,"turns":3},{"damage":6,"enemies":"Cultist","floor":5,"turns":4},{"damage":25,"enemies":"3 Sentries","floor":6,"turns":9},{"damage":4,"enemies":"Exordium Wildlife","floor":8,"turns":3},{"damage":2,"enemies":"3 Louse","floor":11,"turns":4},{"damage":28,"enemies":"Lagavulin","floor":14,"turns":4}],"seed_played":"-6975783514203105987","potions_obtained":[{"floor":3,"key":"Dexterity Potion"},{"floor":3,"key":"Swift Potion"},{"floor":11,"key":"FearPotion"}],"is_trial":false,"path_per_floor":["M","?","?","M","M","E","R","M","T","R","M","?","?","E"],"character_chosen":"DEFECT","items_purchased":[],"campfire_rested":0,"item_purchase_floors":[],"current_hp_per_floor":[64,64,64,57,51,26,26,22,22,22,20,20,13,0,0],"gold":214,"neow_bonus":"BOSS_RELIC","is_daily":false,"chose_seed":false,"campfire_upgraded":2,"win_rate":0.0,"timestamp":1613107253,"path_taken":["M","?","?","?","M","E","R","M","T","R","M","?","?","E"],"items_purchased_type":[],"build_version":"2020-12-22","purchased_purges":0,"victory":false,"max_hp_per_floor":[71,71,71,71,71,71,71,71,71,71,71,71,71,71,71],"relic_stats":{"Busted Crown":12,"counters":[7,30],"obtain_stats":[{"Busted Crown":0,"Cracked Core":0,"Unceasing Top":6,"InkBottle":9},{"Busted Crown":0,"Cracked Core":0,"Unceasing Top":4,"InkBottle":5},{"Busted Crown":0,"Cracked Core":0,"Unceasing Top":19,"InkBottle":22}],"Unceasing Top":[0],"InkBottle":[2]},"card_choices":[{"not_picked":[],"picked":"Compile Driver","floor":1},{"not_picked":[],"picked":"Streamline","floor":4},{"not_picked":["Reprogram"],"picked":"SKIP","floor":5},{"not_picked":[],"picked":"Compile Driver","floor":6},{"not_picked":[],"picked":"Chaos","floor":8},{"not_picked":["Recycle"],"picked":"SKIP","floor":11}],"player_experience":1464878,"relics_obtained":[{"floor":6,"key":"Unceasing Top"},{"floor":9,"key":"InkBottle"}],"event_choices":[{"damage_healed":0,"gold_gain":0,"player_choice":"Grow","damage_taken":0,"max_hp_gain":0,"max_hp_loss":0,"event_name":"Living Wall","floor":2,"gold_loss":0,"cards_upgraded":["Compile Driver"]},{"damage_healed":0,"gold_gain":0,"player_choice":"Got Potions","damage_taken":0,"max_hp_gain":0,"max_hp_loss":0,"event_name":"Lab","floor":3,"gold_loss":0},{"cards_removed":["Strike_B"],"damage_healed":0,"gold_gain":0,"player_choice":"Card Removal","damage_taken":0,"max_hp_gain":0,"max_hp_loss":0,"event_name":"The Cleric","floor":12,"gold_loss":75},{"cards_removed":["Strike_B"],"damage_healed":0,"gold_gain":0,"player_choice":"Card Removal","damage_taken":7,"max_hp_gain":0,"max_hp_loss":0,"event_name":"Golden Wing","floor":13,"gold_loss":0}],"is_beta":false,"boss_relics":[],"items_purged_floors":[],"is_endless":false,"potions_floor_spawned":[5,11],"killed_by":"Lagavulin","ascension_level":20}}