{"host":"y1oqg7uy0jc6f5mb","time":1613121888,"event":{"mods":["AchievementEnabler","BaseMod","BetterRewards","Colored Map","Colored Powertips","Displayed Cursed Tome","Downfall","Highlight Path","Minty Spire (QoL Compilation)","Permanent Neow","Quick Restart","Relic Stats","Replay The Spire","Shop Mod","Smile Girya","StSLib"],"gold_per_floor":[199,219,27,27,27,54,135,135,148,181,195,195,95,8,25,129,129,129,129,129,129],"floor_reached":19,"language":"ENG","playtime":1725,"items_purged":["champ:Strike"],"score":188,"play_id":"7f20ee78-ca59-4399-9fb9-0e1c725a1f4c","local_time":"20210212172448","is_ascension_mode":false,"campfire_choices":[{"floor":1.0,"key":"RECALL"},{"data":"champ:Taunt","floor":13.0,"key":"SMITH"},{"data":"champ:Defend","floor":18.0,"key":"PURGE"}],"circlet_count":0,"master_deck":["champ:Strike","champ:Strike","champ:Strike","champ:Defend","champ:Defend","champ:Defend","champ:Execute","champ:Taunt+1","champ:FalseCounter","champ:GladiatorStyle","champ:EnGarde","champ:EndlessRage+1","champ:StanceDance","champ:BerserkersShout","champ:Haymaker","champ:DancingMaster","champ:FlashCut","champ:EnGarde","champ:VampiricStrike"],"relics":["champ:ChampionCrown","Nunchaku","Pear","Ring of Searing","Meat on the Bone","Dream Catcher","downfall:HeartBlessingRed","Ring of Chaos"],"acts_visited":["Exordium","TheCity"],"potions_floor_usage":[],"damage_taken":[{"damage":22.0,"enemies":"Small Slimes","floor":2.0,"turns":5.0},{"damage":25.0,"enemies":"downfall:FleeingMerchant","floor":3.0,"turns":4.0},{"damage":20.0,"enemies":"2 Louse","floor":9.0,"turns":3.0},{"damage":43.0,"enemies":"Gremlin Nob","floor":10.0,"turns":6.0},{"damage":18.0,"enemies":"Jaw Worm","floor":11.0,"turns":7.0},{"damage":20.0,"enemies":"downfall:FleeingMerchant","floor":14.0,"turns":4.0},{"damage":31.0,"enemies":"3 Louse","floor":15.0,"turns":3.0},{"damage":67.0,"enemies":"DF_ARCHETYPE_STREAMLINE","floor":16.0,"turns":9.0},{"damage":23,"enemies":"3 Byrds","floor":19,"turns":3}],"seed_played":"-7136814570542529714","potions_obtained":[{"floor":9.0,"key":"Block Potion"},{"floor":15.0,"key":"Fire Potion"}],"is_trial":false,"path_per_floor":["R","M","$","?","?","T","T","?","M","E","M","?","R","$","M","B",null,"R_BF","M"],"character_chosen":"THE_CHAMP","items_purchased":["champ:EnGarde","champ:EndlessRage","champ:FlashCut","champ:EnGarde"],"campfire_rested":0,"item_purchase_floors":[3,3,14,14],"current_hp_per_floor":[90,88,83,88,88,88,98,98,88,70,79,72,72,79,68,63,105,105,82,82,82],"gold":129,"neow_bonus":"HUNDRED_GOLD","is_daily":false,"chose_seed":false,"campfire_upgraded":1,"win_rate":0.0,"timestamp":1613121888,"path_taken":["R","M","$","?","?","?","T","?","M","E","M","?","R","?","M","BOSS","R_BF","M"],"items_purchased_type":["Card","Card","Card","Card"],"build_version":"2020-12-22","purchased_purges":1,"victory":false,"max_hp_per_floor":[90,90,90,95,95,95,105,105,105,105,105,105,105,105,105,105,105,105,105,105,105],"relic_stats":{"Nunchaku":[3],"Dream Catcher":0,"counters":[9,44],"obtain_stats":[{"Nunchaku":6,"Dream Catcher":12,"Pear":7,"downfall:HeartBlessingRed":13,"champ:ChampionCrown":0,"Ring of Chaos":17,"Ring of Searing":8,"Meat on the Bone":10},{"Nunchaku":2,"Dream Catcher":5,"Pear":2,"downfall:HeartBlessingRed":5,"champ:ChampionCrown":0,"Ring of Chaos":8,"Ring of Searing":2,"Meat on the Bone":4},{"Nunchaku":9,"Dream Catcher":25,"Pear":9,"downfall:HeartBlessingRed":25,"champ:ChampionCrown":0,"Ring of Chaos":41,"Ring of Searing":9,"Meat on the Bone":18}],"Meat on the Bone":36},"card_choices":[{"not_picked":["champ:CrownThrow","champ:PreciseThrust"],"picked":"champ:FalseCounter","floor":2.0},{"not_picked":["champ:EnGarde","champ:StanceDance"],"picked":"champ:GladiatorStyle","floor":3.0},{"not_picked":["champ:PreciseThrust","champ:FlashCut"],"picked":"champ:StanceDance","floor":9.0},{"not_picked":["champ:Circumvent","champ:Lariat"],"picked":"champ:BerserkersShout","floor":10.0},{"not_picked":["champ:Circumvent","champ:GutPunch"],"picked":"champ:Haymaker","floor":11.0},{"not_picked":["champ:BerserkersShout","champ:EnGarde"],"picked":"champ:DancingMaster","floor":14.0},{"not_picked":["champ:Shatter","champ:CrownThrow","champ:PerfectedStrike"],"picked":"SKIP","floor":15.0},{"not_picked":["champ:Devastate","champ:StrikeOfGenius"],"picked":"champ:VampiricStrike","floor":16.0}],"player_experience":425868,"relics_obtained":[{"floor":6.0,"key":"Nunchaku"},{"floor":7.0,"key":"Pear"},{"floor":8.0,"key":"Ring of Searing"},{"floor":10.0,"key":"Meat on the Bone"}],"event_choices":[{"damage_healed":0.0,"max_hp_gain":5.0,"max_hp_loss":0.0,"gold_gain":0.0,"event_name":"Big Fish","player_choice":"Donut","floor":4.0,"gold_loss":0.0,"damage_taken":0.0},{"damage_healed":0.0,"max_hp_gain":0.0,"max_hp_loss":0.0,"gold_gain":0.0,"event_name":"Scrap Ooze","player_choice":"Success","floor":12.0,"gold_loss":0.0,"damage_taken":7.0,"relics_obtained":["Dream Catcher"]}],"is_beta":false,"boss_relics":[{"not_picked":["Runic Pyramid","ChewingGum"],"picked":"Ring of Chaos"}],"items_purged_floors":[3],"is_endless":false,"potions_floor_spawned":[9,15],"killed_by":"3 Byrds","ascension_level":0}}