{"host":"19r1ww88x2tc73i0","time":1613114345,"event":{"mods":["BaseMod","Bestiary","BetterRewards","Colored Map","Minty Spire (QoL Compilation)","Relic Stats","StSLib","SuperFastMode","slay the spire mod where everything is the same but ironclad has a cowboy hat"],"gold_per_floor":[116,116,134,134,209,209,238,252,252,252,265,292,304,329,329,403,403,420,432,12,12,32,64,64,91,115,149,161,200,282,294,306,395,407,434,463,475,475],"floor_reached":37,"language":"ENG","playtime":1553,"items_purged":["Strike_G"],"score":1080,"play_id":"c090daae-bb1b-48a4-97a4-324064d23f27","local_time":"25640212141905","is_ascension_mode":true,"campfire_choices":[{"data":"Neutralize","floor":6.0,"key":"SMITH"},{"data":"Catalyst","floor":10.0,"key":"SMITH"},{"data":"Catalyst","floor":15.0,"key":"SMITH"},{"data":"Calculated Gamble","floor":28.0,"key":"SMITH"},{"data":"Bullet Time","floor":32.0,"key":"SMITH"}],"circlet_count":0,"master_deck":["AscendersBane","Strike_G+1","Defend_G+1","Defend_G","Defend_G","Defend_G","Defend_G+1","Survivor","Neutralize+1","Poisoned Stab","Catalyst+1","Deadly Poison","Backflip","Catalyst+1","Bullet Time+1","PiercingWail","Deadly Poison","Corpse Explosion","Dodge and Roll","Sucker Punch+1","Calculated Gamble+1","Bouncing Flask","Well Laid Plans+1","Night Terror","Footwork+1","Crippling Poison+1","Outmaneuver+1","Burst+1","Catalyst+1","Doppelganger+1"],"relics":["Ring of the Snake","NeowsBlessing","Dead Branch","Meat on the Bone","Toy Ornithopter","Whetstone","Coffee Dripper","Matryoshka","Frozen Egg 2","Toxic Egg 2","Gremlin Horn","MawBank","Unceasing Top","Pantograph","Darkstone Periapt","Busted Crown"],"acts_visited":["Exordium","TheCity","TheBeyond"],"potions_floor_usage":[],"damage_taken":[{"damage":0.0,"enemies":"2 Louse","floor":1.0,"turns":1.0},{"damage":0.0,"enemies":"Jaw Worm","floor":3.0,"turns":1.0},{"damage":0.0,"enemies":"Gremlin Nob","floor":7.0,"turns":1.0},{"damage":0.0,"enemies":"Small Slimes","floor":8.0,"turns":3.0},{"damage":12.0,"enemies":"Gremlin Gang","floor":11.0,"turns":5.0},{"damage":0.0,"enemies":"Lagavulin","floor":12.0,"turns":3.0},{"damage":8.0,"enemies":"3 Louse","floor":13.0,"turns":5.0},{"damage":13.0,"enemies":"3 Sentries","floor":14.0,"turns":9.0},{"damage":20.0,"enemies":"Slime Boss","floor":16.0,"turns":4.0},{"damage":0.0,"enemies":"Chosen","floor":18.0,"turns":2.0},{"damage":7.0,"enemies":"Shell Parasite","floor":19.0,"turns":3.0},{"damage":12.0,"enemies":"Chosen and Byrds","floor":22.0,"turns":5.0},{"damage":14.0,"enemies":"Book of Stabbing","floor":23.0,"turns":4.0},{"damage":35.0,"enemies":"Gremlin Leader","floor":25.0,"turns":5.0},{"damage":11.0,"enemies":"Slavers","floor":27.0,"turns":8.0},{"damage":5.0,"enemies":"Gremlin Leader","floor":29.0,"turns":3.0},{"damage":21.0,"enemies":"Champ","floor":33.0,"turns":5.0},{"damage":17.0,"enemies":"3 Darklings","floor":35.0,"turns":5.0},{"damage":0.0,"enemies":"Orb Walker","floor":36.0,"turns":3.0},{"damage":44,"enemies":"4 Shapes","floor":37,"turns":3}],"seed_played":"8656919218520319575","potions_obtained":[{"floor":3.0,"key":"Dexterity Potion"},{"floor":11.0,"key":"FearPotion"},{"floor":14.0,"key":"PowerPotion"},{"floor":16.0,"key":"BlessingOfTheForge"},{"floor":23.0,"key":"SpeedPotion"},{"floor":27.0,"key":"PowerPotion"},{"floor":29.0,"key":"DuplicationPotion"}],"is_trial":false,"path_per_floor":["M","?","M","?","?","R","E","M","T","R","M","E","M","E","R","B",null,"M","M","$","?","M","E","?","E","T","E","R","E","T","?","R","B",null,"M","M","M"],"character_chosen":"THE_SILENT","items_purchased":["Matryoshka","Calculated Gamble"],"campfire_rested":0,"item_purchase_floors":[20,20],"current_hp_per_floor":[59,52,52,32,21,21,21,21,21,21,21,33,37,41,41,38,59,59,52,52,52,45,43,43,25,25,26,26,38,38,38,38,47,61,44,44,0,0],"gold":475,"neow_bonus":"THREE_ENEMY_KILL","is_daily":false,"chose_seed":false,"campfire_upgraded":5,"win_rate":0.0,"timestamp":1613114345,"path_taken":["M","?","M","?","?","R","E","M","T","R","M","E","M","E","R","BOSS","M","M","$","?","M","E","?","E","T","E","R","E","?","?","R","BOSS","M","M","?"],"items_purchased_type":["Relic","Card"],"build_version":"2020-12-22","purchased_purges":1,"victory":false,"max_hp_per_floor":[66,66,66,66,66,66,66,66,66,66,66,66,66,66,66,66,66,66,66,66,66,66,66,66,66,66,66,66,66,66,66,66,66,66,66,66,66,66],"relic_stats":{"Darkstone Periapt":0,"Gremlin Horn":[7,8],"counters":[20,78],"Dead Branch":[101],"Whetstone":["Strike_G","Strike_G"],"MawBank":120,"Busted Crown":4,"Pantograph":25,"obtain_stats":[{"Darkstone Periapt":30,"NeowsBlessing":0,"Gremlin Horn":26,"Dead Branch":7,"Whetstone":14,"Frozen Egg 2":23,"MawBank":27,"Matryoshka":20,"Busted Crown":34,"Pantograph":30,"Coffee Dripper":17,"Toxic Egg 2":25,"Toy Ornithopter":12,"Unceasing Top":29,"Ring of the Snake":0,"Meat on the Bone":9},{"Darkstone Periapt":16,"NeowsBlessing":0,"Gremlin Horn":14,"Dead Branch":3,"Whetstone":8,"Frozen Egg 2":13,"MawBank":15,"Matryoshka":11,"Busted Crown":17,"Pantograph":16,"Coffee Dripper":9,"Toxic Egg 2":14,"Toy Ornithopter":6,"Unceasing Top":16,"Ring of the Snake":0,"Meat on the Bone":4},{"Darkstone Periapt":62,"NeowsBlessing":0,"Gremlin Horn":51,"Dead Branch":3,"Whetstone":28,"Frozen Egg 2":46,"MawBank":59,"Matryoshka":37,"Busted Crown":67,"Pantograph":62,"Coffee Dripper":32,"Toxic Egg 2":51,"Toy Ornithopter":14,"Unceasing Top":62,"Ring of the Snake":0,"Meat on the Bone":6}],"Toy Ornithopter":30,"Unceasing Top":[1],"Ring of the Snake":[40],"Meat on the Bone":108},"card_choices":[{"not_picked":["PiercingWail","Acrobatics"],"picked":"Poisoned Stab","floor":1.0},{"not_picked":["Deadly Poison","Eviscerate"],"picked":"Catalyst","floor":3.0},{"not_picked":["Cloak And Dagger","Masterful Stab"],"picked":"Deadly Poison","floor":7.0},{"not_picked":["Sucker Punch","Dagger Throw"],"picked":"Backflip","floor":8.0},{"not_picked":["Blade Dance","Slice"],"picked":"Catalyst","floor":11.0},{"not_picked":["Bane","Dodge and Roll"],"picked":"Bullet Time","floor":12.0},{"not_picked":["Backflip","Underhanded Strike"],"picked":"PiercingWail","floor":13.0},{"not_picked":["Dodge and Roll","Eviscerate"],"picked":"Deadly Poison","floor":14.0},{"not_picked":["Doppelganger","Glass Knife"],"picked":"Corpse Explosion","floor":16.0},{"not_picked":["Distraction","Poisoned Stab"],"picked":"Dodge and Roll","floor":18.0},{"not_picked":["Bane","Deadly Poison"],"picked":"Sucker Punch+1","floor":19.0},{"not_picked":["Slice","Bane"],"picked":"Bouncing Flask","floor":22.0},{"not_picked":["PiercingWail","Calculated Gamble"],"picked":"Well Laid Plans+1","floor":23.0},{"not_picked":["Noxious Fumes+1","Slice"],"picked":"Crippling Poison+1","floor":25.0},{"not_picked":["Dagger Throw","Tactician+1"],"picked":"Outmaneuver+1","floor":27.0},{"not_picked":["Deflect+1","Catalyst+1"],"picked":"Burst+1","floor":29.0},{"not_picked":["After Image+1","Burst+1"],"picked":"Doppelganger+1","floor":33.0},{"not_picked":["Predator"],"picked":"SKIP","floor":35.0},{"not_picked":["Outmaneuver+1"],"picked":"SKIP","floor":36.0}],"player_experience":1051805,"relics_obtained":[{"floor":7.0,"key":"Dead Branch"},{"floor":9.0,"key":"Meat on the Bone"},{"floor":12.0,"key":"Toy Ornithopter"},{"floor":14.0,"key":"Whetstone"},{"floor":23.0,"key":"Frozen Egg 2"},{"floor":25.0,"key":"Toxic Egg 2"},{"floor":26.0,"key":"Gremlin Horn"},{"floor":27.0,"key":"MawBank"},{"floor":29.0,"key":"Unceasing Top"},{"floor":30.0,"key":"Pantograph"},{"floor":30.0,"key":"Darkstone Periapt"}],"event_choices":[{"cards_removed":["Strike_G"],"damage_healed":0.0,"max_hp_gain":0.0,"max_hp_loss":0.0,"gold_gain":0.0,"event_name":"Golden Wing","player_choice":"Card Removal","floor":2.0,"gold_loss":0.0,"damage_taken":7.0},{"damage_healed":0.0,"max_hp_gain":0.0,"max_hp_loss":0.0,"gold_gain":0.0,"event_name":"Shining Light","player_choice":"Entered Light","floor":4.0,"gold_loss":0.0,"damage_taken":20.0,"cards_upgraded":["Defend_G","Defend_G"]},{"damage_healed":0.0,"max_hp_gain":0.0,"max_hp_loss":0.0,"gold_gain":75.0,"event_name":"World of Goop","player_choice":"Gather Gold","floor":5.0,"gold_loss":0.0,"damage_taken":11.0},{"damage_healed":0.0,"max_hp_gain":0.0,"max_hp_loss":0.0,"gold_gain":0.0,"event_name":"Vampires","player_choice":"Ignored","floor":21.0,"gold_loss":0.0,"damage_taken":0.0},{"damage_healed":0.0,"max_hp_gain":0.0,"max_hp_loss":0.0,"gold_gain":0.0,"cards_transformed":["Strike_G","Strike_G"],"event_name":"Drug Dealer","player_choice":"Became Test Subject","floor":24.0,"gold_loss":0.0,"damage_taken":0.0,"cards_obtained":["Night Terror","Footwork"]},{"damage_healed":0.0,"max_hp_gain":0.0,"max_hp_loss":0.0,"gold_gain":0.0,"event_name":"Duplicator","player_choice":"Copied","floor":31.0,"gold_loss":0.0,"damage_taken":0.0,"cards_obtained":["Catalyst"]}],"is_beta":false,"boss_relics":[{"not_picked":["Empty Cage","SlaversCollar"],"picked":"Coffee Dripper"},{"not_picked":["Calling Bell","WristBlade"],"picked":"Busted Crown"}],"items_purged_floors":[20],"is_endless":false,"potions_floor_spawned":[3,11,13,14,16,18,23,27,29],"killed_by":"4 Shapes","ascension_level":20}}