{"host":"yans4pr1zf0lm9bx","time":1613163557,"event":{"mods":["AchievementEnabler","BaseMod","Minty Spire (QoL Compilation)","StSLib","SuperFastMode","slay the spire mod where everything is the same but ironclad has a cowboy hat"],"gold_per_floor":[115,47,147,163,18,48,48,62,62,76,95,79,79,79,79,79,79],"floor_reached":16,"language":"ENG","playtime":9355,"items_purged":[],"score":128,"play_id":"df39d8dc-070f-47e7-8c1f-bdf0a410a4bb","local_time":"20210212155917","is_ascension_mode":true,"campfire_choices":[{"data":"Whirlwind","floor":13,"key":"SMITH"},{"data":"Defend_R","floor":15,"key":"SMITH"}],"circlet_count":0,"master_deck":["Strike_R","Strike_R","Strike_R","Strike_R","Defend_R+1","Defend_R","Defend_R","Defend_R","Bash+1","Bloodletting+1","Whirlwind+1","Evolve","Wild Strike","Burning Pact","Ghostly Armor"],"relics":["Burning Blood","WingedGreaves","Membership Card","Meat on the Bone"],"acts_visited":["Exordium"],"potions_floor_usage":[6,11,12],"damage_taken":[{"damage":2,"enemies":"Small Slimes","floor":1,"turns":6},{"damage":10,"enemies":"Cultist","floor":4,"turns":5},{"damage":36,"enemies":"Lagavulin","floor":6,"turns":6},{"damage":3,"enemies":"2 Louse","floor":8,"turns":2},{"damage":18,"enemies":"2 Fungi Beasts","floor":10,"turns":4},{"damage":0,"enemies":"Large Slime","floor":11,"turns":4},{"damage":15,"enemies":"Exordium Thugs","floor":12,"turns":4},{"damage":46,"enemies":"The Guardian","floor":16,"turns":7}],"seed_played":"-8543981481094907804","potions_obtained":[{"floor":1,"key":"CultistPotion"},{"floor":4,"key":"BlessingOfTheForge"},{"floor":8,"key":"DistilledChaos"},{"floor":12,"key":"LiquidBronze"}],"is_trial":false,"path_per_floor":["M","$","?","M","$","E","?","M","T","M","M","M","R","?","R","B"],"character_chosen":"IRONCLAD","items_purchased":["Whirlwind","Membership Card"],"campfire_rested":0,"item_purchase_floors":[2,5],"current_hp_per_floor":[60,60,60,56,56,26,10,25,25,25,43,46,46,46,46,0,0],"gold":79,"neow_bonus":"ONE_RARE_RELIC","is_daily":false,"chose_seed":false,"campfire_upgraded":2,"win_rate":0.0,"timestamp":1613163557,"path_taken":["M","$","?","?","$","E","?","M","T","M","M","M","R","?","R","BOSS"],"items_purchased_type":["Card","Relic"],"build_version":"2020-12-22","purchased_purges":0,"victory":false,"max_hp_per_floor":[80,80,80,80,80,80,80,80,80,80,80,80,80,80,80,80,80],"card_choices":[{"not_picked":["Hemokinesis","Heavy Blade"],"picked":"Bloodletting","floor":1},{"not_picked":["Headbutt","Clash","Pommel Strike"],"picked":"SKIP","floor":4},{"not_picked":["Sentinel","Dropkick"],"picked":"Evolve","floor":6},{"not_picked":["Shrug It Off","Brutality"],"picked":"Wild Strike","floor":8},{"not_picked":["Metallicize","Infernal Blade"],"picked":"Burning Pact","floor":10},{"not_picked":["Anger","Shrug It Off"],"picked":"Ghostly Armor","floor":11},{"not_picked":["Anger","Iron Wave","Havoc"],"picked":"SKIP","floor":12}],"player_experience":296159,"relics_obtained":[{"floor":6,"key":"Meat on the Bone"}],"event_choices":[{"damage_healed":0,"gold_gain":100,"player_choice":"Gold","damage_taken":0,"max_hp_gain":0,"max_hp_loss":0,"event_name":"Wheel of Change","floor":3,"gold_loss":0},{"damage_healed":0,"gold_gain":0,"player_choice":"Entered Light","damage_taken":16,"max_hp_gain":0,"max_hp_loss":0,"event_name":"Shining Light","floor":7,"gold_loss":0,"cards_upgraded":["Bloodletting","Bash"]},{"cards_removed":["Strike_R"],"damage_healed":0,"gold_gain":0,"player_choice":"Forget","damage_taken":0,"max_hp_gain":0,"max_hp_loss":0,"event_name":"Living Wall","floor":14,"gold_loss":0}],"is_beta":false,"boss_relics":[],"items_purged_floors":[],"is_endless":false,"potions_floor_spawned":[1,4,8,12],"killed_by":"The Guardian","ascension_level":5}}