{"host":"tpad8qsc9e0g0pa5","time":1613103909,"event":{"mods":["BaseMod","Minty Spire (QoL Compilation)","Quick Restart","StSLib","The Servant 0.9.4"],"gold_per_floor":[112,131,81,81,92,92,112,142,142,142,158,168,19,19,19,123,173,189,33,33,33,33,63,63,98,179,179,179,199,210,220,220,317,317,331,25,44,63,63,63,88,88,168,187,50,75,92,104,104,104],"floor_reached":51,"language":"ZHS","playtime":3072,"items_purged":["Strike_G"],"score":886,"play_id":"06a27bb9-1dca-4fe0-a366-e3a0370de2ac","local_time":"20210212122509","is_ascension_mode":true,"campfire_choices":[{"data":"Glass Knife","floor":6.0,"key":"SMITH"},{"floor":10.0,"key":"REST"},{"data":"Dagger Spray","floor":15.0,"key":"SMITH"},{"data":"Tools of the Trade","floor":24.0,"key":"SMITH"},{"floor":28.0,"key":"REST"},{"data":"Terror","floor":32.0,"key":"SMITH"},{"floor":40,"key":"RECALL"},{"floor":49,"key":"REST"}],"circlet_count":0,"master_deck":["Strike_G","Strike_G","Defend_G","Defend_G","Defend_G","Survivor","Neutralize","Glass Knife+1","Dagger Throw","Backflip","Cloak And Dagger","Escape Plan+1","After Image","Dagger Spray+1","Tools of the Trade+1","Blade Dance","Reflex","Terror+1","Tactician+1","Blade Dance","Wraith Form v2","Escape Plan","Slice+1","Tactician","Flechettes","Infinite Blades","Expertise","A Thousand Cuts","Escape Plan","Finisher+1"],"relics":["Ring of the Snake","Kunai","Mummified Hand","Oddly Smooth Stone","Tiny House","Akabeko","Omamori","Eternal Feather","Fusion Hammer","Mango","Ancient Tea Set","Bottled Tornado","PreservedInsect"],"acts_visited":["Exordium","TheCity","TheBeyond"],"potions_floor_usage":[41,50],"damage_taken":[{"damage":4.0,"enemies":"Small Slimes","floor":1.0,"turns":2.0},{"damage":0.0,"enemies":"Cultist","floor":2.0,"turns":3.0},{"damage":0.0,"enemies":"Jaw Worm","floor":5.0,"turns":3.0},{"damage":7.0,"enemies":"Red Slaver","floor":7.0,"turns":3.0},{"damage":23.0,"enemies":"Gremlin Nob","floor":8.0,"turns":4.0},{"damage":0.0,"enemies":"Blue Slaver","floor":11.0,"turns":4.0},{"damage":0.0,"enemies":"Gremlin Gang","floor":12.0,"turns":5.0},{"damage":8.0,"enemies":"Slime Boss","floor":16.0,"turns":11.0},{"damage":0.0,"enemies":"Spheric Guardian","floor":18.0,"turns":3.0},{"damage":27.0,"enemies":"Gremlin Leader","floor":23.0,"turns":7.0},{"damage":21.0,"enemies":"Book of Stabbing","floor":25.0,"turns":4.0},{"damage":0.0,"enemies":"3 Byrds","floor":29.0,"turns":2.0},{"damage":6.0,"enemies":"Snake Plant","floor":30.0,"turns":5.0},{"damage":5.0,"enemies":"Centurion and Healer","floor":31.0,"turns":4.0},{"damage":107.0,"enemies":"Collector","floor":33.0,"turns":11.0},{"damage":9,"enemies":"3 Darklings","floor":35,"turns":4},{"damage":11,"enemies":"3 Shapes","floor":37,"turns":6},{"damage":1,"enemies":"Writhing Mass","floor":38,"turns":8},{"damage":8,"enemies":"Reptomancer","floor":41,"turns":7},{"damage":17,"enemies":"Maw","floor":44,"turns":7},{"damage":8,"enemies":"Giant Head","floor":46,"turns":9},{"damage":4,"enemies":"3 Darklings","floor":47,"turns":3},{"damage":0,"enemies":"Jaw Worm Horde","floor":48,"turns":4},{"damage":88,"enemies":"Donu and Deca","floor":50,"turns":10}],"seed_played":"34605277329947041","potions_obtained":[{"floor":8.0,"key":"PowerPotion"},{"floor":11.0,"key":"Fire Potion"},{"floor":12.0,"key":"LiquidBronze"},{"floor":16.0,"key":"AttackPotion"},{"floor":17.0,"key":"FairyPotion"},{"floor":20.0,"key":"FairyPotion"},{"floor":23.0,"key":"DuplicationPotion"},{"floor":30.0,"key":"Block Potion"},{"floor":38,"key":"ColorlessPotion"},{"floor":47,"key":"Dexterity Potion"},{"floor":48,"key":"CunningPotion"}],"is_trial":false,"path_per_floor":["M","M","?","?","M","R","M","E","T","R","M","M","$","?","R","B",null,"M","$","?","$","$","E","R","E","T","?","R","M","M","M","R","B",null,"M","$","M","M","?","R","E","$","T","M","$","E","M","M","R","B",null],"character_chosen":"THE_SILENT","items_purchased":["Oddly Smooth Stone","Terror","Mango","A Thousand Cuts"],"campfire_rested":3,"item_purchase_floors":[13,19,36,45],"current_hp_per_floor":[66,66,66,59,59,59,52,29,29,50,50,50,50,50,50,42,75,75,75,75,75,75,48,48,27,27,20,54,54,48,43,55,7,75,66,80,69,68,68,83,75,75,75,58,58,50,46,46,89,1],"gold":104,"neow_bonus":"ONE_RANDOM_RARE_CARD","is_daily":false,"chose_seed":false,"campfire_upgraded":4,"win_rate":0.0,"timestamp":1613103909,"path_taken":["M","M","?","?","M","R","M","E","T","R","M","M","$","?","R","BOSS","M","$","?","?","$","E","R","E","T","?","R","?","M","M","R","BOSS","M","$","M","M","?","R","E","$","T","M","$","E","?","M","R","BOSS"],"items_purchased_type":["Relic","Card","Relic","Card"],"build_version":"2020-12-22","purchased_purges":1,"victory":true,"max_hp_per_floor":[70,70,70,70,70,70,70,70,70,70,70,70,70,70,70,70,75,75,75,75,75,75,75,75,75,75,75,75,75,75,75,75,75,75,75,89,89,89,89,89,89,89,89,89,89,89,89,89,89,89],"card_choices":[{"not_picked":["Outmaneuver","Noxious Fumes"],"picked":"Dagger Throw","floor":1.0},{"not_picked":["Outmaneuver","Riddle With Holes"],"picked":"Backflip","floor":2.0},{"not_picked":["Prepared","Bane"],"picked":"Cloak And Dagger","floor":5.0},{"not_picked":["Prepared","Leg Sweep","Deadly Poison"],"picked":"SKIP","floor":7.0},{"not_picked":["Well Laid Plans","Backflip"],"picked":"Escape Plan","floor":8.0},{"not_picked":["Setup","Calculated Gamble"],"picked":"After Image","floor":11.0},{"not_picked":["PiercingWail","All Out Attack"],"picked":"Dagger Spray","floor":12.0},{"not_picked":["Envenom","After Image"],"picked":"Tools of the Trade","floor":16.0},{"not_picked":["Flying Knee","Eviscerate"],"picked":"Blade Dance","floor":17.0},{"not_picked":["Prepared","All Out Attack"],"picked":"Reflex","floor":18.0},{"not_picked":["Cloak And Dagger+1","Sucker Punch"],"picked":"Tactician+1","floor":23.0},{"not_picked":["Sucker Punch+1","Setup"],"picked":"Blade Dance","floor":25.0},{"not_picked":["Dagger Throw","Choke","Deadly Poison"],"picked":"SKIP","floor":29.0},{"not_picked":["Bane+1","Terror","Sucker Punch"],"picked":"SKIP","floor":30.0},{"not_picked":["Choke","Outmaneuver","Backflip+1"],"picked":"SKIP","floor":31.0},{"not_picked":["Malaise","Envenom"],"picked":"Wraith Form v2","floor":33.0},{"not_picked":["Deadly Poison","Well Laid Plans+1"],"picked":"Escape Plan","floor":35},{"not_picked":["Flechettes","Dash"],"picked":"Slice+1","floor":37},{"not_picked":["Prepared+1","Dodge and Roll"],"picked":"Tactician","floor":38},{"not_picked":["Masterful Stab+1","Endless Agony"],"picked":"Infinite Blades","floor":41},{"not_picked":["Eviscerate","Outmaneuver+1"],"picked":"Expertise","floor":44},{"not_picked":["Masterful Stab","Deadly Poison"],"picked":"Escape Plan","floor":46},{"not_picked":["Flechettes","Catalyst","Backstab"],"picked":"SKIP","floor":47},{"not_picked":["Deflect+1","Crippling Poison+1"],"picked":"Finisher+1","floor":48}],"player_experience":323734,"relics_obtained":[{"floor":8.0,"key":"Kunai"},{"floor":9.0,"key":"Mummified Hand"},{"floor":23.0,"key":"Akabeko"},{"floor":25.0,"key":"Omamori"},{"floor":26.0,"key":"Eternal Feather"},{"floor":41,"key":"Ancient Tea Set"},{"floor":43,"key":"Bottled Tornado"},{"floor":46,"key":"PreservedInsect"}],"event_choices":[{"cards_removed":["Defend_G"],"damage_healed":0.0,"max_hp_gain":0.0,"max_hp_loss":0.0,"gold_gain":0.0,"event_name":"The Cleric","player_choice":"Card Removal","floor":3.0,"gold_loss":50.0,"damage_taken":0.0},{"cards_removed":["Strike_G"],"damage_healed":0.0,"max_hp_gain":0.0,"max_hp_loss":0.0,"gold_gain":0.0,"event_name":"Golden Wing","player_choice":"Card Removal","floor":4.0,"gold_loss":0.0,"damage_taken":7.0},{"cards_removed":["Defend_G"],"damage_healed":0.0,"max_hp_gain":0.0,"max_hp_loss":0.0,"gold_gain":0.0,"event_name":"Living Wall","player_choice":"Forget","floor":14.0,"gold_loss":0.0,"damage_taken":0.0},{"damage_healed":0.0,"max_hp_gain":0.0,"max_hp_loss":0.0,"gold_gain":0.0,"event_name":"Lab","player_choice":"Got Potions","floor":20.0,"gold_loss":0.0,"damage_taken":0.0},{"damage_healed":0.0,"max_hp_gain":0.0,"max_hp_loss":0.0,"gold_gain":0.0,"event_name":"Wheel of Change","player_choice":"Damaged","floor":27.0,"gold_loss":0.0,"damage_taken":7.0},{"damage_healed":0,"gold_gain":0,"cards_transformed":["Strike_G"],"player_choice":"Transformed","damage_taken":0,"max_hp_gain":0,"max_hp_loss":0,"event_name":"Transmorgrifier","floor":39,"gold_loss":0,"cards_obtained":["Flechettes"]}],"is_beta":false,"boss_relics":[{"not_picked":["bronze:MakeshiftBattery","Velvet Choker"],"picked":"Tiny House"},{"not_picked":["Pandora\u0027s Box","SacredBark"],"picked":"Fusion Hammer"}],"items_purged_floors":[19],"is_endless":false,"potions_floor_spawned":[8,11,12,16,18,23,30,38,47,48],"ascension_level":4}}