{"host":"bsgp9wgausrmthh2","time":1613145703,"event":{"mods":["AchievementEnabler","BaseMod","Colored Map","Downfall","Minty Spire (QoL Compilation)","Replay The Spire","StSLib"],"gold_per_floor":[116,134,87,106,125,142,142,171,171,171,171,191,191,117,117,217,217,230,248,173,190,203,203,222,222,222,222,222,6,24,41,41,142,142,161,175,0,0,0,0,15,15,39,49,49,67,67,82,82,82,82],"floor_reached":50,"language":"ENG","playtime":5293,"items_purged":[],"score":498,"play_id":"1c0457ac-60c2-4b66-9eb1-96b652bf76d8","local_time":"20210212110143","is_ascension_mode":false,"campfire_choices":[{"data":"Pommel Strike","floor":7,"key":"SMITH"},{"floor":10,"key":"REST"},{"floor":15,"key":"DIG"},{"data":"Spot Weakness","floor":23,"key":"SMITH"},{"data":"J.A.X.","floor":27,"key":"SMITH"},{"floor":32,"key":"REST"},{"data":"Feed","floor":40,"key":"SMITH"},{"data":"Inflame","floor":42,"key":"SMITH"},{"data":"Slimebound:CheckThePlaybook","floor":45,"key":"SMITH"},{"floor":49,"key":"REST"}],"circlet_count":0,"master_deck":["Strike_R+1","Strike_R","Strike_R","Strike_R","Strike_R","Defend_R","Defend_R","Defend_R","Defend_R","Bash","Run Through","Shrug It Off","Shrug It Off","Rage","Ghostly Armor","Pommel Strike+1","Infernal Blade+1","Replay:Undeath\u0027s Touch","Inflame+1","Reaper","Armaments+1","Spot Weakness+1","J.A.X.+1","Slimebound:CheckThePlaybook+1","Feed+1","Carnage","Carnage+1","Searing Blow+1","Bludgeon","ReplayTheSpireMod:Corrosion Curse","Sword Boomerang","Shrug It Off","Injury","downfall:Aged","Perfected Strike+1","ReplayTheSpireMod:Strike From Hell"],"relics":["Burning Blood","Pet Ghost","Oddly Smooth Stone","downfall:ExtraCursedKey","Pear","Busted Crown","Nunchaku","Empty Cage","Red Mask","Whetstone"],"acts_visited":["Exordium","TheCity","TheBeyond"],"potions_floor_usage":[],"damage_taken":[{"damage":17,"enemies":"Small Slimes","floor":1,"turns":5},{"damage":1,"enemies":"Cultist","floor":2,"turns":3},{"damage":2,"enemies":"Jaw Worm","floor":4,"turns":3},{"damage":16,"enemies":"Exordium Thugs","floor":5,"turns":7},{"damage":7,"enemies":"Lots of Slimes","floor":6,"turns":7},{"damage":44,"enemies":"3 Sentries","floor":8,"turns":11},{"damage":8,"enemies":"Large Slime","floor":12,"turns":5},{"damage":27,"enemies":"Fading Forest","floor":16,"turns":11},{"damage":0,"enemies":"Chosen","floor":18,"turns":3},{"damage":4,"enemies":"Spheric Guardian","floor":19,"turns":3},{"damage":36,"enemies":"Cultist and Chosen","floor":21,"turns":8},{"damage":10,"enemies":"Chosen and Byrds","floor":22,"turns":6},{"damage":11,"enemies":"Centurion and Healer","floor":24,"turns":6},{"damage":25,"enemies":"3 Cultists","floor":30,"turns":5},{"damage":22,"enemies":"Cultist and Chosen","floor":31,"turns":6},{"damage":50,"enemies":"Automaton","floor":33,"turns":8},{"damage":26,"enemies":"3 Darklings","floor":35,"turns":5},{"damage":0,"enemies":"3 Shapes","floor":36,"turns":3},{"damage":26,"enemies":"Maw","floor":41,"turns":6},{"damage":25,"enemies":"Jaw Worm Horde","floor":44,"turns":5},{"damage":25,"enemies":"Spire Growth","floor":46,"turns":4},{"damage":41,"enemies":"4 Shapes","floor":48,"turns":4},{"damage":71,"enemies":"Time Eater","floor":50,"turns":5}],"seed_played":"3983032414554941735","potions_obtained":[{"floor":1,"key":"Dexterity Potion"},{"floor":4,"key":"FearPotion"},{"floor":6,"key":"EntropicBrew"}],"is_trial":false,"path_per_floor":["M","M","$","M","M","M","R","E","T","R","?","M","?","$","R_BF","B",null,"M","M","?","M","M","R","M","?","T","R","?","$","M","M","R","B",null,"M","M","?","$","?","R","M","R","T","M","R","M","?","M","R","B"],"character_chosen":"IRONCLAD","items_purchased":["Shrug It Off","Inflame","Feed","Carnage"],"campfire_rested":3,"item_purchase_floors":[3,14,29,29],"current_hp_per_floor":[69,74,74,78,68,67,67,29,29,53,53,51,51,51,61,62,90,90,90,90,61,63,63,58,58,58,58,27,27,37,27,54,10,93,73,97,97,97,97,97,77,77,77,68,68,49,49,26,55,0,0],"gold":82,"neow_bonus":"ONE_RANDOM_RARE_CARD","is_daily":false,"chose_seed":false,"campfire_upgraded":6,"win_rate":0.0,"timestamp":1613145703,"path_taken":["M","M","$","M","M","M","R","E","T","R","?","?","?","?","R_BF","BOSS","M","?","?","M","M","R","M","?","T","R","?","$","M","M","R","BOSS","M","M","?","$","?","R","M","R","T","?","R","M","?","M","R","BOSS"],"items_purchased_type":["Card","Card","Card","Card"],"build_version":"2020-12-22","purchased_purges":0,"victory":false,"max_hp_per_floor":[80,80,80,80,80,80,80,80,80,80,80,80,80,80,90,90,90,90,90,90,90,90,90,90,90,90,90,90,90,93,93,93,93,93,93,97,97,97,97,97,97,97,97,97,97,97,97,97,97,97,97],"card_choices":[{"not_picked":["Rupture","Iron Wave"],"picked":"Run Through","floor":1},{"not_picked":["Searing Blow","Headbutt"],"picked":"Shrug It Off","floor":2},{"not_picked":["Whirlwind","Heavy Blade"],"picked":"Rage","floor":4},{"not_picked":["Havoc","ReplayTheSpireMod:Strike From Hell"],"picked":"Ghostly Armor","floor":5},{"not_picked":["True Grit","Second Wind"],"picked":"Pommel Strike","floor":6},{"not_picked":["Reckless Charge","Shrug It Off"],"picked":"Infernal Blade","floor":8},{"not_picked":["Flex","Rampage"],"picked":"Replay:Undeath\u0027s Touch","floor":12},{"not_picked":["Barricade","Impervious"],"picked":"Reaper","floor":16},{"not_picked":[],"picked":"Armaments+1","floor":18},{"not_picked":["Flex"],"picked":"SKIP","floor":19},{"not_picked":[],"picked":"Spot Weakness","floor":21},{"not_picked":["Dropkick"],"picked":"SKIP","floor":22},{"not_picked":[],"picked":"True Grit+1","floor":24},{"not_picked":[],"picked":"Carnage","floor":30},{"not_picked":[],"picked":"Searing Blow+1","floor":31},{"not_picked":[],"picked":"Bludgeon","floor":33},{"not_picked":[],"picked":"ReplayTheSpireMod:Corrosion Curse","floor":35},{"not_picked":[],"picked":"Sword Boomerang","floor":36},{"not_picked":[],"picked":"Shrug It Off","floor":41},{"not_picked":[],"picked":"Perfected Strike+1","floor":44},{"not_picked":[],"picked":"ReplayTheSpireMod:Strike From Hell","floor":46},{"not_picked":["Dropkick+1"],"picked":"SKIP","floor":48}],"player_experience":193651,"relics_obtained":[{"floor":8,"key":"Pet Ghost"},{"floor":9,"key":"Oddly Smooth Stone"},{"floor":15,"key":"Pear"},{"floor":26,"key":"Nunchaku"},{"floor":43,"key":"Whetstone"}],"event_choices":[{"damage_healed":0,"gold_gain":0,"player_choice":"Forge","damage_taken":0,"max_hp_gain":0,"max_hp_loss":0,"event_name":"Accursed Blacksmith","floor":11,"gold_loss":0,"cards_upgraded":["Infernal Blade"]},{"cards_removed":["Corruption"],"damage_healed":0,"gold_gain":0,"player_choice":"Gave Gold","damage_taken":0,"max_hp_gain":0,"max_hp_loss":0,"event_name":"Beggar","floor":20,"gold_loss":75},{"damage_healed":0,"gold_gain":0,"player_choice":"Obtain J.A.X.","damage_taken":0,"max_hp_gain":0,"max_hp_loss":0,"event_name":"Drug Dealer","floor":25,"gold_loss":0,"cards_obtained":["J.A.X."]},{"damage_healed":0,"gold_gain":0,"player_choice":"Paid","damage_taken":0,"relics_obtained":["Red Mask"],"max_hp_gain":0,"max_hp_loss":0,"event_name":"Tomb of Lord Red Mask","floor":37,"gold_loss":175},{"cards_removed":["True Grit"],"damage_healed":0,"gold_gain":0,"player_choice":"Purged","damage_taken":0,"max_hp_gain":0,"max_hp_loss":0,"event_name":"Purifier","floor":39,"gold_loss":0},{"damage_healed":0,"gold_gain":0,"player_choice":"Ignored","damage_taken":0,"max_hp_gain":0,"max_hp_loss":0,"event_name":"Mysterious Sphere","floor":47,"gold_loss":0}],"is_beta":false,"boss_relics":[{"not_picked":["Ectoplasm","Replay:Ancient Bell"],"picked":"Busted Crown"},{"not_picked":["ReplayTheSpireMod:Onyx Gauntlets","SacredBark"],"picked":"Empty Cage"}],"items_purged_floors":[],"is_endless":false,"potions_floor_spawned":[1,4,6,18,24,30,33,41,44],"killed_by":"Time Eater","ascension_level":0}}