{"host":"36mulxq349byzoa2","time":1613096497,"event":{"mods":["AchievementEnabler","BaseMod","Block Reminder","Colored Map","Colored Powertips","Minty Spire (QoL Compilation)","Rare Cards Sparkle","StSLib","SuperFastMode"],"gold_per_floor":[110,130,55,71,71,102,118,118,118,135,169,46,46,60,60,134,134,154,154,29,47,47,47,81,97,97,128,91,104,116,116,116,192,192,207,132,157,169,169,169,195,209,209,228,263,263,263,278,278,278],"floor_reached":51,"language":"ENG","playtime":2426,"items_purged":["Strike_B"],"score":1513,"play_id":"392ffd4a-7bcb-43e0-b9e6-9b926fb12a75","local_time":"20210211212137","is_ascension_mode":true,"campfire_choices":[{"floor":8,"key":"REST"},{"floor":13,"key":"REST"},{"floor":15,"key":"REST"},{"data":"Static Discharge","floor":23,"key":"SMITH"},{"floor":32,"key":"REST"},{"data":"Echo Form","floor":40,"key":"SMITH"},{"floor":46,"key":"REST"},{"floor":49,"key":"REST"}],"circlet_count":0,"master_deck":["AscendersBane","Strike_B","Defend_B","Defend_B","Defend_B","Zap","Dualcast","CurseOfTheBell","Cold Snap","Streamline","White Noise+1","Loop","Conserve Battery","Ball Lightning","Machine Learning","Heatsinks","Tempest","Defragment","Hologram","Force Field","Capacitor","Static Discharge+1","Core Surge","Buffer","Heatsinks","Reinforced Body","Compile Driver","Undo","Static Discharge","Core Surge","Static Discharge","Loop","Defragment","Coolheaded","Rainbow","Barrage","Rip and Tear","Echo Form+1","Loop+1","Heatsinks+1","Sunder","Meteor Strike"],"relics":["Calling Bell","Orichalcum","HornCleat","Prayer Wheel","Juzu Bracelet","Toy Ornithopter","Mummified Hand","Snecko Eye","Nunchaku","Meat on the Bone","Ornamental Fan","Gremlin Horn","Cursed Key","Girya","Oddly Smooth Stone","Mercury Hourglass"],"acts_visited":["Exordium","TheCity","TheBeyond"],"potions_floor_usage":[11,11,16,16,27,27,30,50],"damage_taken":[{"damage":15,"enemies":"Jaw Worm","floor":1,"turns":5},{"damage":2,"enemies":"Small Slimes","floor":2,"turns":4},{"damage":2,"enemies":"2 Louse","floor":4,"turns":3},{"damage":27,"enemies":"Lagavulin","floor":6,"turns":7},{"damage":5,"enemies":"Exordium Thugs","floor":7,"turns":4},{"damage":6,"enemies":"2 Fungi Beasts","floor":10,"turns":3},{"damage":35,"enemies":"Gremlin Nob","floor":11,"turns":6},{"damage":9,"enemies":"Red Slaver","floor":14,"turns":2},{"damage":19,"enemies":"The Guardian","floor":16,"turns":10},{"damage":0,"enemies":"Spheric Guardian","floor":18,"turns":4},{"damage":2,"enemies":"Shell Parasite","floor":21,"turns":4},{"damage":15,"enemies":"Book of Stabbing","floor":24,"turns":5},{"damage":11,"enemies":"3 Cultists","floor":25,"turns":5},{"damage":39,"enemies":"Gremlin Leader","floor":27,"turns":7},{"damage":16,"enemies":"Sentry and Sphere","floor":29,"turns":6},{"damage":0,"enemies":"Centurion and Healer","floor":30,"turns":7},{"damage":35,"enemies":"Collector","floor":33,"turns":10},{"damage":1,"enemies":"3 Shapes","floor":35,"turns":5},{"damage":0,"enemies":"Mind Bloom Boss Battle","floor":37,"turns":7},{"damage":0,"enemies":"Orb Walker","floor":38,"turns":2},{"damage":0,"enemies":"Nemesis","floor":41,"turns":5},{"damage":0,"enemies":"Maw","floor":42,"turns":5},{"damage":7,"enemies":"4 Shapes","floor":44,"turns":4},{"damage":15,"enemies":"Giant Head","floor":45,"turns":6},{"damage":22,"enemies":"3 Darklings","floor":48,"turns":3},{"damage":18,"enemies":"Donu and Deca","floor":50,"turns":8}],"seed_played":"8894006856978301502","potions_obtained":[{"floor":4,"key":"Explosive Potion"},{"floor":6,"key":"BlessingOfTheForge"},{"floor":11,"key":"LiquidBronze"},{"floor":14,"key":"Energy Potion"},{"floor":21,"key":"Block Potion"},{"floor":25,"key":"DistilledChaos"},{"floor":27,"key":"SneckoOil"},{"floor":29,"key":"FairyPotion"},{"floor":30,"key":"Ancient Potion"}],"is_trial":false,"path_per_floor":["M","M","?","M","?","E","M","R","T","M","E","$","R","M","R","B",null,"M","?","$","M","$","R","E","M","T","E","$","M","M","?","R","B",null,"M","?","?","M","?","R","E","M","T","M","E","R","?","M","R","B",null],"character_chosen":"DEFECT","items_purchased":["Force Field","Capacitor","Compile Driver","Loop"],"campfire_rested":6,"item_purchase_floors":[12,12,20,28],"current_hp_per_floor":[49,47,47,45,45,18,13,34,34,28,3,3,24,15,36,27,60,60,60,60,58,58,58,43,44,44,27,27,23,40,20,42,19,62,61,61,61,61,61,61,61,61,61,54,39,60,60,38,59,46],"gold":278,"neow_bonus":"BOSS_RELIC","is_daily":false,"chose_seed":false,"campfire_upgraded":2,"win_rate":0.0,"timestamp":1613096497,"path_taken":["M","M","?","M","?","E","M","R","T","M","E","?","R","M","R","BOSS","M","?","?","M","$","R","E","M","T","E","$","M","M","?","R","BOSS","M","?","?","M","?","R","E","M","T","M","E","R","?","M","R","BOSS"],"items_purchased_type":["Card","Card","Card","Card"],"build_version":"2020-12-22","purchased_purges":1,"victory":true,"max_hp_per_floor":[71,71,71,71,71,71,71,71,71,71,71,71,71,71,71,71,71,71,71,71,71,71,71,71,71,71,71,71,71,71,76,76,76,76,76,76,76,76,72,72,72,72,72,72,72,72,72,72,72,72],"card_choices":[{"not_picked":["Rebound","Hologram"],"picked":"Cold Snap","floor":1},{"not_picked":["Streamline","Glacier","Scrape"],"picked":"SKIP","floor":1},{"not_picked":["Glacier","Scrape"],"picked":"Streamline","floor":1},{"not_picked":["Gash","Leap"],"picked":"White Noise","floor":2},{"not_picked":["Tempest","Go for the Eyes"],"picked":"Loop","floor":2},{"not_picked":["Chaos","Self Repair"],"picked":"Conserve Battery","floor":4},{"not_picked":["Sweeping Beam","Reinforced Body"],"picked":"Ball Lightning","floor":4},{"not_picked":["Leap","Melter"],"picked":"Machine Learning","floor":6},{"not_picked":["Darkness","Turbo"],"picked":"Heatsinks","floor":7},{"not_picked":["Stack","Rebound"],"picked":"Tempest","floor":7},{"not_picked":["Coolheaded","Steam"],"picked":"Defragment","floor":10},{"not_picked":["Turbo","Go for the Eyes"],"picked":"Hologram","floor":10},{"not_picked":["Beam Cell","Recycle","Turbo"],"picked":"SKIP","floor":11},{"not_picked":["Compile Driver","Stack"],"picked":"Static Discharge","floor":14},{"not_picked":["Leap","Double Energy"],"picked":"Core Surge","floor":14},{"not_picked":["Multi-Cast","Machine Learning"],"picked":"Buffer","floor":16},{"not_picked":["Sweeping Beam","Cold Snap"],"picked":"Heatsinks","floor":18},{"not_picked":["Double Energy","Beam Cell"],"picked":"Reinforced Body","floor":18},{"not_picked":["Sweeping Beam","FTL"],"picked":"Undo","floor":21},{"not_picked":["Recycle","Gash+1","Leap"],"picked":"SKIP","floor":21},{"not_picked":["Consume","Compile Driver"],"picked":"Static Discharge","floor":24},{"not_picked":["Lockon","Go for the Eyes"],"picked":"Core Surge","floor":25},{"not_picked":["Force Field","Aggregate","Hello World"],"picked":"SKIP","floor":25},{"not_picked":["Capacitor","Rip and Tear"],"picked":"Static Discharge","floor":27},{"not_picked":["Sweeping Beam","Steam"],"picked":"Defragment","floor":29},{"not_picked":["Steam","Gash"],"picked":"Coolheaded","floor":29},{"not_picked":["Coolheaded","Cold Snap"],"picked":"Rainbow","floor":30},{"not_picked":["Coolheaded","Static Discharge","Recycle"],"picked":"SKIP","floor":30},{"not_picked":["Go for the Eyes","Aggregate"],"picked":"Barrage","floor":35},{"not_picked":["Barrage","FTL","Sweeping Beam+1"],"picked":"SKIP","floor":35},{"not_picked":["Steam Power","Turbo+1"],"picked":"Loop+1","floor":38},{"not_picked":["Machine Learning","Go for the Eyes+1"],"picked":"Heatsinks+1","floor":38},{"not_picked":["Double Energy","Recycle+1"],"picked":"Sunder","floor":41},{"not_picked":["Skim","Blizzard","Force Field"],"picked":"SKIP","floor":42},{"not_picked":["Gash","Redo+1","Stack"],"picked":"SKIP","floor":42},{"not_picked":["Consume","Fusion+1","Turbo"],"picked":"SKIP","floor":44},{"not_picked":["Rebound","Leap","Streamline"],"picked":"SKIP","floor":44},{"not_picked":["Stack","Redo","Static Discharge"],"picked":"SKIP","floor":45},{"not_picked":["Doom and Gloom","Conserve Battery"],"picked":"Meteor Strike","floor":48},{"not_picked":["Cold Snap","Melter","Hologram"],"picked":"SKIP","floor":48}],"player_experience":1042883,"relics_obtained":[{"floor":0,"key":"Orichalcum"},{"floor":0,"key":"HornCleat"},{"floor":0,"key":"Prayer Wheel"},{"floor":6,"key":"Juzu Bracelet"},{"floor":9,"key":"Toy Ornithopter"},{"floor":11,"key":"Mummified Hand"},{"floor":19,"key":"Nunchaku"},{"floor":24,"key":"Meat on the Bone"},{"floor":26,"key":"Ornamental Fan"},{"floor":27,"key":"Gremlin Horn"},{"floor":37,"key":"Girya"},{"floor":41,"key":"Oddly Smooth Stone"},{"floor":45,"key":"Mercury Hourglass"}],"event_choices":[{"cards_removed":["Defend_B"],"damage_healed":0,"gold_gain":0,"player_choice":"Card Removal","damage_taken":0,"max_hp_gain":0,"max_hp_loss":0,"event_name":"The Cleric","floor":3,"gold_loss":75},{"damage_healed":0,"gold_gain":0,"player_choice":"Grow","damage_taken":0,"max_hp_gain":0,"max_hp_loss":0,"event_name":"Living Wall","floor":5,"gold_loss":0,"cards_upgraded":["White Noise"]},{"damage_healed":0,"gold_gain":0,"player_choice":"Relic","damage_taken":0,"max_hp_gain":0,"max_hp_loss":0,"event_name":"Wheel of Change","floor":19,"gold_loss":0},{"damage_healed":0,"gold_gain":0,"player_choice":"Shed Blood","damage_taken":25,"max_hp_gain":5,"max_hp_loss":0,"event_name":"Forgotten Altar","floor":31,"gold_loss":0},{"damage_healed":0,"gold_gain":0,"cards_transformed":["Strike_B","Strike_B"],"player_choice":"Transformed Cards","damage_taken":0,"max_hp_gain":0,"max_hp_loss":0,"event_name":"Designer","floor":36,"gold_loss":75,"cards_obtained":["Rip and Tear","Echo Form"]},{"damage_healed":0,"gold_gain":0,"player_choice":"Fight","damage_taken":0,"max_hp_gain":0,"max_hp_loss":0,"event_name":"MindBloom","floor":37,"gold_loss":0},{"damage_healed":0,"gold_gain":0,"player_choice":"Max HP","damage_taken":0,"max_hp_gain":0,"max_hp_loss":4,"event_name":"Winding Halls","floor":39,"gold_loss":0},{"damage_healed":0,"gold_gain":0,"player_choice":"Ignored","damage_taken":0,"max_hp_gain":0,"max_hp_loss":0,"event_name":"Tomb of Lord Red Mask","floor":47,"gold_loss":0}],"is_beta":false,"boss_relics":[{"not_picked":["Runic Dome","Runic Pyramid"],"picked":"Snecko Eye"},{"not_picked":["Tiny House","Fusion Hammer"],"picked":"Cursed Key"}],"items_purged_floors":[20],"is_endless":false,"potions_floor_spawned":[4,6,11,14,21,25,27,29,30,35,41,45,48],"ascension_level":18}}