{"host":"5ob2rl967gmq8n3v","time":1613093947,"event":{"mods":["BaseMod","Downfall","Minty Spire (QoL Compilation)","StSLib"],"gold_per_floor":[99,111,411,411,423,423,449,484,484,498,529,115,15,45,58,160,160,60,77,89,104,104,121,148,178,78,78,78,91,40,57,70,174,174,174,192,192,192,39,50,50,60,72,91,108,156,173,203,219,219,219,245,17,17,17,17],"floor_reached":57,"language":"ENG","playtime":5428,"items_purged":["downfall:Icky","Guardian:Defend_Guardian"],"score":1303,"play_id":"1b66f593-74eb-40d7-ae00-7d574a4dad90","local_time":"20210212113907","is_ascension_mode":false,"campfire_choices":[{"floor":1.0,"key":"RECALL"},{"floor":13.0,"key":"REST"},{"data":"Guardian:DonusPower","floor":18.0,"key":"SMITH"},{"data":"Guardian:ConstructionForm","floor":26.0,"key":"SMITH"},{"data":"Guardian:FierceBash","floor":28.0,"key":"SMITH"},{"data":"Guardian:WalkerClaw","floor":35.0,"key":"SMITH"},{"data":"Guardian:CompilePackage","floor":54,"key":"SMITH"}],"circlet_count":0,"master_deck":["Guardian:Defend_Guardian","Guardian:Defend_Guardian","Guardian:Defend_Guardian","Guardian:CurlUp","Guardian:TwinSlam","Guardian:DonusPower+1","downfall:Icky","Guardian:CurlUp","Guardian:Harden","Guardian:ShieldCharger","Guardian:Repulse+1","Guardian:ConstructionForm+1","Guardian:FuturePlans","Guardian:FierceBash+1","Guardian:StasisEngine+1","Guardian:VentSteam+1","Guardian:Repulse+1","Guardian:Gem_White","Guardian:Gem_White","Guardian:PrimingBeam","Guardian:WalkerClaw+1","Guardian:Gem_White","Guardian:Orbwalk+1","Guardian:CompilePackage+1","Guardian:PrimingBeam+1","Guardian:SpikerProtocol","Injury","Parasite","Guardian:Gem_Yellow","Guardian:Gem_Red","Guardian:DonusPower+1","Guardian:ChargeUp+1","Guardian:SpikerProtocol+1","Guardian:ArmoredProtocol+1","Guardian:Gem_Cyan","expansioncontent:AwakenDeath+1","Guardian:EvasiveProtocol+1"],"relics":["bronze:MakeshiftBattery","Dream Catcher","downfall:ShatteredFragment","Mercury Hourglass","Sling","downfall:HeartBlessingBlue","Du-Vu Doll","Astrolabe","downfall:HeartBlessingGreen","Orichalcum","Eternal Feather","downfall:HeartBlessingRed","Cursed Key","Guardian:StasisCodex","Ice Cream","Frozen Egg 2","Shuriken"],"acts_visited":["Exordium","TheCity","TheBeyond","TheEnding"],"potions_floor_usage":[43,46,50,50,50,50,55,55,55,55],"damage_taken":[{"damage":0.0,"enemies":"2 Louse","floor":2.0,"turns":2.0},{"damage":10.0,"enemies":"Small Slimes","floor":5.0,"turns":4.0},{"damage":10.0,"enemies":"Gremlin Nob","floor":8.0,"turns":5.0},{"damage":6.0,"enemies":"Cultist","floor":10.0,"turns":4.0},{"damage":24.0,"enemies":"3 Sentries","floor":11.0,"turns":10.0},{"damage":5.0,"enemies":"downfall:FleeingMerchant","floor":12.0,"turns":4.0},{"damage":12.0,"enemies":"Lagavulin","floor":14.0,"turns":5.0},{"damage":0.0,"enemies":"Exordium Wildlife","floor":15.0,"turns":3.0},{"damage":0.0,"enemies":"IC_STATUS_ARCHETYPE","floor":16.0,"turns":8.0},{"damage":4.0,"enemies":"Chosen","floor":19.0,"turns":5.0},{"damage":8.0,"enemies":"3 Byrds","floor":20.0,"turns":4.0},{"damage":20.0,"enemies":"Centurion and Healer","floor":21.0,"turns":7.0},{"damage":0.0,"enemies":"Sentry and Sphere","floor":23.0,"turns":6.0},{"damage":2.0,"enemies":"Slavers","floor":25.0,"turns":4.0},{"damage":0.0,"enemies":"Snecko","floor":29.0,"turns":4.0},{"damage":9.0,"enemies":"downfall:FleeingMerchant","floor":30.0,"turns":4.0},{"damage":15.0,"enemies":"Snake Plant","floor":31.0,"turns":3.0},{"damage":17.0,"enemies":"Shelled Parasite and Fungi","floor":32.0,"turns":4.0},{"damage":17.0,"enemies":"SI_MIRROR_ARCHETYPE","floor":33.0,"turns":7.0},{"damage":21.0,"enemies":"Orb Walker","floor":36.0,"turns":4.0},{"damage":8.0,"enemies":"downfall:FleeingMerchant","floor":39.0,"turns":4.0},{"damage":8.0,"enemies":"3 Darklings","floor":40.0,"turns":5.0},{"damage":0.0,"enemies":"Writhing Mass","floor":42.0,"turns":3.0},{"damage":9,"enemies":"4 Shapes","floor":43,"turns":3},{"damage":0,"enemies":"Transient","floor":44,"turns":5},{"damage":12,"enemies":"Spire Growth","floor":45,"turns":4},{"damage":7,"enemies":"2 Orb Walkers","floor":46,"turns":3},{"damage":12,"enemies":"4 Shapes","floor":47,"turns":3},{"damage":0,"enemies":"Reptomancer","floor":48,"turns":5},{"damage":1,"enemies":"Transient","floor":49,"turns":5},{"damage":31,"enemies":"WA_ARCHETYPE_DIVINITY","floor":50,"turns":13},{"damage":12,"enemies":"downfall:CharBossMerchant","floor":52,"turns":8},{"damage":69,"enemies":"downfall:NeowBoss","floor":55,"turns":13},{"damage":24,"enemies":"downfall:NeowBossFinal","floor":56,"turns":11}],"seed_played":"-9100286414068516642","potions_obtained":[{"floor":5.0,"key":"Block Potion"},{"floor":8.0,"key":"PowerPotion"},{"floor":16.0,"key":"LiquidMemories"},{"floor":21.0,"key":"Fruit Juice"},{"floor":23.0,"key":"Guardian:BlockOnCardUsePotion"},{"floor":25.0,"key":"bronze:BurnAndBuffPotion"},{"floor":42.0,"key":"Dexterity Potion"},{"floor":43,"key":"Strength Potion"},{"floor":45,"key":"LiquidMemories"},{"floor":48,"key":"Guardian:StasisDiscoveryPotion"}],"is_trial":false,"path_per_floor":["R","M","?","?","M","?","T","E","?","M","E","$","R","E","M","B",null,"R","M","M","M","?","M","T","E","R","?","R","M","$","M","M","B",null,"R","M","?","?","$","M","T","M","M","M","M","?","M","E","M","B",null,"E","$","R","B","B",null],"character_chosen":"GUARDIAN","items_purchased":["Guardian:DefensiveModePotion","Sling","EntropicBrew","Guardian:Gem_White","Guardian:Gem_Yellow","expansioncontent:AwakenDeath","EntropicBrew","Guardian:EvasiveProtocol+1"],"campfire_rested":1,"item_purchase_floors":[12,12,12,30,39,53,53,53],"current_hp_per_floor":[80,80,80,80,70,70,70,60,36,30,6,1,38,26,26,26,90,90,86,78,58,58,63,63,61,73,73,85,85,76,61,44,27,95,95,74,74,105,97,89,89,89,80,80,68,61,49,49,48,17,105,93,93,105,36,12],"gold":17,"neow_bonus":"BOSS_RELIC","is_daily":false,"chose_seed":false,"campfire_upgraded":5,"win_rate":0.0,"timestamp":1613093947,"path_taken":["R","M","?","?","?","?","T","E","?","M","E","$","R","E","M","BOSS","R","M","M","M","?","M","T","E","R","?","R","?","$","M","M","BOSS","R","M","?","?","$","M","T","M","M","?","M","?","M","E","M","BOSS","E","$","R","BOSS","BOSS"],"items_purchased_type":["Potion","Relic","Potion","Card","Card","Card","Potion","Card"],"build_version":"2020-12-22","purchased_purges":2,"victory":true,"max_hp_per_floor":[80,80,80,80,80,80,80,80,80,80,80,80,90,90,90,90,90,90,90,90,90,90,95,95,95,95,95,95,95,95,95,95,95,95,95,95,95,105,105,105,105,105,105,105,105,105,105,105,105,105,105,105,105,105,105,105],"card_choices":[{"not_picked":["Guardian:WalkerClaw","Guardian:Suspension"],"picked":"Guardian:DonusPower","floor":2.0},{"not_picked":["Guardian:CrystalBeam","Guardian:Preprogram"],"picked":"Guardian:ChargeCore","floor":5.0},{"not_picked":["Guardian:Planning","Guardian:TemporalStrike"],"picked":"Guardian:Harden","floor":8.0},{"not_picked":["Guardian:PolyBeam","Guardian:SpikerProtocol"],"picked":"Guardian:Gem_Green","floor":10.0},{"not_picked":["Guardian:Gem_Green","Guardian:Recover"],"picked":"Guardian:ShieldCharger","floor":11.0},{"not_picked":["Guardian:Incinerate","Guardian:Gem_Green"],"picked":"Guardian:Repulse","floor":12.0},{"not_picked":["Guardian:Planning","Guardian:VentSteam"],"picked":"Guardian:Gem_Cyan","floor":13.0},{"not_picked":["Guardian:TemporalStrike","Guardian:Reroute"],"picked":"Guardian:ConstructionForm","floor":14.0},{"not_picked":["Guardian:CrystalBeam","Guardian:Incinerate"],"picked":"Guardian:FuturePlans","floor":15.0},{"not_picked":["Guardian:TimeSifter","Guardian:StasisEngine"],"picked":"Guardian:FierceBash","floor":16.0},{"not_picked":["Guardian:RollAttack","Guardian:Recover"],"picked":"Guardian:Gem_Green","floor":19.0},{"not_picked":["Guardian:DonusPower","Guardian:VentSteam+1"],"picked":"Guardian:Gem_Cyan","floor":20.0},{"not_picked":["Guardian:TemporalStrike+1","Guardian:Gem_Lightblue"],"picked":"Guardian:GatlingBeam","floor":21.0},{"not_picked":["Guardian:EvasiveProtocol","Guardian:PolyBeam"],"picked":"Guardian:Gem_White","floor":23.0},{"not_picked":["Guardian:VentSteam","Guardian:Gem_Green"],"picked":"Guardian:PrimingBeam","floor":25.0},{"not_picked":["Guardian:TemporalStrike","Guardian:VentSteam"],"picked":"Guardian:WalkerClaw","floor":29.0},{"not_picked":["Guardian:PrimingBeam","Guardian:RollAttack"],"picked":"Guardian:Gem_Blue","floor":30.0},{"not_picked":["Guardian:CompilePackage","Guardian:Reroute+1"],"picked":"Guardian:Orbwalk+1","floor":31.0},{"not_picked":["Guardian:BodySlam","Guardian:PrismaticBarrier+1","Guardian:PrimingBeam"],"picked":"SKIP","floor":32.0},{"not_picked":["Guardian:FierceBash","Guardian:AncientConstruct"],"picked":"Guardian:CompilePackage","floor":33.0},{"not_picked":["Guardian:ChargeCore+1","Guardian:MultiBeam+1"],"picked":"Guardian:PrimingBeam+1","floor":36.0},{"not_picked":["Guardian:Repulse","Guardian:VentSteam+1"],"picked":"Guardian:SpikerProtocol","floor":39.0},{"not_picked":["Guardian:ShieldCharger","Guardian:FuturePlans","Guardian:Gem_Lightblue"],"picked":"SKIP","floor":40.0},{"not_picked":["Guardian:SpikerProtocol","Guardian:DonusPower","Guardian:CrystalBeam"],"picked":"SKIP","floor":42.0},{"not_picked":["Guardian:SpikerProtocol","Guardian:DonusPower","Guardian:CrystalBeam"],"picked":"SKIP","floor":42.0},{"not_picked":["Guardian:WalkerClaw+1","Guardian:Gem_Cyan"],"picked":"Guardian:Gem_Yellow","floor":43},{"not_picked":["Guardian:Gem_Lightblue","Guardian:Reroute"],"picked":"Guardian:Gem_Red","floor":44},{"not_picked":["Guardian:ShieldCharger+1","Guardian:Gem_Green"],"picked":"Guardian:DonusPower+1","floor":45},{"not_picked":["Guardian:VentSteam","Guardian:ChargeCore+1"],"picked":"Guardian:ChargeUp+1","floor":46},{"not_picked":["Guardian:WalkerClaw+1","Guardian:GuardianWhirl"],"picked":"Guardian:Gem_Purple","floor":47},{"not_picked":["Guardian:MultiBeam","Guardian:ChargeCore"],"picked":"Guardian:SpikerProtocol+1","floor":48},{"not_picked":["Guardian:WalkerClaw","Guardian:Emergency+1"],"picked":"Guardian:ArmoredProtocol+1","floor":49},{"not_picked":["Guardian:GatlingBeam","Guardian:Gem_Green"],"picked":"Guardian:Gem_Cyan","floor":52}],"player_experience":1551994,"relics_obtained":[{"floor":8.0,"key":"Dream Catcher"},{"floor":11.0,"key":"Mercury Hourglass"},{"floor":14.0,"key":"Du-Vu Doll"},{"floor":24.0,"key":"Orichalcum"},{"floor":25.0,"key":"Eternal Feather"},{"floor":41.0,"key":"Guardian:StasisCodex"},{"floor":46,"key":"Ice Cream"},{"floor":48,"key":"Frozen Egg 2"},{"floor":52,"key":"Shuriken"}],"event_choices":[{"cards_removed":["Guardian:ChargeCore"],"damage_healed":0.0,"max_hp_gain":0.0,"max_hp_loss":0.0,"gold_gain":0.0,"event_name":"Falling","player_choice":"Removed Attack","floor":37.0,"gold_loss":0.0,"damage_taken":0.0},{"cards_removed":["Guardian:GatlingBeam"],"damage_healed":21.0,"max_hp_gain":10.0,"max_hp_loss":0.0,"gold_gain":0.0,"event_name":"Bonfire Elementals","player_choice":"Offered Rare","floor":38.0,"gold_loss":0.0,"damage_taken":0.0},{"damage_healed":0,"gold_gain":0,"player_choice":"Fight","damage_taken":0,"max_hp_gain":0,"max_hp_loss":0,"event_name":"Mysterious Sphere","floor":46,"gold_loss":0}],"is_beta":false,"boss_relics":[{"not_picked":["Runic Pyramid","Fusion Hammer"],"picked":"Astrolabe"},{"not_picked":["Velvet Choker","Coffee Dripper"],"picked":"Cursed Key"}],"items_purged_floors":[12,39],"is_endless":false,"potions_floor_spawned":[5,8,16,21,23,25,29,33,36,42,43,45,48,49],"ascension_level":0}}