{"host":"x5nedmcg1ruvdks4","time":1613154326,"event":{"mods":["AchievementEnabler","BaseMod","Block Reminder","DeckTracker","Minty Spire (QoL Compilation)","Permanent Neow"],"gold_per_floor":[118,118,132,146,165,193,193,207,207,207,157,172,201,215,215,312,312,331,345,190,207,225,225,225],"floor_reached":23,"language":"ENG","playtime":1168,"items_purged":["Defend_B"],"score":248,"play_id":"e033d312-d089-4053-ae74-cc7723e2d29b","local_time":"20210212192526","is_ascension_mode":true,"campfire_choices":[{"data":"Self Repair","floor":7.0,"key":"SMITH"},{"data":"Loop","floor":10.0,"key":"SMITH"},{"data":"Fission","floor":15.0,"key":"SMITH"}],"circlet_count":0,"master_deck":["Strike_B","Strike_B","Defend_B","Defend_B","Zap","Dualcast","Biased Cognition","Ball Lightning","Darkness","Self Repair+1","Defragment","Conserve Battery","Loop+1","Self Repair","Turbo","Fission+1","Genetic Algorithm","Electrodynamics","Genetic Algorithm+1","Buffer","Defragment","Reinforced Body"],"relics":["Cracked Core","Prayer Wheel","InkBottle","White Beast Statue","Runic Pyramid"],"acts_visited":["Exordium","TheCity"],"potions_floor_usage":[22,22,23,23],"damage_taken":[{"damage":0.0,"enemies":"Cultist","floor":1.0,"turns":4.0},{"damage":4.0,"enemies":"Jaw Worm","floor":3.0,"turns":3.0},{"damage":0.0,"enemies":"2 Louse","floor":4.0,"turns":2.0},{"damage":11.0,"enemies":"Blue Slaver","floor":5.0,"turns":3.0},{"damage":25.0,"enemies":"Lagavulin","floor":6.0,"turns":6.0},{"damage":0.0,"enemies":"Large Slime","floor":8.0,"turns":5.0},{"damage":15.0,"enemies":"2 Fungi Beasts","floor":12.0,"turns":3.0},{"damage":11.0,"enemies":"Gremlin Nob","floor":13.0,"turns":3.0},{"damage":6.0,"enemies":"3 Louse","floor":14.0,"turns":3.0},{"damage":27.0,"enemies":"The Guardian","floor":16.0,"turns":8.0},{"damage":14.0,"enemies":"2 Thieves","floor":18.0,"turns":2.0},{"damage":2.0,"enemies":"Chosen","floor":19.0,"turns":3.0},{"damage":40,"enemies":"Shelled Parasite and Fungi","floor":21,"turns":5},{"damage":26,"enemies":"Snake Plant","floor":22,"turns":4},{"damage":49,"enemies":"Book of Stabbing","floor":23,"turns":5}],"seed_played":"-7840456990789844947","potions_obtained":[{"floor":4.0,"key":"DistilledChaos"},{"floor":8.0,"key":"ColorlessPotion"},{"floor":12.0,"key":"ColorlessPotion"},{"floor":13.0,"key":"Fire Potion"},{"floor":14.0,"key":"Regen Potion"},{"floor":16.0,"key":"Fruit Juice"},{"floor":18.0,"key":"SneckoOil"},{"floor":19.0,"key":"Weak Potion"},{"floor":21,"key":"Energy Potion"},{"floor":22,"key":"Fruit Juice"}],"is_trial":false,"path_per_floor":["M","?","M","M","M","E","R","M","T","R","?","M","E","M","R","B",null,"M","M","$","M","M","E"],"character_chosen":"DEFECT","items_purchased":["Defragment"],"campfire_rested":0,"item_purchase_floors":[20],"current_hp_per_floor":[75,75,71,75,64,46,46,56,56,56,56,51,57,51,51,56,80,80,80,80,57,43,0,0],"gold":225,"neow_bonus":"TRANSFORM_CARD","is_daily":false,"chose_seed":false,"campfire_upgraded":3,"win_rate":0.0,"timestamp":1613154326,"path_taken":["M","?","M","M","M","E","R","M","T","R","?","M","E","M","R","BOSS","M","M","$","M","M","E"],"items_purchased_type":["Card"],"build_version":"2020-12-22","purchased_purges":1,"victory":false,"max_hp_per_floor":[75,75,75,75,75,75,75,75,75,75,75,75,75,75,75,75,80,80,80,80,80,85,85,85],"card_choices":[{"not_picked":["Hello World","Gash"],"picked":"Ball Lightning","floor":1.0},{"not_picked":["Conserve Battery","White Noise"],"picked":"Self Repair","floor":3.0},{"not_picked":["Lockon","Fusion"],"picked":"Defragment","floor":4.0},{"not_picked":["Stack","Fusion","Darkness"],"picked":"SKIP","floor":5.0},{"not_picked":["Recycle","Stack"],"picked":"Conserve Battery","floor":6.0},{"not_picked":["Reprogram","Go for the Eyes"],"picked":"Loop","floor":8.0},{"not_picked":["Rebound","Stack","Darkness"],"picked":"SKIP","floor":8.0},{"not_picked":["Steam Power","Reprogram"],"picked":"Self Repair","floor":12.0},{"not_picked":["Rip and Tear","Static Discharge"],"picked":"Turbo","floor":12.0},{"not_picked":["Turbo","Barrage"],"picked":"Fission","floor":13.0},{"not_picked":["Barrage","Leap"],"picked":"Genetic Algorithm","floor":14.0},{"not_picked":["Sweeping Beam","Beam Cell","Steam"],"picked":"SKIP","floor":14.0},{"not_picked":["Hyperbeam","Meteor Strike"],"picked":"Electrodynamics","floor":16.0},{"not_picked":["Rebound","Cold Snap"],"picked":"Genetic Algorithm+1","floor":18.0},{"not_picked":["Redo","Barrage","Steam"],"picked":"SKIP","floor":18.0},{"not_picked":["Conserve Battery+1","Streamline+1"],"picked":"Buffer","floor":19.0},{"not_picked":["Steam","Static Discharge","Leap"],"picked":"SKIP","floor":19.0},{"not_picked":["Go for the Eyes","Streamline"],"picked":"Reinforced Body","floor":21},{"not_picked":["Streamline","Coolheaded","Leap"],"picked":"SKIP","floor":21},{"not_picked":["Gash","Chill","Aggregate"],"picked":"SKIP","floor":22},{"not_picked":["Sweeping Beam+1","Beam Cell","Rebound+1"],"picked":"SKIP","floor":22}],"player_experience":85902,"relics_obtained":[{"floor":6.0,"key":"Prayer Wheel"},{"floor":9.0,"key":"InkBottle"},{"floor":13.0,"key":"White Beast Statue"}],"event_choices":[{"damage_healed":0.0,"max_hp_gain":0.0,"max_hp_loss":0.0,"gold_gain":0.0,"cards_transformed":["Defend_B"],"event_name":"Living Wall","player_choice":"Change","floor":2.0,"gold_loss":0.0,"damage_taken":0.0,"cards_obtained":["Darkness"]},{"cards_removed":["Strike_B"],"damage_healed":0.0,"max_hp_gain":0.0,"max_hp_loss":0.0,"gold_gain":0.0,"event_name":"The Cleric","player_choice":"Card Removal","floor":11.0,"gold_loss":50.0,"damage_taken":0.0}],"is_beta":false,"boss_relics":[{"not_picked":["Snecko Eye","Velvet Choker"],"picked":"Runic Pyramid"}],"items_purged_floors":[20],"is_endless":false,"potions_floor_spawned":[4,8,12,13,14,16,18,19,21,22],"killed_by":"Book of Stabbing","ascension_level":4}}