{"host":"6xsbn6ynqlzwllfm","time":1613138141,"event":{"mods":["2.2 Compatiblity","BaseMod","Bestiary","Colored Map","Colored Powertips","Curses Come First","Downfall","Highlight Path","Keyboard Shortcuts","Minty Spire (QoL Compilation)","Relic Stats","Slay the Relics Exporter","StSLib","SuperFastMode"],"gold_per_floor":[99,115,128,138,238,73,73,73,99,99,110,46,46,62,76,175,175,75,89,108,108,126,154,177,209,15,31,31,62,62,97,110,209,209,109,128,12,25,35,35,59,88,100,125,25,43,43,21,31,31,31,63,25,25,25,25,25,25],"floor_reached":56,"language":"ENG","playtime":3872,"items_purged":["Regret","bronze:Strike"],"score":1043,"play_id":"401c8987-858e-4c9e-bef3-deb445610bb3","local_time":"20210212085541","is_ascension_mode":true,"campfire_choices":[{"floor":1,"key":"RECALL"},{"data":"bronze:DelayedSlice","floor":8,"key":"SMITH"},{"data":"bronze:Invalidate","floor":10,"key":"SMITH"},{"data":"bronze:ItsAFeature","floor":13,"key":"SMITH"},{"floor":18,"key":"REST"},{"floor":28,"key":"REST"},{"floor":30,"key":"REST"},{"floor":35,"key":"REST"},{"floor":40,"key":"REST"},{"floor":45,"key":"REST"},{"floor":47,"key":"REST"},{"floor":54,"key":"REST"}],"circlet_count":0,"master_deck":["bronze:Defend","bronze:Defend","bronze:Defend","bronze:Defend","bronze:Replicate","bronze:Goto","bronze:Invalidate+1","bronze:DelayedSlice+1","bronze:Constructor","bronze:Backtrace","bronze:ItsAFeature+1","bronze:OilSpill","bronze:DelayedGuard","bronze:ForceShield","bronze:Philosophize","bronze:Flail","bronze:BuggyMess","bronze:TinkerersToolbox","bronze:MaxOutput","bronze:Verify","bronze:Terminator","bronze:Return","bronze:FollowUp","bronze:Terminator","bronze:Shell","bronze:BugBarrage","bronze:MaxOutput","bronze:Frontload","bronze:NullPointer","bronze:BronzeArmor+1","bronze:AlphaBuild","bronze:Optimize+1","bronze:Philosophize+1","bronze:Turbo","bronze:ForLoop+1","bronze:Iterate","bronze:BugBarrage+1"],"relics":["bronze:BronzeCore","Orrery","HornCleat","Boot","Fusion Hammer","downfall:HeartBlessingRed","Oddly Smooth Stone","Anchor","The Courier","Chemical X","Ancient Tea Set","bronze:Mallet","bronze:MakeshiftBattery","downfall:HeartBlessingGreen","OrangePellets","Bag of Marbles","Dream Catcher","downfall:HeartBlessingBlue","Blue Candle"],"acts_visited":["Exordium","TheCity","TheBeyond","TheEnding"],"potions_floor_usage":[6,12,16,32,33,36,36,43,50],"damage_taken":[{"damage":0,"enemies":"Cultist","floor":2,"turns":3},{"damage":2,"enemies":"Jaw Worm","floor":3,"turns":3},{"damage":0,"enemies":"Small Slimes","floor":4,"turns":2},{"damage":1,"enemies":"downfall:FleeingMerchant","floor":6,"turns":4},{"damage":14,"enemies":"3 Sentries","floor":9,"turns":6},{"damage":0,"enemies":"Gremlin Gang","floor":11,"turns":4},{"damage":1,"enemies":"downfall:FleeingMerchant","floor":12,"turns":4},{"damage":9,"enemies":"Red Slaver","floor":14,"turns":2},{"damage":16,"enemies":"Lots of Slimes","floor":15,"turns":2},{"damage":11,"enemies":"WA_ARCHETYPE_RETAIN","floor":16,"turns":5},{"damage":0,"enemies":"3 Byrds","floor":19,"turns":3},{"damage":20,"enemies":"Shell Parasite","floor":20,"turns":6},{"damage":0,"enemies":"3 Cultists","floor":22,"turns":3},{"damage":6,"enemies":"Slavers","floor":23,"turns":4},{"damage":1,"enemies":"Gremlin Leader","floor":25,"turns":7},{"damage":13,"enemies":"downfall:FleeingMerchant","floor":26,"turns":4},{"damage":4,"enemies":"Chosen and Byrds","floor":27,"turns":5},{"damage":0,"enemies":"Slavers","floor":29,"turns":4},{"damage":0,"enemies":"downfall:FleeingMerchant","floor":31,"turns":2},{"damage":13,"enemies":"Sentry and Sphere","floor":32,"turns":4},{"damage":6,"enemies":"SI_MIRROR_ARCHETYPE","floor":33,"turns":7},{"damage":41,"enemies":"3 Darklings","floor":36,"turns":11},{"damage":6,"enemies":"3 Shapes","floor":38,"turns":4},{"damage":2,"enemies":"Sphere and 2 Shapes","floor":39,"turns":4},{"damage":10,"enemies":"Giant Head","floor":42,"turns":7},{"damage":0,"enemies":"Maw","floor":43,"turns":6},{"damage":12,"enemies":"Nemesis","floor":44,"turns":8},{"damage":14,"enemies":"4 Shapes","floor":46,"turns":2},{"damage":2,"enemies":"Jaw Worm Horde","floor":49,"turns":5},{"damage":29,"enemies":"DF_ARCHETYPE_ORBS","floor":50,"turns":10},{"damage":46,"enemies":"downfall:CharBossMerchant","floor":52,"turns":8},{"damage":44,"enemies":"downfall:NeowBoss","floor":55,"turns":12},{"damage":3,"enemies":"downfall:NeowBossFinal","floor":56,"turns":2}],"seed_played":"-6246274365433406596","potions_obtained":[{"floor":0,"key":"hexamod:SoulburnPotion"},{"floor":0,"key":"EssenceOfSteel"},{"floor":0,"key":"EssenceOfSteel"},{"floor":3,"key":"champ:CounterPotion"},{"floor":4,"key":"SpeedPotion"},{"floor":14,"key":"sneckomod:MuddlingPotion"},{"floor":16,"key":"Weak Potion"},{"floor":19,"key":"Fire Potion"},{"floor":23,"key":"ColorlessPotion"},{"floor":32,"key":"champ:CounterPotion"},{"floor":33,"key":"Fire Potion"},{"floor":39,"key":"sneckomod:MuddlingPotion"},{"floor":42,"key":"AttackPotion"},{"floor":44,"key":"Dexterity Potion"}],"is_trial":false,"path_per_floor":["R","M","M","M","?","$","T","R","E","R","M","$","R","M","M","B",null,"R","M","M","?","M","E","T","E","$","M","R","E","R","$","M","B",null,"R","M","$","M","M","R","T","E","M","E","R","M","R","$","M","B",null,"E","$","R","B","B"],"character_chosen":"THE_AUTOMATON","items_purchased":["Orrery","bronze:BuggyMess","Chemical X","bronze:Mallet","OrangePellets","bronze:Turbo","SteroidPotion"],"campfire_rested":8,"item_purchase_floors":[6,12,26,31,37,48,53],"current_hp_per_floor":[70,70,68,68,68,67,67,67,53,53,53,52,52,43,27,16,57,70,70,50,50,50,44,44,43,30,26,47,47,68,68,55,49,65,70,29,29,23,21,42,42,32,32,20,54,40,64,64,62,33,68,22,22,46,2,0,0,0],"gold":25,"neow_bonus":"THREE_SMALL_POTIONS","is_daily":false,"chose_seed":false,"campfire_upgraded":3,"win_rate":0.0,"timestamp":1613138141,"path_taken":["R","M","?","M","?","$","T","R","E","R","M","$","R","M","M","BOSS","R","M","M","?","?","E","T","E","?","M","R","E","R","$","M","BOSS","R","?","$","M","M","R","T","E","M","E","R","M","R","?","M","BOSS","E","$","R","BOSS","BOSS"],"items_purchased_type":["Relic","Card","Relic","Relic","Relic","Card","Potion"],"build_version":"2020-12-22","purchased_purges":2,"victory":false,"max_hp_per_floor":[70,70,70,70,70,70,70,70,70,70,70,70,70,70,70,70,70,70,70,70,70,70,70,70,70,70,70,70,70,70,70,70,70,70,70,70,70,70,70,70,70,70,70,70,80,80,80,80,80,80,80,80,80,80,80,80,80,80],"relic_stats":{"OrangePellets":[29],"Dream Catcher":3,"counters":[33,163],"Blue Candle":[1],"Chemical X":[15],"Boot":[130],"obtain_stats":[{"bronze:BronzeCore":0,"downfall:HeartBlessingRed":18,"Blue Candle":52,"Oddly Smooth Stone":23,"downfall:HeartBlessingGreen":35,"The Courier":25,"bronze:Mallet":31,"Boot":9,"Ancient Tea Set":29,"OrangePellets":37,"Anchor":24,"Dream Catcher":44,"HornCleat":7,"downfall:HeartBlessingBlue":45,"Orrery":6,"Fusion Hammer":17,"Bag of Marbles":42,"Chemical X":26,"bronze:MakeshiftBattery":34},{"bronze:BronzeCore":0,"downfall:HeartBlessingRed":10,"Blue Candle":31,"Oddly Smooth Stone":14,"downfall:HeartBlessingGreen":21,"The Courier":15,"bronze:Mallet":19,"Boot":5,"Ancient Tea Set":18,"OrangePellets":22,"Anchor":14,"Dream Catcher":27,"HornCleat":4,"downfall:HeartBlessingBlue":27,"Orrery":4,"Fusion Hammer":10,"Bag of Marbles":25,"Chemical X":16,"bronze:MakeshiftBattery":21},{"bronze:BronzeCore":0,"downfall:HeartBlessingRed":35,"Blue Candle":149,"Oddly Smooth Stone":51,"downfall:HeartBlessingGreen":84,"The Courier":58,"bronze:Mallet":73,"Boot":18,"Ancient Tea Set":71,"OrangePellets":95,"Anchor":51,"Dream Catcher":124,"HornCleat":12,"downfall:HeartBlessingBlue":124,"Orrery":12,"Fusion Hammer":35,"Bag of Marbles":110,"Chemical X":62,"bronze:MakeshiftBattery":84}]},"card_choices":[{"not_picked":["bronze:InfiniteBeams","bronze:Repulsor"],"picked":"bronze:Invalidate","floor":2},{"not_picked":["bronze:ClassDefault","bronze:Invalidate"],"picked":"bronze:DelayedSlice","floor":3},{"not_picked":["bronze:Separator","bronze:BitShift"],"picked":"bronze:Constructor","floor":4},{"not_picked":["bronze:Overheat","bronze:InfiniteLoop"],"picked":"bronze:Backtrace","floor":6},{"not_picked":["bronze:BronzeOrb","bronze:BugBarrage"],"picked":"bronze:ItsAFeature","floor":6},{"not_picked":["bronze:InfiniteBeams","bronze:ForLoop"],"picked":"bronze:OilSpill","floor":6},{"not_picked":["bronze:WhirlingStrike","bronze:Turbo"],"picked":"bronze:DelayedGuard","floor":6},{"not_picked":["bronze:Invalidate","bronze:BitShift"],"picked":"bronze:ForceShield","floor":6},{"not_picked":["bronze:Refactor","bronze:DelayedSlice","bronze:Invalidate"],"picked":"SKIP","floor":9},{"not_picked":["bronze:ChildClass","bronze:BitShift"],"picked":"bronze:Philosophize","floor":11},{"not_picked":["bronze:NullPointer","bronze:OilSpill"],"picked":"bronze:Flail","floor":12},{"not_picked":["bronze:OilSpill","bronze:Turbo"],"picked":"bronze:TinkerersToolbox","floor":14},{"not_picked":["bronze:Separator","bronze:Shield"],"picked":"bronze:MaxOutput","floor":15},{"not_picked":["bronze:Assembly","bronze:RecursiveStrike"],"picked":"bronze:Verify","floor":16},{"not_picked":["bronze:ChildClass","bronze:Shield"],"picked":"bronze:Terminator","floor":20},{"not_picked":["bronze:ChosenStrike","bronze:BuggyMess"],"picked":"bronze:Shell","floor":22},{"not_picked":["bronze:Repulsor","bronze:BitShift"],"picked":"bronze:BugBarrage","floor":23},{"not_picked":["bronze:OilSpill","bronze:FineTuning"],"picked":"bronze:MaxOutput","floor":25},{"not_picked":["bronze:Branch+1","bronze:AlphaBuild"],"picked":"bronze:Frontload","floor":26},{"not_picked":["bronze:WhirlingStrike","bronze:Backtrace"],"picked":"bronze:NullPointer","floor":27},{"not_picked":["bronze:OilSpill+1","bronze:TinkerersToolbox"],"picked":"bronze:BronzeArmor+1","floor":29},{"not_picked":["bronze:WildBeam","bronze:DelayedSlice","bronze:Repair"],"picked":"SKIP","floor":31},{"not_picked":["bronze:Assembly","bronze:SpaghettiCode"],"picked":"bronze:AlphaBuild","floor":33},{"not_picked":["bronze:WildBeam","bronze:Separator+1","bronze:Allocate"],"picked":"SKIP","floor":36},{"not_picked":["bronze:Shield+1","bronze:Separator+1"],"picked":"bronze:Optimize+1","floor":39},{"not_picked":["bronze:Branch+1","bronze:InfiniteBeams"],"picked":"bronze:Philosophize+1","floor":42},{"not_picked":["bronze:Overheat+1","bronze:FineTuning","bronze:BitShift+1"],"picked":"SKIP","floor":43},{"not_picked":["bronze:NullPointer+1","bronze:Boost+1","bronze:SpaghettiCode"],"picked":"SKIP","floor":44},{"not_picked":["bronze:Iterate+1","bronze:FollowUp+1"],"picked":"bronze:ForLoop+1","floor":49},{"not_picked":["bronze:Shield","bronze:BronzeOrb+1"],"picked":"bronze:Iterate","floor":52},{"not_picked":["bronze:Constructor","bronze:Separator+1"],"picked":"bronze:BugBarrage+1","floor":54}],"player_experience":1741387,"relics_obtained":[{"floor":7,"key":"HornCleat"},{"floor":9,"key":"Boot"},{"floor":23,"key":"Oddly Smooth Stone"},{"floor":24,"key":"Anchor"},{"floor":25,"key":"The Courier"},{"floor":29,"key":"Ancient Tea Set"},{"floor":42,"key":"Bag of Marbles"},{"floor":44,"key":"Dream Catcher"},{"floor":52,"key":"Blue Candle"}],"event_choices":[],"is_beta":false,"boss_relics":[{"not_picked":["Astrolabe","Coffee Dripper"],"picked":"Fusion Hammer"},{"not_picked":["SacredBark","Cursed Key"],"picked":"bronze:MakeshiftBattery"}],"items_purged_floors":[26,31],"is_endless":false,"potions_floor_spawned":[3,4,14,16,19,23,32,33,39,42,44,46],"killed_by":"downfall:NeowBossFinal","ascension_level":5}}