{"host":"vm8b3ptwl81uq21f","time":1613147865,"event":{"mods":["Act Like it!","Aspiration","BaseMod","BetterRewards","Colored Map","Colored Powertips","Conspire","Gensokyo","GifTheSpireLib","Googly Eyes","GungeonMod","Halation","Hubris","Infinite Spire","Minty Spire (QoL Compilation)","Quick Restart","Rare Cards Sparkle","Reliquary","Replay The Spire","Shop Mod","Spicy Shops","Spire Arcade","StSLib","Stuff the Spire","The IronCluck","The Jungle","[IsaacMod]????"],"gold_per_floor":[112,123,142,142,420,447,461,461,461,480,508,527,560,560,560,636,636,654,654,654,665,665,665,695,1597,1597,1597,1617,1637,1652,1665,1678,1678,1678,1753,1753,1768,1768,1768,1788,1805,1835,1835,1852,1852,1852,1887,1887,1887,1906,1906,1906,1906,1906,1906,1938,1938],"floor_reached":58,"language":"ENG","playtime":2589,"items_purged":["Strike_G","Strike_G","BloodyBrimstone","Strike_G","Strike_G","Defend_G","Defend_G","Defend_G","Defend_G","Defend_G","Survivor","Neutralize","Distraction","Acrobatics","Cloak And Dagger","Terror","Accuracy+1","Acrobatics+1","Acrobatics+1","ReplayTheSpireMod:Scrap Shanks+1"],"score":2795,"play_id":"a79a5565-1340-4027-b4c6-c47e397c5ed5","local_time":"20210212113745","is_ascension_mode":true,"campfire_choices":[{"data":"hubris:DuctTapeCard","floor":8,"key":"SMITH"},{"data":"hubris:DuctTapeCard+2","floor":8,"key":"SMITH"},{"data":"Prepared+1","floor":15,"key":"PURGE"},{"data":"Blade Dance","floor":23,"key":"SMITH"},{"data":"hubris:DuctTapeCard+4","floor":23,"key":"SMITH"},{"data":"Blade Dance+1","floor":27,"key":"SMITH"},{"data":"hubris:DuctTapeCard+6","floor":27,"key":"SMITH"},{"data":"hubris:DuctTapeCard+8","floor":33,"key":"SMITH"},{"data":"Panache+1","floor":33,"key":"SMITH"},{"floor":49,"key":"RECALL"},{"data":"Panache+2","floor":51,"key":"SMITH"},{"data":"Panache+3","floor":51,"key":"SMITH"},{"data":"Panache+4","floor":54,"key":"SMITH"},{"data":"hubris:DuctTapeCard+12","floor":54,"key":"SMITH"}],"circlet_count":0,"master_deck":["AscendersBane","Acrobatics+1","Blade Dance+2","Master of Strategy+1","Acrobatics+1","Panache+5","hubris:DuctTapeCard+14"],"relics":["Ring of the Snake","HushsDoor","Chaos","MerchantsRug","SteamSale","Membership Card","Shuriken","StuffTheSpire:Kangaroo","conspire:TreasureMap","Ginger","Chameleon Ring","Shuriken","Lantern","Ice Cream","MoneyPower","Mummified Hand","Bag of Preparation","Byrd Skull","TungstenRod","Sundial","Replay:Antivirus Software","HoveringKite","infinitespire:EmpoweringShard","Iron Hammer","hubris:64BitClover","Replay:Baseball","Black Star","Incubus","DeadEye","SacredBark","Busted Crown","Quantum Egg","reliquary:Stiletto","Coffee Dripper","infinitespire:PuzzleCube","Paper Frog","Singing Bowl","conspire:InfiniteJournal","aspiration:HummingbirdHeart","DeadEye","Replay:Bottled Eggs","Frozen Egg 2","hubris:Potato","Ornamental Fan","Vajra","Guide Book","DemoMod:WaxWing","Sling","reliquary:Knoch","Vampiric Spirits","hubris:Metronome","conspire:DecoderRing","Pen Nib","DollysMirror","DemoMod:MeatBun","PreservedInsect","hubris:DuctTape","Replay:Arrowhead","Replay:Towering Pillar of Hats","hubris:MysteriousPyramids","DemoMod:GundromedaStrain","Blood Vial","Oddly Smooth Stone","Juzu Bracelet","halation:PinkSoulGem","Paper Crane","DemoMod:PartiallyEatenCheese","StuffTheSpire:DarkSteelAnvil","DemoMod:GlassGuonStoneRelic","hubris:Spice","ReplayFunnel","Medical Kit"],"acts_visited":["Exordium","Gensokyo:Gensokyo","DemoMod:Maze","TheBeyond","TheEnding"],"potions_floor_usage":[29,57,57],"damage_taken":[{"damage":0,"enemies":"Gensokyo:Python","floor":1,"turns":1},{"damage":0,"enemies":"Gensokyo:3_Fairies","floor":2,"turns":2},{"damage":0,"enemies":"Gensokyo:2_Kodama","floor":3,"turns":1},{"damage":0,"enemies":"Gensokyo:Cirno","floor":6,"turns":4},{"damage":0,"enemies":"Gensokyo:Kitsune","floor":7,"turns":1},{"damage":0,"enemies":"Gensokyo:5_Fairies","floor":10,"turns":2},{"damage":0,"enemies":"Gensokyo:Aya","floor":11,"turns":1},{"damage":0,"enemies":"Gensokyo:2_Rabbits","floor":12,"turns":1},{"damage":0,"enemies":"Gensokyo:Mamizou","floor":13,"turns":1},{"damage":0,"enemies":"Gensokyo:Yukari","floor":16,"turns":1},{"damage":0,"enemies":"Gensokyo:2_Gloops","floor":18,"turns":1},{"damage":0,"enemies":"Gensokyo:3_Dogs","floor":21,"turns":1},{"damage":0,"enemies":"conspire:MimicChest","floor":24,"turns":1},{"damage":0,"enemies":"DemoMod:4_Bullet_Kins","floor":28,"turns":1},{"damage":0,"enemies":"DemoMod:Veteran_shot_gun_kin_and_bullet_kin","floor":29,"turns":1},{"damage":0,"enemies":"DemoMod:Veteran_shot_gun_kin_and_blue_shotgun_kin","floor":30,"turns":1},{"damage":0,"enemies":"DemoMod:Veteran_shot_gun_kin_and_red_shotgun_kin_with_gunsinger","floor":31,"turns":1},{"damage":0,"enemies":"DemoMod:Red_and_blue_shotgun_kin_with_gunsinger","floor":32,"turns":1},{"damage":9,"enemies":"DemoMod:ResourcefulRat","floor":35,"turns":5},{"damage":0,"enemies":"Orb Walker","floor":37,"turns":1},{"damage":0,"enemies":"3 Darklings","floor":40,"turns":1},{"damage":0,"enemies":"Writhing Mass","floor":41,"turns":1},{"damage":0,"enemies":"Nemesis","floor":42,"turns":1},{"damage":0,"enemies":"Transient","floor":44,"turns":1},{"damage":0,"enemies":"R_Hoarder","floor":47,"turns":1},{"damage":0,"enemies":"3 Darklings","floor":50,"turns":1},{"damage":0,"enemies":"Time Eater","floor":52,"turns":1},{"damage":0,"enemies":"Shield and Spear","floor":56,"turns":1},{"damage":0,"enemies":"The Heart","floor":57,"turns":2}],"seed_played":"4806816498158952793","potions_obtained":[{"floor":0,"key":"infinitespire:BlackPotion"},{"floor":31,"key":"PowerPotion"},{"floor":37,"key":"GhostInAJar"}],"is_trial":false,"path_per_floor":["M","M","M","?","$","E","M","R","T","M","E","M","E","?","R_BF","B",null,"M","?","?","M","?","R","?","$","T","R","M","M","M","M","M","R","B","B",null,"M","AVR","?","M","M","E","?","M","T","?","E","$","R","M","R","B",null,"R","$","E","B",null],"character_chosen":"THE_SILENT","items_purchased":["StuffTheSpire:OldFever","Chaos","MerchantsRug","Distraction","Membership Card","Shuriken","Cracked Core","DemoMod:MonsterBlood","StuffTheSpire:Kangaroo","aspiration:StickyExplosives_weak","Accuracy","Cloak And Dagger","BlessingOfTheForge","DistilledChaos","NineVolt","StoneCalendar","Ring of Chaos","SalivaCoin","conspire:TreasureMap","StuffTheSpire:Rhapsscallions","Ginger","BelialBook","DemoMod:GnawedKey","Acrobatics","Chameleon Ring","ReplayTheSpireMod:Scrap Shanks","Brimstone","reliquary:SculptingSteel","Acrobatics","Lantern","DemoMod:MeltedRock","Ice Cream","MoneyPower","Leech","Blade Dance","Mummified Hand","Bag of Preparation","infinitespire:CheckeredPen","Byrd Skull","TungstenRod","Gambling Chip","Acrobatics","Sundial","Replay:Antivirus Software","Mango","StuffTheSpire:Gunfinga","infinitespire:EmpoweringShard","Basket Of Snakes","Charon\u0027s Ashes","Tiny House","Master of Strategy","Iron Hammer","hubris:64BitClover","Replay:Baseball","Black Star","Terror","Incubus","Prepared+1","DeadEye","SacredBark","aspiration:Lifesprig","Busted Crown","Quantum Egg","Letter Opener","reliquary:Stiletto","Coffee Dripper","infinitespire:PuzzleCube","Paper Frog","Singing Bowl","Acrobatics+1","Snack Pack","conspire:InfiniteJournal","DemoMod:Orange","aspiration:HummingbirdHeart","Diplopia","Replay:Bottled Eggs","Frozen Egg 2","hubris:Potato","Ornamental Fan","Vajra","Guide Book","DemoMod:WaxWing","Sling","reliquary:Knoch","reliquary:JackalopeAntler","Vampiric Spirits","hubris:Metronome","conspire:DecoderRing","Pen Nib","DollysMirror","Panache+1","DemoMod:MeatBun","PreservedInsect","ReplayTheSpireMod:The Works","hubris:DuctTape","Replay:Arrowhead","Replay:Towering Pillar of Hats","hubris:MysteriousPyramids","DemoMod:GundromedaStrain","hubris:Spice","hubris:Spice","Medical Kit"],"campfire_rested":0,"item_purchase_floors":[0,0,0,0,0,0,0,0,0,0,0,0,0,0,0,0,0,0,0,0,0,0,0,0,0,0,0,0,0,0,0,0,0,0,0,0,0,0,0,0,0,0,0,0,0,0,0,0,0,0,0,0,0,0,0,0,0,0,0,0,0,0,0,0,0,0,0,0,0,0,0,0,0,0,0,0,0,0,0,0,0,0,0,0,0,0,0,0,0,0,0,0,0,0,0,0,0,0,0,48,55,55],"current_hp_per_floor":[90,95,108,108,108,112,121,121,121,123,123,125,125,125,125,125,120,120,120,120,122,122,122,124,124,124,124,126,128,130,132,132,132,132,127,136,140,140,140,142,144,152,154,156,156,156,158,166,166,166,166,166,166,166,158,152,152],"gold":1938,"neow_bonus":"","is_daily":false,"chose_seed":false,"campfire_upgraded":12,"win_rate":0.0,"timestamp":1613147865,"path_taken":["M","M","M","?","$","E","M","R","T","M","E","M","E","?","R_BF","BOSS","M","?","?","M","?","R","?","$","T","R","M","M","M","M","M","R","BOSS","BOSS","M","AVR","?","M","M","E","?","M","T","?","E","$","R","M","R","BOSS","R","$","E","BOSS"],"items_purchased_type":["Relic","Card","Relic","Card","Relic","Relic","Relic","Relic","Relic","Relic","Card","Card","Potion","Potion","Relic","Relic","Relic","Relic","Relic","Relic","Relic","Relic","Relic","Card","Relic","Card","Relic","Relic","Card","Relic","Relic","Relic","Relic","Relic","Card","Relic","Relic","Relic","Relic","Relic","Relic","Card","Relic","Relic","Relic","Relic","Relic","Relic","Relic","Relic","Card","Relic","Relic","Relic","Relic","Card","Relic","Card","Relic","Relic","Relic","Relic","Relic","Relic","Relic","Relic","Relic","Relic","Relic","Card","Relic","Relic","Relic","Relic","Relic","Relic","Relic","Relic","Relic","Relic","Relic","Relic","Relic","Relic","Relic","Relic","Relic","Relic","Relic","Relic","Card","Relic","Relic","Card","Relic","Relic","Relic","Relic","Relic","Relic","Relic","Relic"],"build_version":"2020-12-22","purchased_purges":20,"victory":true,"max_hp_per_floor":[113,115,117,117,117,119,121,121,121,123,123,125,125,125,125,125,120,120,120,120,122,122,122,124,124,124,124,126,128,130,132,132,132,132,136,138,140,140,140,142,144,152,154,156,156,156,158,166,166,166,166,166,166,166,158,152,152],"card_choices":[{"not_picked":[],"picked":"BloodyBrimstone","floor":0},{"not_picked":["Crippling Poison","Dagger Spray","PiercingWail"],"picked":"Singing Bowl","floor":0},{"not_picked":["Blade Dance"],"picked":"Singing Bowl","floor":1},{"not_picked":["Backstab"],"picked":"Singing Bowl","floor":2},{"not_picked":["Sucker Punch"],"picked":"Singing Bowl","floor":3},{"not_picked":["Caltrops+1"],"picked":"Singing Bowl","floor":6},{"not_picked":["Predator"],"picked":"Singing Bowl","floor":7},{"not_picked":["Dagger Throw"],"picked":"Singing Bowl","floor":10},{"not_picked":["Bane"],"picked":"SKIP","floor":11},{"not_picked":["Outmaneuver"],"picked":"Singing Bowl","floor":12},{"not_picked":["Endless Agony"],"picked":"SKIP","floor":13},{"not_picked":["hubris:TrickCloak"],"picked":"SKIP","floor":18},{"not_picked":["hubris:Sniper"],"picked":"Singing Bowl","floor":21},{"not_picked":["StuffTheSpire:Fury+1"],"picked":"Singing Bowl","floor":24},{"not_picked":["Sneak Up"],"picked":"Singing Bowl","floor":28},{"not_picked":["Dagger Throw"],"picked":"Singing Bowl","floor":29},{"not_picked":["Catalyst"],"picked":"Singing Bowl","floor":30},{"not_picked":["Caltrops+1"],"picked":"Singing Bowl","floor":31},{"not_picked":["StuffTheSpire:Shiver"],"picked":"SKIP","floor":32},{"not_picked":["DemoMod:Elimentaler"],"picked":"Singing Bowl","floor":35},{"not_picked":["Replay:Bag of Tricks"],"picked":"Singing Bowl","floor":35},{"not_picked":["Dodge and Roll+1"],"picked":"Singing Bowl","floor":36},{"not_picked":["StuffTheSpire:BumpUp"],"picked":"Singing Bowl","floor":37},{"not_picked":["StuffTheSpire:ClusterCrunch+1"],"picked":"Singing Bowl","floor":40},{"not_picked":["Blur+1"],"picked":"Singing Bowl","floor":41},{"not_picked":["Cloak And Dagger"],"picked":"SKIP","floor":42},{"not_picked":["StuffTheSpire:PlasmaPulse"],"picked":"Singing Bowl","floor":43},{"not_picked":["Dagger Spray"],"picked":"Singing Bowl","floor":44},{"not_picked":["Blade Dance"],"picked":"Singing Bowl","floor":47},{"not_picked":["Corpse Explosion"],"picked":"SKIP","floor":50},{"not_picked":["Bane"],"picked":"Singing Bowl","floor":56}],"player_experience":405672,"relics_obtained":[{"floor":6,"key":"Blood Vial"},{"floor":9,"key":"Oddly Smooth Stone"},{"floor":13,"key":"Juzu Bracelet"},{"floor":36,"key":"DemoMod:PartiallyEatenCheese"},{"floor":36,"key":"StuffTheSpire:DarkSteelAnvil"},{"floor":42,"key":"hubris:Spice"},{"floor":47,"key":"ReplayFunnel"},{"floor":56,"key":"hubris:Spice"}],"event_choices":[{"damage_healed":0,"gold_gain":0,"player_choice":"Leave","damage_taken":0,"max_hp_gain":0,"max_hp_loss":0,"event_name":"conspire:Investor","floor":4,"gold_loss":0},{"damage_healed":0,"gold_gain":0,"player_choice":"Memory 1","damage_taken":0,"max_hp_gain":0,"max_hp_loss":0,"event_name":"SensoryStone","floor":43,"gold_loss":0}],"is_beta":false,"boss_relics":[{"not_picked":["halation:Sosunser","Velvet Choker"],"picked":"Paper Crane"},{"not_picked":[]},{"not_picked":[]},{"not_picked":[]}],"items_purged_floors":[0,0,0,0,0,0,0,0,0,0,0,0,0,0,0,5,17,25,38,48],"is_endless":false,"potions_floor_spawned":[1,3,6,10,16,18,30,31,35,37,41,47,50],"ascension_level":16}}