{"host":"pjgcdp3h1plnbocs","time":1613136721,"event":{"mods":["AchievementEnabler","BaseMod","Colored Map","Downfall","Highlight Path","Minty Spire (QoL Compilation)","StSLib"],"gold_per_floor":[115,130,80,96,109,142,142,159,159,171,198,215,232,232,232,327,327,339,351,351,129,129,129,158,158,158,187,207,207,207,241,241,345,345,363,379,56,56,75,106,106,9,9,9,9,22,22,53,53,53],"floor_reached":51,"language":"ENG","playtime":1992,"items_purged":["Defend_G","Strike_G"],"score":1251,"play_id":"2631e5c5-aaee-4193-aeff-b2ea5a430b04","local_time":"20210212143201","is_ascension_mode":true,"campfire_choices":[{"floor":7.0,"key":"REST"},{"floor":15.0,"key":"REST"},{"data":"Cloak And Dagger","floor":23.0,"key":"SMITH"},{"floor":25.0,"key":"REST"},{"floor":29.0,"key":"REST"},{"data":"Blade Dance","floor":32.0,"key":"SMITH"},{"data":"Malaise","floor":47,"key":"SMITH"},{"floor":49,"key":"REST"}],"circlet_count":0,"master_deck":["AscendersBane","Strike_G","Strike_G","Strike_G","Strike_G","Defend_G","Defend_G","Defend_G","Survivor","Neutralize","Backstab","Caltrops","Cloak And Dagger+1","Malaise+1","Poisoned Stab","Poisoned Stab","After Image","Blade Dance+1","sneckomod:IronFang+1","Slimebound:SamplingLick+1","Footwork","Flash of Steel"],"relics":["Ring of the Serpent","Shuriken","Pocketwatch","PrismaticShard","HornCleat","Snake Skull","Slimebound:PreparedRelic","Bottled Flame","MutagenicStrength","StoneCalendar","Philosopher\u0027s Stone","Strange Spoon","PreservedInsect","Frozen Egg 2","Mercury Hourglass","Centennial Puzzle"],"acts_visited":["Exordium","TheCity","TheBeyond"],"potions_floor_usage":[50],"damage_taken":[{"damage":13.0,"enemies":"Cultist","floor":1.0,"turns":6.0},{"damage":0.0,"enemies":"2 Louse","floor":2.0,"turns":3.0},{"damage":1.0,"enemies":"Small Slimes","floor":4.0,"turns":3.0},{"damage":6.0,"enemies":"Looter","floor":5.0,"turns":4.0},{"damage":33.0,"enemies":"3 Sentries","floor":6.0,"turns":14.0},{"damage":0.0,"enemies":"2 Fungi Beasts","floor":8.0,"turns":3.0},{"damage":10.0,"enemies":"Exordium Wildlife","floor":10.0,"turns":4.0},{"damage":19.0,"enemies":"Lagavulin","floor":11.0,"turns":7.0},{"damage":3.0,"enemies":"3 Louse","floor":12.0,"turns":3.0},{"damage":1.0,"enemies":"Looter","floor":13.0,"turns":3.0},{"damage":11.0,"enemies":"Hexaghost","floor":16.0,"turns":7.0},{"damage":12.0,"enemies":"Shell Parasite","floor":18.0,"turns":6.0},{"damage":22.0,"enemies":"Spheric Guardian","floor":19.0,"turns":5.0},{"damage":11.0,"enemies":"Gremlin Leader","floor":24.0,"turns":6.0},{"damage":9.0,"enemies":"Book of Stabbing","floor":27.0,"turns":7.0},{"damage":26.0,"enemies":"Shelled Parasite and Fungi","floor":28.0,"turns":3.0},{"damage":0.0,"enemies":"Gremlin Leader","floor":31.0,"turns":5.0},{"damage":8.0,"enemies":"Champ","floor":33.0,"turns":9.0},{"damage":34.0,"enemies":"3 Darklings","floor":35.0,"turns":6.0},{"damage":14.0,"enemies":"Orb Walker","floor":36.0,"turns":3.0},{"damage":13.0,"enemies":"Jaw Worm Horde","floor":39.0,"turns":5.0},{"damage":12,"enemies":"Reptomancer","floor":40,"turns":7},{"damage":0,"enemies":"Maw","floor":46,"turns":6},{"damage":0,"enemies":"Nemesis","floor":48,"turns":5},{"damage":40,"enemies":"Awakened One","floor":50,"turns":12}],"seed_played":"-7397670917421771330","potions_obtained":[{"floor":1.0,"key":"AttackPotion"},{"floor":2.0,"key":"EssenceOfSteel"},{"floor":12.0,"key":"Explosive Potion"},{"floor":13.0,"key":"Strength Potion"},{"floor":16.0,"key":"GhostInAJar"},{"floor":35.0,"key":"Fire Potion"}],"is_trial":false,"path_per_floor":["M","M","?","M","M","E","R","M","T","M","E","M","M","?","R","B",null,"M","M","?","$","?","R","E","R","T","E","M","R","?","E","R","B",null,"M","M","$","?","M","E","?","$","T","?","T","M","R","E","R","B",null],"character_chosen":"THE_SILENT","items_purchased":["PrismaticShard","Footwork","Strange Spoon","Flash of Steel"],"campfire_rested":5,"item_purchase_floors":[21,37,37,42],"current_hp_per_floor":[57,57,57,56,50,17,40,40,40,30,11,8,7,7,30,19,63,51,29,29,29,29,29,18,41,41,32,6,29,29,29,29,21,63,29,15,15,67,54,42,42,42,42,42,42,42,42,42,61,21],"gold":53,"neow_bonus":"TEN_PERCENT_HP_BONUS","is_daily":false,"chose_seed":false,"campfire_upgraded":3,"win_rate":0.0,"timestamp":1613136721,"path_taken":["M","M","?","M","M","E","R","M","T","M","E","M","M","?","R","BOSS","M","M","?","$","?","R","E","R","T","E","M","R","?","E","R","BOSS","M","M","$","?","M","E","?","?","T","?","?","M","R","E","R","BOSS"],"items_purchased_type":["Relic","Card","Relic","Card"],"build_version":"2020-12-22","purchased_purges":2,"victory":true,"max_hp_per_floor":[77,77,77,77,77,77,77,77,77,77,77,77,77,77,77,77,77,77,77,77,77,77,77,77,77,77,77,77,77,77,77,77,77,77,77,77,77,67,67,67,64,64,64,64,64,64,64,64,64,64],"card_choices":[{"not_picked":["Reflex","Slice"],"picked":"Backstab","floor":1.0},{"not_picked":["Underhanded Strike","Leg Sweep"],"picked":"Caltrops","floor":2.0},{"not_picked":["Accuracy","Riddle With Holes"],"picked":"Cloak And Dagger","floor":4.0},{"not_picked":["Blade Dance","Dagger Throw"],"picked":"Malaise","floor":5.0},{"not_picked":["Caltrops","Choke","Finisher"],"picked":"SKIP","floor":6.0},{"not_picked":["Deadly Poison","Accuracy"],"picked":"Poisoned Stab","floor":8.0},{"not_picked":["Concentrate","Dodge and Roll","Deadly Poison"],"picked":"SKIP","floor":10.0},{"not_picked":["Prepared","Quick Slash","Burst"],"picked":"SKIP","floor":11.0},{"not_picked":["Deadly Poison","Bouncing Flask"],"picked":"Poisoned Stab","floor":12.0},{"not_picked":["Sucker Punch","Outmaneuver","Quick Slash"],"picked":"SKIP","floor":13.0},{"not_picked":["Corpse Explosion","Envenom"],"picked":"After Image","floor":16.0},{"not_picked":["Expertise","Dagger Throw+1","Outmaneuver"],"picked":"SKIP","floor":18.0},{"not_picked":["Flying Knee","Leg Sweep"],"picked":"Blade Dance","floor":19.0},{"not_picked":["sneckomod:UnknownClassSLIMEBOUND","hexamod:RadiantFlame","Slimebound:OozeBath"],"picked":"SKIP","floor":24.0},{"not_picked":["Reckless Charge","hexamod:HauntingEcho","sneckomod:DiceBlock+1"],"picked":"SKIP","floor":27.0},{"not_picked":["FollowUp","bronze:Deprecate"],"picked":"sneckomod:IronFang+1","floor":28.0},{"not_picked":["Feed","sneckomod:QuickMove","Masterful Stab"],"picked":"SKIP","floor":31.0},{"not_picked":["hexamod:NightmareStrike+1","Sunder"],"picked":"Slimebound:SamplingLick+1","floor":35.0},{"not_picked":["sneckomod:MasterEye+1","champ:EndlessRage+1","PiercingWail+1"],"picked":"SKIP","floor":36.0},{"not_picked":["champ:TornadoPunch+1","Guardian:Planning+1","bronze:ItsAFeature"],"picked":"SKIP","floor":39.0},{"not_picked":["Slimebound:ProtectTheBoss+1","PathToVictory","Wallop+1"],"picked":"SKIP","floor":40},{"not_picked":["hexamod:GhostLash+1","Slimebound:SplitBruiser","ClearTheMind"],"picked":"SKIP","floor":46},{"not_picked":["hexamod:GhostLash+1","Slimebound:SplitBruiser","ClearTheMind"],"picked":"SKIP","floor":46},{"not_picked":["bronze:DelayedGuard+1","champ:FaceSlap+1","Judgement"],"picked":"SKIP","floor":48}],"player_experience":235264,"relics_obtained":[{"floor":6.0,"key":"Shuriken"},{"floor":11.0,"key":"Pocketwatch"},{"floor":24.0,"key":"Snake Skull"},{"floor":26.0,"key":"Slimebound:PreparedRelic"},{"floor":27.0,"key":"Bottled Flame"},{"floor":31.0,"key":"StoneCalendar"},{"floor":40,"key":"PreservedInsect"},{"floor":43,"key":"Frozen Egg 2"},{"floor":45,"key":"Mercury Hourglass"},{"floor":48,"key":"Centennial Puzzle"}],"event_choices":[{"cards_removed":["Defend_G"],"damage_healed":0.0,"max_hp_gain":0.0,"max_hp_loss":0.0,"gold_gain":0.0,"event_name":"The Cleric","player_choice":"Card Removal","floor":3.0,"gold_loss":50.0,"damage_taken":0.0},{"damage_healed":0.0,"max_hp_gain":0.0,"max_hp_loss":0.0,"gold_gain":0.0,"event_name":"Lab","player_choice":"Got Potions","floor":14.0,"gold_loss":0.0,"damage_taken":0.0},{"damage_healed":0.0,"max_hp_gain":0.0,"max_hp_loss":0.0,"gold_gain":0.0,"event_name":"Cursed Tome","player_choice":"Ignored","floor":20.0,"gold_loss":0.0,"damage_taken":0.0},{"damage_healed":0.0,"max_hp_gain":0.0,"max_hp_loss":0.0,"gold_gain":0.0,"event_name":"The Mausoleum","player_choice":"Opened","floor":22.0,"gold_loss":0.0,"damage_taken":0.0,"relics_obtained":["HornCleat"]},{"damage_healed":0.0,"max_hp_gain":0.0,"max_hp_loss":0.0,"gold_gain":0.0,"event_name":"Drug Dealer","player_choice":"Inject Mutagens","floor":30.0,"gold_loss":0.0,"damage_taken":0.0,"relics_obtained":["MutagenicStrength"]},{"damage_healed":67.0,"max_hp_gain":0.0,"max_hp_loss":10.0,"gold_gain":0.0,"event_name":"The Moai Head","player_choice":"Heal","floor":38.0,"gold_loss":0.0,"damage_taken":0.0},{"damage_healed":0,"gold_gain":0,"player_choice":"Max HP","damage_taken":0,"max_hp_gain":0,"max_hp_loss":3,"event_name":"Winding Halls","floor":41,"gold_loss":0},{"damage_healed":0,"gold_gain":0,"player_choice":"Ignored","damage_taken":0,"max_hp_gain":0,"max_hp_loss":0,"event_name":"Mysterious Sphere","floor":44,"gold_loss":0}],"is_beta":false,"boss_relics":[{"not_picked":["Pandora\u0027s Box","HoveringKite"],"picked":"Ring of the Serpent"},{"not_picked":["Tiny House","Velvet Choker"],"picked":"Philosopher\u0027s Stone"}],"items_purged_floors":[21,37],"is_endless":false,"potions_floor_spawned":[1,2,8,12,13,16,18,24,27,35,39,48],"ascension_level":11}}