{"host":"k0cm6nn9mnmji9h1","time":1613130232,"event":{"mods":["100% Spire Juice","2.2 Compatiblity","AchievementEnabler","BaseMod","Colored Map","DeckTracker","Gremlin Skip","Highlight Path","Minty Spire (QoL Compilation)","Permanent Neow","Shade Mod","StSLib","The Dragon Tamer","The Marked","Waifu the Spire"],"gold_per_floor":[111,130,148,73,87,87,98,113,183,203,233,233,245,260,260,357,407,424,441,124,124,141,175,14,14,14,27,27,27],"floor_reached":28,"language":"KOR","playtime":1353,"items_purged":["Strike_G","Strike_G","Strike_G"],"score":271,"play_id":"fbeb5f67-6eec-47e2-b269-71974fd108c8","local_time":"20210212204352","is_ascension_mode":false,"campfire_choices":[{"data":"Deadly Poison","floor":6,"key":"SMITH"},{"data":"Footwork","floor":12,"key":"SMITH"},{"data":"Cloak And Dagger","floor":15,"key":"SMITH"}],"circlet_count":0,"master_deck":["Strike_G","Strike_G","Defend_G","Defend_G","Defend_G","Defend_G","Survivor","Neutralize","Dagger Throw","Sucker Punch","Deadly Poison+1","Backstab","Deadly Poison","Dash+1","Cloak And Dagger+1","Crippling Poison","Footwork+1","Slice","Envenom","PiercingWail","Backflip","Catalyst","Accuracy","Footwork","Infinite Blades","Blade Dance+1"],"relics":["Ring of the Snake","Kunai","Blood Vial","Tiny House","Gambling Chip","Nloth\u0027s Gift","Ornamental Fan"],"acts_visited":["Exordium","TheCity"],"potions_floor_usage":[11,16,23,23,27,28],"damage_taken":[{"damage":1,"enemies":"Cultist","floor":1,"turns":3},{"damage":0,"enemies":"Small Slimes","floor":2,"turns":3},{"damage":0,"enemies":"2 Louse","floor":3,"turns":3},{"damage":4,"enemies":"Looter","floor":5,"turns":3},{"damage":10,"enemies":"Lots of Slimes","floor":7,"turns":3},{"damage":0,"enemies":"Exordium Thugs","floor":8,"turns":3},{"damage":6,"enemies":"Exordium Wildlife","floor":10,"turns":4},{"damage":9,"enemies":"3 Sentries","floor":11,"turns":11},{"damage":3,"enemies":"Blue Slaver","floor":13,"turns":3},{"damage":0,"enemies":"2 Fungi Beasts","floor":14,"turns":4},{"damage":1,"enemies":"Slime Boss","floor":16,"turns":12},{"damage":7,"enemies":"3 Byrds","floor":18,"turns":7},{"damage":13,"enemies":"Spheric Guardian","floor":19,"turns":6},{"damage":9,"enemies":"Snake Plant","floor":22,"turns":5},{"damage":27,"enemies":"Slavers","floor":23,"turns":7},{"damage":30,"enemies":"Shelled Parasite and Fungi","floor":27,"turns":6},{"damage":32,"enemies":"Gremlin Leader","floor":28,"turns":4}],"seed_played":"9204303103835000698","potions_obtained":[{"floor":1,"key":"Strength Potion"},{"floor":7,"key":"Regen Potion"},{"floor":8,"key":"Fruit Juice"},{"floor":11,"key":"BlessingOfTheForge"},{"floor":17,"key":"Regen Potion"},{"floor":23,"key":"Ancient Potion"},{"floor":27,"key":"EssenceOfSteel"}],"is_trial":false,"path_per_floor":["M","M","M","$","M","R","M","M","T","M","E","R","M","M","R","B",null,"M","M","$","?","M","E","$","?","T","M","E"],"character_chosen":"THE_SILENT","items_purchased":["Accuracy","Strawberry","Infinite Blades"],"campfire_rested":0,"item_purchase_floors":[20,20,24],"current_hp_per_floor":[69,69,69,69,65,65,55,55,55,49,55,55,54,56,56,57,75,68,57,64,64,57,47,47,47,47,24,0,0],"gold":27,"neow_bonus":"THREE_CARDS","is_daily":false,"chose_seed":false,"campfire_upgraded":3,"win_rate":0.0,"timestamp":1613130232,"path_taken":["M","M","M","$","M","R","M","M","T","?","E","R","M","M","R","BOSS","M","M","$","?","M","E","$","?","T","M","E"],"items_purchased_type":["Card","Relic","Card"],"build_version":"2020-12-22","purchased_purges":3,"victory":false,"max_hp_per_floor":[70,70,70,70,70,70,70,70,70,70,70,70,70,70,70,70,75,75,75,82,82,82,82,82,82,82,87,87,87],"card_choices":[{"not_picked":["Choke","Leg Sweep"],"picked":"Dagger Throw","floor":0},{"not_picked":["Flechettes","Skewer"],"picked":"Sucker Punch","floor":1},{"not_picked":["Cloak And Dagger","Blade Dance"],"picked":"Deadly Poison","floor":2},{"not_picked":["Outmaneuver","Flying Knee"],"picked":"Backstab","floor":3},{"not_picked":["Infinite Blades","Cloak And Dagger"],"picked":"Deadly Poison","floor":5},{"not_picked":["Flechettes","Slice"],"picked":"Dash","floor":7},{"not_picked":["Flechettes","Expertise"],"picked":"Cloak And Dagger","floor":8},{"not_picked":["Glass Knife","Dash"],"picked":"Crippling Poison","floor":10},{"not_picked":["Dagger Throw","PiercingWail"],"picked":"Footwork","floor":11},{"not_picked":["Well Laid Plans","Eviscerate","Underhanded Strike"],"picked":"SKIP","floor":13},{"not_picked":["Sucker Punch","Deadly Poison"],"picked":"Slice","floor":14},{"not_picked":["Burst","Unload"],"picked":"Envenom","floor":16},{"not_picked":["Prepared","Bane"],"picked":"PiercingWail","floor":17},{"not_picked":["Skewer","Well Laid Plans+1"],"picked":"Backflip","floor":18},{"not_picked":["Deadly Poison+1","Outmaneuver"],"picked":"Catalyst","floor":19},{"not_picked":["Flying Knee","Slice","Prepared"],"picked":"SKIP","floor":22},{"not_picked":["Dagger Throw","Dagger Spray"],"picked":"Footwork","floor":23},{"not_picked":["Acrobatics","Adrenaline"],"picked":"Blade Dance+1","floor":27}],"player_experience":499671,"relics_obtained":[{"floor":9,"key":"Kunai"},{"floor":11,"key":"Blood Vial"},{"floor":23,"key":"Gambling Chip"},{"floor":26,"key":"Ornamental Fan"}],"event_choices":[{"cards_removed":["Defend_G"],"damage_healed":0,"gold_gain":0,"player_choice":"Elegance","damage_taken":0,"max_hp_gain":0,"max_hp_loss":0,"event_name":"Back to Basics","floor":21,"gold_loss":0},{"damage_healed":0,"gold_gain":0,"player_choice":"Traded Relic","damage_taken":0,"relics_obtained":["Nloth\u0027s Gift"],"max_hp_gain":0,"max_hp_loss":0,"event_name":"N\u0027loth","floor":25,"relics_lost":["Strawberry"],"gold_loss":0}],"is_beta":false,"boss_relics":[{"not_picked":["Runic Dome","Sozu"],"picked":"Tiny House"}],"items_purged_floors":[4,20,24],"is_endless":false,"potions_floor_spawned":[1,7,8,11,19,22,23,27],"killed_by":"Gremlin Leader","ascension_level":0}}