{"host":"5fozw18ph4jp5uv8","time":1613118199,"event":{"mods":["BaseMod","Duelist Mod","GifTheSpireLib","Hermit","Minty Spire (QoL Compilation)","StSLib"],"gold_per_floor":[136,101,118,118,133,159,170,170,170,186,186,202,202,30,30,134,134,149,149,166,91,91,91,106,106,106,120,135,57,69,79,79,176,176,190,90,108,26,26,26,46,46,101,101,121,121,132,152,152,152],"floor_reached":51,"language":"ENG","playtime":4966,"items_purged":["theDuelist:GiantSoldier","theDuelist:CastleWalls"],"score":653,"play_id":"7f3c72d0-eba7-4830-ad85-deab47098d8d","local_time":"20210212002319","is_ascension_mode":false,"campfire_choices":[{"data":"theDuelist:HappyLover","floor":11.0,"key":"SMITH"},{"data":"theDuelist:ScrapFactory","floor":13.0,"key":"SMITH"},{"data":"theDuelist:HammerShot","floor":15.0,"key":"SMITH"},{"floor":23.0,"key":"REST"},{"data":"theDuelist:PsychicShockwave","floor":25.0,"key":"SMITH"},{"floor":32.0,"key":"REST"},{"floor":40,"key":"REST"},{"data":"theDuelist:Raigeki","floor":44,"key":"SMITH"},{"data":"theDuelist:DarkHole","floor":49,"key":"SMITH"}],"circlet_count":0,"master_deck":["theDuelist:BeaverWarrior","theDuelist:BeaverWarrior","theDuelist:CastleWalls","theDuelist:FinalFlame","theDuelist:GiantSoldier","theDuelist:ScrapFactory+1","theDuelist:Sparks","theDuelist:Tuningware","theDuelist:HappyLover+1","theDuelist:Tuningware","theDuelist:PsychicShockwave+1","theDuelist:Mudora","theDuelist:DeltaMagnet","theDuelist:DoubleTool","theDuelist:Electrowhip","theDuelist:HammerShot+1","theDuelist:AmuletAmbition","theDuelist:GravityLash","theDuelist:AncientElf","Necronomicurse","theDuelist:FrontierWiseman","theDuelist:GauntletWarrior","theDuelist:HappyLover","theDuelist:HappyLover","theDuelist:YamiForm+1","theDuelist:Eva","theDuelist:RainbowNeos+1","theDuelist:PowerWall+1","theDuelist:Raigeki+1","theDuelist:CrystalRaigeki","theDuelist:CastleWalls+1","theDuelist:DarkHole+1"],"relics":["theDuelist:MillenniumPuzzle","theDuelist:CardPoolRelic","theDuelist:CardPoolBasicRelic","theDuelist:BoosterPackPoolRelic","theDuelist:CardPoolAddRelic","theDuelist:CardPoolMinusRelic","theDuelist:CardPoolSaveRelic","theDuelist:CardPoolOptionsRelic","NeowsBlessing","Incense Burner","Gremlin Horn","Runic Pyramid","Necronomicon","theDuelist:BoosterPackTrapEgg","Sozu","theDuelist:MonsterEggRelic","theDuelist:CursedHealer","theDuelist:DuelistTeaSet"],"acts_visited":["Exordium","TheCity","TheBeyond"],"potions_floor_usage":[],"damage_taken":[{"damage":0.0,"enemies":"2 Louse","floor":1.0,"turns":1.0},{"damage":0.0,"enemies":"Small Slimes","floor":3.0,"turns":1.0},{"damage":0.0,"enemies":"Cultist","floor":5.0,"turns":1.0},{"damage":0.0,"enemies":"3 Sentries","floor":6.0,"turns":14.0},{"damage":0.0,"enemies":"Blue Slaver","floor":7.0,"turns":2.0},{"damage":0.0,"enemies":"Large Slime","floor":10.0,"turns":4.0},{"damage":0.0,"enemies":"2 Fungi Beasts","floor":12.0,"turns":2.0},{"damage":18.0,"enemies":"Slime Boss","floor":16.0,"turns":10.0},{"damage":0.0,"enemies":"Spheric Guardian","floor":18.0,"turns":4.0},{"damage":2.0,"enemies":"Shell Parasite","floor":20.0,"turns":4.0},{"damage":20.0,"enemies":"Centurion and Healer","floor":24.0,"turns":4.0},{"damage":0.0,"enemies":"Shelled Parasite and Fungi","floor":27.0,"turns":2.0},{"damage":0.0,"enemies":"3 Cultists","floor":28.0,"turns":2.0},{"damage":17.0,"enemies":"Chosen and Byrds","floor":30.0,"turns":4.0},{"damage":19.0,"enemies":"Centurion and Healer","floor":31.0,"turns":2.0},{"damage":22.0,"enemies":"Champ","floor":33.0,"turns":10.0},{"damage":2.0,"enemies":"Orb Walker","floor":35.0,"turns":3.0},{"damage":4.0,"enemies":"3 Shapes","floor":37.0,"turns":1.0},{"damage":0,"enemies":"Spire Growth","floor":41,"turns":5},{"damage":0,"enemies":"Sphere and 2 Shapes","floor":45,"turns":2},{"damage":0,"enemies":"3 Darklings","floor":47,"turns":3},{"damage":0,"enemies":"Maw","floor":48,"turns":7},{"damage":22,"enemies":"Awakened One","floor":50,"turns":11}],"seed_played":"-3250400074101863407","potions_obtained":[{"floor":5.0,"key":"ColorlessPotion"},{"floor":6.0,"key":"theDuelist:VoidBottle"},{"floor":12.0,"key":"Explosive Potion"},{"floor":20.0,"key":"FairyPotion"}],"is_trial":false,"path_per_floor":["M","?","M","?","M","E","M","?","T","M","R","M","R","$","R","B",null,"M","?","M","?","?","R","M","R","T","M","M","$","M","M","R","B",null,"M","$","M","$","?","R","M","?","T","R","M","?","M","M","R","B",null],"character_chosen":"THE_DUELIST","items_purchased":["theDuelist:HammerShot","theDuelist:HappyLover","theDuelist:CrystalRaigeki"],"campfire_rested":3,"item_purchase_floors":[14,29,38],"current_hp_per_floor":[80,80,80,80,80,80,80,80,80,80,80,80,80,80,80,62,80,80,80,78,78,62,80,60,60,60,60,60,60,43,24,48,26,80,78,78,74,74,68,80,80,80,80,80,80,76,76,76,76,54],"gold":152,"neow_bonus":"THREE_ENEMY_KILL","is_daily":false,"chose_seed":false,"campfire_upgraded":6,"win_rate":0.0,"timestamp":1613118199,"path_taken":["M","?","M","?","?","E","M","?","T","M","R","M","R","$","R","BOSS","M","?","M","?","?","R","M","R","T","M","M","$","?","M","R","BOSS","M","$","M","$","?","R","M","?","T","R","M","?","M","M","R","BOSS"],"items_purchased_type":["Card","Card","Card"],"build_version":"2020-12-22","purchased_purges":2,"victory":true,"max_hp_per_floor":[80,80,80,80,80,80,80,80,80,80,80,80,80,80,80,80,80,80,80,80,80,80,80,80,80,80,80,80,80,80,80,80,80,80,80,80,80,80,80,80,80,80,80,80,80,76,76,76,76,76],"card_choices":[{"not_picked":["theDuelist:Hinotama","theDuelist:Invigoration","theDuelist:DoubleTool","theDuelist:ChaosSeed"],"picked":"theDuelist:Tuningware","floor":1.0},{"not_picked":["theDuelist:AncientElf","theDuelist:WhiteMagicalHat","theDuelist:KamionTimelord","theDuelist:Mathematician"],"picked":"theDuelist:HappyLover","floor":3.0},{"not_picked":["theDuelist:RainbowNeos","theDuelist:OnslaughtFireKings","theDuelist:EgoBoost","theDuelist:LightningVortex"],"picked":"theDuelist:Tuningware","floor":5.0},{"not_picked":["theDuelist:StarBlast","theDuelist:LightningVortex"],"picked":"theDuelist:PsychicShockwave","floor":6.0},{"not_picked":["theDuelist:GraniteLoyalist","theDuelist:Kuribohrn","theDuelist:PotDichotomy","theDuelist:PreventRat"],"picked":"theDuelist:Mudora","floor":7.0},{"not_picked":["theDuelist:SpiritHarp","theDuelist:AncientElf","theDuelist:CoreBlaster","theDuelist:Invigoration"],"picked":"theDuelist:DoubleTool","floor":10.0},{"not_picked":["theDuelist:WhiteHowling","theDuelist:ImperialOrder","theDuelist:MiraculousDescent"],"picked":"theDuelist:Electrowhip","floor":12.0},{"not_picked":["theDuelist:YamiForm","theDuelist:Wildfire","theDuelist:Raigeki","theDuelist:FeatherShot"],"picked":"theDuelist:AmuletAmbition","floor":16.0},{"not_picked":["theDuelist:Wildfire","theDuelist:SwordsConcealing"],"picked":"theDuelist:GravityLash","floor":18.0},{"not_picked":["theDuelist:Hinotama","theDuelist:OnslaughtFireKings","theDuelist:WormApocalypse+1","theDuelist:DarkFactory"],"picked":"theDuelist:AncientElf","floor":20.0},{"not_picked":["theDuelist:InfernoFireBlast","theDuelist:BigKoala","theDuelist:ElectromagneticShield","theDuelist:WhiteNinja"],"picked":"theDuelist:FrontierWiseman","floor":24.0},{"not_picked":["theDuelist:AttackTheMoon","theDuelist:MudragonSwamp+1","theDuelist:RainbowOverdragon","theDuelist:BattleOx"],"picked":"theDuelist:GauntletWarrior","floor":27.0},{"not_picked":["theDuelist:RainbowNeos","theDuelist:KamionTimelord+1","theDuelist:RainbowKuriboh+1","theDuelist:RainbowOverdragon"],"picked":"theDuelist:HappyLover","floor":28.0},{"not_picked":["theDuelist:ImperialOrder+1","theDuelist:Electrowhip+1","theDuelist:MiraculousDescent+1","theDuelist:ElectromagneticShield+1"],"picked":"theDuelist:YamiForm+1","floor":30.0},{"not_picked":["theDuelist:BlueBloodedOni+1","theDuelist:GreyGreedOni","theDuelist:RainbowOverdragon","theDuelist:RedHeadedOni"],"picked":"theDuelist:Eva","floor":31.0},{"not_picked":["theDuelist:KamionTimelord+1","theDuelist:Eva","theDuelist:RainbowKuriboh","theDuelist:RainbowOverdragon"],"picked":"theDuelist:RainbowNeos+1","floor":33.0},{"not_picked":["theDuelist:BigFire","theDuelist:RainbowNeos+1","theDuelist:Eva+1","theDuelist:GiantTrunade+1"],"picked":"theDuelist:PowerWall+1","floor":35.0},{"not_picked":["theDuelist:YamiForm+1","theDuelist:LightLaser","theDuelist:Mathematician+1","theDuelist:KamionTimelord"],"picked":"theDuelist:Raigeki","floor":37.0},{"not_picked":["theDuelist:GravityLash+1","theDuelist:FrontierWiseman+1","theDuelist:GauntletWarrior","theDuelist:HappyLover"],"picked":"theDuelist:CastleWalls+1","floor":41},{"not_picked":["theDuelist:Electrowhip+1","theDuelist:GravityAxe+1","theDuelist:ImperialOrder+1","theDuelist:ElectromagneticShield+1","theDuelist:WhiteHowling+1"],"picked":"SKIP","floor":45},{"not_picked":["theDuelist:WingedKuriboh+1","theDuelist:EarthquakeGiant","theDuelist:FutureFusion+1","theDuelist:UltimateOffering+1"],"picked":"theDuelist:DarkHole","floor":47},{"not_picked":["theDuelist:ElectromagneticShield","theDuelist:Electrowhip","theDuelist:ImperialOrder+1","theDuelist:WhiteHowling+1"],"picked":"SKIP","floor":48}],"player_experience":29537,"relics_obtained":[{"floor":6.0,"key":"Incense Burner"},{"floor":9.0,"key":"Gremlin Horn"},{"floor":22.0,"key":"Necronomicon"},{"floor":26.0,"key":"theDuelist:BoosterPackTrapEgg"},{"floor":43,"key":"theDuelist:DuelistTeaSet"}],"event_choices":[{"damage_healed":20.0,"max_hp_gain":0.0,"max_hp_loss":0.0,"gold_gain":0.0,"event_name":"The Cleric","player_choice":"Healed","floor":2.0,"gold_loss":35.0,"damage_taken":0.0},{"damage_healed":0.0,"max_hp_gain":0.0,"max_hp_loss":0.0,"gold_gain":0.0,"event_name":"WeMeetAgain","player_choice":"Ignored","floor":4.0,"gold_loss":0.0,"damage_taken":0.0},{"damage_healed":0.0,"max_hp_gain":0.0,"max_hp_loss":0.0,"gold_gain":0.0,"event_name":"Egyptian Village","player_choice":"Delta Electro","duelist":true,"floor":8.0,"gold_loss":0.0,"damage_taken":0.0,"cards_obtained":["Delta Electromagnet Warrior"]},{"damage_healed":0.0,"max_hp_gain":0.0,"max_hp_loss":0.0,"gold_gain":0.0,"event_name":"The Mausoleum","player_choice":"Ignored","floor":19.0,"gold_loss":0.0,"damage_taken":0.0},{"cards_removed":["theDuelist:Sparks"],"damage_healed":0.0,"max_hp_gain":0.0,"max_hp_loss":0.0,"gold_gain":0.0,"event_name":"Beggar","player_choice":"Gave Gold","floor":21.0,"gold_loss":75.0,"damage_taken":0.0},{"damage_healed":0.0,"max_hp_gain":0.0,"max_hp_loss":0.0,"gold_gain":0.0,"event_name":"Cursed Tome","player_choice":"Obtained Book","floor":22.0,"gold_loss":0.0,"damage_taken":16.0},{"damage_healed":0,"gold_gain":0,"player_choice":"Dig - random Duelist relic","duelist":true,"damage_taken":0,"max_hp_gain":0,"max_hp_loss":0,"event_name":"Aknamkanon\u0027s Tomb","floor":39,"gold_loss":0},{"damage_healed":0,"gold_gain":0,"player_choice":"Succumb - +25HP/Cursed Relic","duelist":true,"damage_taken":0,"max_hp_gain":0,"max_hp_loss":0,"event_name":"Tomb of the Nameless","floor":42,"gold_loss":0},{"damage_healed":0,"gold_gain":0,"player_choice":"Max HP","damage_taken":0,"max_hp_gain":0,"max_hp_loss":4,"event_name":"Winding Halls","floor":46,"gold_loss":0}],"is_beta":false,"boss_relics":[{"not_picked":["Tiny House","theDuelist:HauntedRelic"],"picked":"Runic Pyramid"},{"not_picked":["Cursed Key","SacredBark"],"picked":"Sozu"}],"items_purged_floors":[14,36],"is_endless":false,"potions_floor_spawned":[5,6,12,20,28,30,31,35,47],"ascension_level":0}}