{"host":"vu2gjyr86ub8nk5d","time":1613111740,"event":{"mods":["AchievementEnabler","BaseMod","BetterRewards","Colored Map","Downfall","Ironclad Rager","Minty Spire (QoL Compilation)","Replay The Spire","StSLib"],"gold_per_floor":[99,118,118,118,136,136,162,62,62,62,62,93,93,121,135,238,238,238,258,258,258,343,91,117,117,117,117,132,159,59,4,17,113,113,113,131,131,131,181,31,61,61,72,0,0,0,27,27,27,42,42],"floor_reached":52,"language":"ENG","playtime":2573,"items_purged":["Guardian:RefractedBeam"],"score":1153,"play_id":"f6d40177-87d5-467a-ac9b-28c662b0ad96","local_time":"20210212003540","daily_mods":["Draft","Vintage","Heirloom","Flight","Elite Swarm","Binary"],"is_ascension_mode":false,"campfire_choices":[{"floor":1.0,"key":"RECALL"},{"data":"Guardian:PrismaticBeam","floor":8,"key":"SMITH"},{"data":"Guardian:TimeCapacitor","floor":8,"key":"SMITH"},{"data":"Replay:GuardianCast","floor":10,"key":"SMITH"},{"data":"Guardian:TemporalStrike","floor":10,"key":"SMITH"},{"data":"Guardian:ShieldSpikes","floor":13,"key":"SMITH"},{"data":"Guardian:CrystalBeam","floor":13,"key":"SMITH"},{"floor":25,"key":"REST"},{"data":"Guardian:SentryBeam","floor":27,"key":"SMITH"},{"data":"Guardian:BronzeOrb","floor":27,"key":"SMITH"},{"data":"Guardian:PrimingBeam","floor":30,"key":"SMITH"},{"data":"Guardian:TimeSifter","floor":30,"key":"SMITH"},{"data":"Guardian:TimeSifter","floor":35,"key":"SMITH"},{"data":"Guardian:Recover","floor":35,"key":"SMITH"},{"data":"expansioncontent:Chronoboost","floor":46,"key":"SMITH"},{"data":"Replay:SS_forest_2","floor":46,"key":"SMITH"},{"data":"expansioncontent:AwakenDeath","floor":48,"key":"SMITH"}],"circlet_count":0,"master_deck":["Guardian:Recover+1","Guardian:BronzeOrb+1","Guardian:Incinerate+1","Guardian:RollAttack+1","Guardian:PrimingBeam+1","Guardian:TemporalStrike+1","Guardian:PrismaticBeam+1","Guardian:CrystalBeam+1","Guardian:TemporalStrike+1","Guardian:ShieldSpikes+1","Guardian:TimeCapacitor+1","Replay:GuardianCast+1","Guardian:TimeSifter+1","Guardian:TimeSifter+1","Guardian:SentryBeam+1","Guardian:PrismaticBeam+1","expansioncontent:Chronoboost+1","expansioncontent:AwakenDeath+1","Replay:SS_forest_2+1"],"relics":["Busted Crown","replay:Trail_Library","Replay:Arrowhead","Strawberry","Replay:Baseball","ReplayTheSpireMod:Shallot","Bag of Preparation","downfall:HeartBlessingRed","Cracked Core","Slimebound:StickyStick","ReplayTheSpireMod:Lightbulb","Pondfish Scales","Counterbalance","Black Star","Orichalcum","Enchiridion","Boot","Lantern","Bottled Tornado","Whetstone","downfall:HeartBlessingGreen","bronze:BronzeIdol","Bronze Scales","Gambling Chip","SlaversCollar","Pear","Unceasing Top","Ancient Tea Set","Mummified Hand","StoneCalendar","FossilizedHelix","Guardian:GemstoneGun","Art of War"],"acts_visited":["Exordium","TheCity","TheBeyond"],"potions_floor_usage":[14,29,51,51,51],"damage_taken":[{"damage":2.0,"enemies":"2 Louse","floor":2.0,"turns":2.0},{"damage":4.0,"enemies":"Jaw Worm","floor":5.0,"turns":3.0},{"damage":0,"enemies":"Cultist","floor":11,"turns":1},{"damage":0,"enemies":"3 Sentries","floor":12,"turns":3},{"damage":0,"enemies":"Gremlin Nob","floor":14,"turns":2},{"damage":0,"enemies":"Blue Slaver","floor":15,"turns":2},{"damage":0,"enemies":"SI_SHIV_ARCHETYPE","floor":16,"turns":3},{"damage":0,"enemies":"Spheric Guardian","floor":19,"turns":2},{"damage":0,"enemies":"downfall:FleeingMerchant","floor":23,"turns":4},{"damage":0,"enemies":"Cultist and Chosen","floor":28,"turns":3},{"damage":0,"enemies":"Book of Stabbing","floor":29,"turns":2},{"damage":0,"enemies":"downfall:FleeingMerchant","floor":31,"turns":3},{"damage":0,"enemies":"Snake Plant","floor":32,"turns":2},{"damage":0,"enemies":"DF_ARCHETYPE_CLAW","floor":33,"turns":3},{"damage":4,"enemies":"3 Darklings","floor":36,"turns":3},{"damage":4,"enemies":"3 Darklings","floor":39,"turns":2},{"damage":4,"enemies":"R_Hoarder","floor":41,"turns":5},{"damage":0,"enemies":"3 Shapes","floor":43,"turns":2},{"damage":0,"enemies":"Giant Head","floor":47,"turns":3},{"damage":0,"enemies":"3 Darklings","floor":50,"turns":1},{"damage":0,"enemies":"WA_ARCHETYPE_DIVINITY","floor":51,"turns":4}],"seed_played":"6932115218028745721","potions_obtained":[{"floor":2.0,"key":"sneckomod:MuddlingPotion"},{"floor":5.0,"key":"Elixir"},{"floor":12,"key":"champ:CounterPotion"},{"floor":16,"key":"Weak Potion"},{"floor":29,"key":"Ancient Potion"},{"floor":33,"key":"EssenceOfSteel"},{"floor":47,"key":"CultistPotion"},{"floor":50,"key":"DistilledChaos"}],"is_trial":true,"path_per_floor":["R","M","?","T","M","?","T","R","?","R","M","E","R","E","M","B",null,"R_BF","M","?","?","?","$","T","R","?","R","M","E","R","$","M","B",null,"R","M","?","$","?","?","E","T","M","$","?","R","E","R","?","M","B",null],"character_chosen":"GUARDIAN","items_purchased":["Guardian:Gem_Green","Guardian:TimeSifter","Guardian:SentryBeam","bronze:BronzeIdol","Bronze Scales","Guardian:Gem_Yellow"],"campfire_rested":1,"item_purchase_floors":[23,23,23,31,31,31],"current_hp_per_floor":[80,85,85,85,81,81,81,81,81,81,81,81,81,81,81,81,87,87,87,71,54,38,38,38,65,65,65,65,65,65,65,65,65,92,92,98,98,98,94,112,108,108,108,108,98,98,98,98,98,98,98],"gold":42,"neow_bonus":"","is_daily":false,"chose_seed":false,"campfire_upgraded":15,"win_rate":0.0,"timestamp":1613111740,"path_taken":["R","M","?","?","?","?","T","R","?","R","?","E","R","E","M","BOSS","R_BF","M","?","?","?","?","T","R","?","R","?","E","R","$","M","BOSS","R","M","?","$","?","?","E","T","?","?","?","R","E","R","?","M","BOSS"],"items_purchased_type":["Card","Card","Card","Relic","Relic","Card"],"build_version":"2020-12-22","purchased_purges":1,"victory":true,"max_hp_per_floor":[80,87,87,87,87,87,87,87,87,87,87,87,87,87,87,87,87,87,87,87,92,92,92,92,92,92,92,92,92,92,92,92,92,92,92,102,102,102,102,112,112,112,112,112,112,112,112,112,112,112,112],"card_choices":[{"not_picked":["Guardian:PolyBeam","Guardian:TemporalStrike"],"picked":"Guardian:Recover","floor":0.0},{"not_picked":["Guardian:PiercingHide","Guardian:SpikerProtocol"],"picked":"Guardian:BronzeOrb","floor":0.0},{"not_picked":["Guardian:SentryBeam","Guardian:Gem_Blue"],"picked":"Guardian:Gem_Red","floor":0.0},{"not_picked":["Guardian:PiercingHide","Guardian:PrismaticBeam"],"picked":"Guardian:Incinerate","floor":0.0},{"not_picked":["Guardian:ShieldCharger","Guardian:MultiBeam"],"picked":"Guardian:RollAttack","floor":0.0},{"not_picked":["Guardian:Reroute","Guardian:Orbwalk"],"picked":"Guardian:PrimingBeam","floor":0.0},{"not_picked":["Guardian:RollAttack","Guardian:Gem_Cyan"],"picked":"Guardian:TemporalStrike","floor":0.0},{"not_picked":["Guardian:Reroute","Guardian:Preprogram"],"picked":"Guardian:PrismaticBeam","floor":0.0},{"not_picked":["Guardian:Gem_Blue","Guardian:VentSteam"],"picked":"Guardian:Gem_White","floor":0.0},{"not_picked":["Guardian:Suspension","Guardian:ShieldCharger"],"picked":"Guardian:CrystalBeam","floor":0.0},{"not_picked":["Guardian:PiercingHide","Guardian:Gem_Green"],"picked":"Guardian:TemporalStrike","floor":0.0},{"not_picked":["Guardian:ShieldCharger","Guardian:TemporalStrike"],"picked":"Guardian:ShieldSpikes","floor":0.0},{"not_picked":["Guardian:SpikerProtocol","Guardian:ChargeCore"],"picked":"Guardian:Gem_Purple","floor":0.0},{"not_picked":["Guardian:TemporalShield","Guardian:Recover"],"picked":"Guardian:Gem_Lightblue","floor":0.0},{"not_picked":["Guardian:TemporalStrike","Guardian:Gem_Crimson"],"picked":"Guardian:Gem_Red","floor":0.0},{"not_picked":["Guardian:Gem_Cyan","Guardian:Gem_Lightblue"],"picked":"Guardian:Gem_Green","floor":41},{"not_picked":["Replay:SS_forest_2","Replay:SS_hec_1"],"picked":"expansioncontent:Chronoboost","floor":45},{"not_picked":["expansioncontent:InvincibleStrength","expansioncontent:YouAreMine"],"picked":"expansioncontent:AwakenDeath","floor":45},{"not_picked":["expansioncontent:InvincibleStrength","expansioncontent:AwakenDeath"],"picked":"Replay:SS_forest_2","floor":45}],"player_experience":151956,"relics_obtained":[{"floor":2.0,"key":"Strawberry"},{"floor":4.0,"key":"Replay:Baseball"},{"floor":5.0,"key":"ReplayTheSpireMod:Shallot"},{"floor":7,"key":"Bag of Preparation"},{"floor":11,"key":"Slimebound:StickyStick"},{"floor":12,"key":"ReplayTheSpireMod:Lightbulb"},{"floor":14,"key":"Pondfish Scales"},{"floor":15,"key":"Counterbalance"},{"floor":19,"key":"Orichalcum"},{"floor":20,"key":"Enchiridion"},{"floor":24,"key":"Boot"},{"floor":28,"key":"Lantern"},{"floor":29,"key":"Bottled Tornado"},{"floor":29,"key":"Whetstone"},{"floor":32,"key":"Gambling Chip"},{"floor":36,"key":"Pear"},{"floor":39,"key":"Unceasing Top"},{"floor":41,"key":"Ancient Tea Set"},{"floor":41,"key":"Mummified Hand"},{"floor":43,"key":"StoneCalendar"},{"floor":47,"key":"FossilizedHelix"},{"floor":47,"key":"Guardian:GemstoneGun"},{"floor":50,"key":"Art of War"}],"event_choices":[],"is_beta":false,"boss_relics":[{"not_picked":["Empty Cage","SacredBark"],"picked":"Black Star"},{"not_picked":["Replay:Drink Me","Cursed Key"],"picked":"SlaversCollar"}],"items_purged_floors":[44],"is_endless":false,"potions_floor_spawned":[2,5,12,16,29,33,47,50],"ascension_level":0}}