{"host":"o3b7ow6d1xe49css","time":1613129990,"event":{"mods":["Act Like it!","Aspiration","BaseMod","Bestiary","Better Altar","Better Match","Better Note","Better Sensory Stone","Better Skull","Better Third Choice","Colored Powertips","Conspire","Energized Spire","GifTheSpireLib","Halation","Hermit","Hubris","Infinite Spire","Lobotomy","Marisa????????","Minty Spire (QoL Compilation)","Quick Restart","Rare Cards Sparkle","Relic Filter Mod","Reliquary","Replay The Spire","Spicy Shops","Spikes Relics","Spire Arcade","StSLib","Stuff the Spire","The Blue Laboratory","Wandering Minibosses"],"gold_per_floor":[116,129,145,145,162,51,51,84,132,263,263,279,279,279],"floor_reached":13,"language":"ENG","playtime":504,"items_purged":[],"score":144,"play_id":"6bcb37af-4d1e-4b24-b5f1-5cf07301d5cd","local_time":"20210212023950","daily_mods":["Heirloom","Flight"],"is_ascension_mode":true,"campfire_choices":[{"data":"Eruption","floor":7,"key":"SMITH"},{"data":"BowlingBash","floor":11,"key":"SMITH"}],"circlet_count":0,"master_deck":["Strike_P","Strike_P","Strike_P","Strike_P","Defend_P","Defend_P","Defend_P","Defend_P","Eruption+1","Vigilance","Halt","Consecrate","BowlingBash+1","Replay:BluntJabs","Wireheading","Tantrum","FlurryOfBlows"],"relics":["PureWater","Ring of Chaos","Durian","CogitoBucket","hubris:Icosahedron","hubris:SphereOfDissonance","aspiration:HiddenCompartment","reliquary:FeatherDuster","AspirationHeart"],"acts_visited":["Exordium"],"potions_floor_usage":[8,13],"damage_taken":[{"damage":0,"enemies":"2 Louse","floor":1,"turns":2},{"damage":0,"enemies":"Jaw Worm","floor":2,"turns":3},{"damage":0,"enemies":"Small Slimes","floor":3,"turns":3},{"damage":5,"enemies":"Blue Slaver","floor":5,"turns":3},{"damage":9,"enemies":"Lagavulin","floor":8,"turns":7},{"damage":6,"enemies":"Replay:BlueRogue","floor":10,"turns":4},{"damage":15,"enemies":"Lots of Slimes","floor":12,"turns":2},{"damage":15,"enemies":"Lagavulin","floor":13,"turns":5}],"seed_played":"7347963096525190883","potions_obtained":[{"floor":5,"key":"blueLaboratory:HorrorPotion"},{"floor":10,"key":"BottledMiracle"}],"is_trial":true,"path_per_floor":["M","M","M","?","M","$","R","E","T","E","R","M","E"],"character_chosen":"WATCHER","items_purchased":["BowlingBash","Replay:BluntJabs"],"campfire_rested":0,"item_purchase_floors":[6,6],"current_hp_per_floor":[77,77,77,77,72,72,72,63,63,57,57,52,37,37],"gold":279,"neow_bonus":"","is_daily":false,"chose_seed":false,"campfire_upgraded":2,"win_rate":0.0,"timestamp":1613129990,"path_taken":["M","M","M","?","M","$","R","E","T","E","R","M","E"],"items_purchased_type":["Card","Card"],"build_version":"2020-12-22","purchased_purges":0,"victory":false,"max_hp_per_floor":[77,77,77,77,77,77,77,77,77,77,77,87,87,87],"card_choices":[{"not_picked":["MeatLantern","CrumblingArmor","LittleHelper"],"picked":"Singing Bowl","floor":1},{"not_picked":["CrushJoints","Weave"],"picked":"Halt","floor":1},{"not_picked":["OSAHOGD","LittleHelper","MeatLantern"],"picked":"Singing Bowl","floor":2},{"not_picked":["DeceiveReality","Evaluate","Replay:DivineShield"],"picked":"SKIP","floor":2},{"not_picked":["CrushJoints","Evaluate"],"picked":"Consecrate","floor":3},{"not_picked":["NakedNest","FairyFestival","PunishingBird"],"picked":"Singing Bowl","floor":3},{"not_picked":["FairyFestival","CherryBlossoms","WallGazer"],"picked":"Singing Bowl","floor":5},{"not_picked":["WreathOfFlame","Study","WindmillStrike"],"picked":"SKIP","floor":5},{"not_picked":["SignatureMove","Replay:BluntJabs"],"picked":"Wireheading","floor":8},{"not_picked":["BlackSwan","QueenBee","WallGazer"],"picked":"Singing Bowl","floor":8},{"not_picked":["TalkToTheHand","Replay:ManipulateFuture"],"picked":"Tantrum","floor":10},{"not_picked":["Scorched","BeautyBeast","CherryBlossoms"],"picked":"Singing Bowl","floor":10},{"not_picked":["PunishingBird","Scarecrow","GalaxyChild"],"picked":"Singing Bowl","floor":12},{"not_picked":["Replay:LoomingThreat","Replay:DivineShield"],"picked":"FlurryOfBlows","floor":12}],"player_experience":1375899,"relics_obtained":[{"floor":8,"key":"hubris:SphereOfDissonance"},{"floor":9,"key":"aspiration:HiddenCompartment"},{"floor":10,"key":"reliquary:FeatherDuster"}],"event_choices":[],"is_beta":false,"boss_relics":[],"items_purged_floors":[],"is_endless":false,"potions_floor_spawned":[5,10],"killed_by":"Lagavulin","ascension_level":5}}