{"host":"no5f9c6q31porkj5","time":1613155149,"event":{"mods":["BaseMod","Marisa£¨Ùöéë¡¡Øª×âÞÞ£©","Minty Spire (QoL Compilation)","StSLib","Td1madao Mod","The Cursed","The Gatherer","The Runesmith"],"gold_per_floor":[114,114,66,66,66,66,66,66,66,66,79,79,79,90,90,186,186,198,198,150,150,65,65,65,81,81,115,115,115,43,43,43,145,145,161,161,161,2,17,17,17,17,96,96,96,96,96,109,109,213,213,230,64,64,89,89,89,89,89,89,89,89,89,89,109,109,209,209,228,79,79,79,79,79,114,114,145,145,244,244,244,244,244,349,349,366,376,352,352,365,365,392,402,430,430,379,87,87,118,118,217,217,232,307,307,154,164,164,164,176,220,232,271,283,324,136,136,239,239,249,249,249,249,24,24,24,52,80,80,80,80,80,80,80,184,184,198,198,198,47,47,47,47,47,72,172,172,27,27,40,40,144,144,144,144],"floor_reached":154,"language":"KOR","playtime":4329,"items_purged":["Strike_R+1","Strike_R+1","Defend_R+1","Corruption"],"score":4215,"play_id":"f4fc4899-20ff-4fd0-98ec-fd6083b3f5d5","local_time":"20210213033909","daily_mods":["Vintage","Heirloom","Time Dilation","Flight"],"is_ascension_mode":false,"campfire_choices":[{"data":"Defend_R","floor":6,"key":"SMITH"},{"data":"Defend_R","floor":7,"key":"SMITH"},{"data":"Defend_R","floor":8,"key":"SMITH"},{"data":"Defend_R","floor":10,"key":"SMITH"},{"data":"Strike_R","floor":13,"key":"SMITH"},{"data":"Strike_R","floor":15,"key":"SMITH"},{"data":"Body Slam","floor":23,"key":"SMITH"},{"data":"Body Slam","floor":28,"key":"SMITH"},{"data":"Writhe","floor":32,"key":"PURGE"},{"data":"Metallicize","floor":40,"key":"SMITH"},{"data":"Metallicize","floor":41,"key":"SMITH"},{"data":"Rage","floor":42,"key":"SMITH"},{"data":"Strike_R","floor":44,"key":"SMITH"},{"data":"Strike_R","floor":46,"key":"SMITH"},{"data":"Strike_R","floor":47,"key":"SMITH"},{"floor":49,"key":"REST"},{"data":"Barricade","floor":57,"key":"SMITH"},{"data":"Rage","floor":58,"key":"SMITH"},{"data":"Good Instincts","floor":59,"key":"SMITH"},{"data":"Strike_R+1","floor":61,"key":"PURGE"},{"data":"Strike_R+1","floor":62,"key":"PURGE"},{"data":"Strike_R+1","floor":66,"key":"PURGE"},{"data":"Shame","floor":74,"key":"PURGE"},{"data":"Decay","floor":78,"key":"PURGE"},{"data":"Barricade","floor":80,"key":"SMITH"},{"floor":83,"key":"REST"},{"data":"Parasite","floor":91,"key":"PURGE"},{"floor":98,"key":"DIG"},{"floor":100,"key":"REST"},{"floor":108,"key":"DIG"},{"floor":109,"key":"DIG"},{"floor":110,"key":"DIG"},{"floor":117,"key":"DIG"},{"data":"Entrench","floor":125,"key":"SMITH"},{"data":"Metallicize","floor":129,"key":"SMITH"},{"data":"Heavy Blade+1","floor":130,"key":"PURGE"},{"floor":131,"key":"DIG"},{"floor":134,"key":"DIG"},{"floor":142,"key":"DIG"},{"floor":143,"key":"DIG"},{"floor":147,"key":"DIG"},{"floor":149,"key":"DIG"},{"floor":151,"key":"DIG"}],"circlet_count":0,"master_deck":["Body Slam+1","Body Slam+1","Metallicize+1","Metallicize+1","Rage+1","Body Slam+1","Barricade+1","Rage+1","Barricade+1","Body Slam+1","Necronomicurse","Iron Wave+1","Iron Wave+1","Body Slam+1","Iron Wave+1","Iron Wave+1","Entrench+1","Metallicize+1","Entrench+1"],"relics":["Black Blood","Peace Pipe","Red Skull","HornCleat","Shuriken","Magic Flower","Pantograph","Centennial Puzzle","StrikeDummy","Kunai","Red Mask","Molten Egg 2","Bird Faced Urn","SlaversCollar","Oddly Smooth Stone","FossilizedHelix","Sundial","Dream Catcher","Question Card","Odd Mushroom","Bottled Lightning","Darkstone Periapt","Busted Crown","Meat on the Bone","Blood Vial","Incense Burner","Necronomicon","SacredBark","TungstenRod","White Beast Statue","Mercury Hourglass","Shovel","Thread and Needle","Runic Pyramid","Orichalcum","ClockworkSouvenir","Toy Ornithopter","Runesmith:AutoHammer","MawBank","Blue Candle","MealTicket","Pandora\u0027s Box","Omamori","Enchiridion","Nloth\u0027s Gift","Juzu Bracelet","Lizard Tail","Black Star","Lantern","Frozen Eye","Bronze Scales","Letter Opener","Bag of Preparation","Pocketwatch","DollysMirror","Smiling Mask","The Courier","Bottled Flame","Philosopher\u0027s Stone"],"acts_visited":["Exordium","TheCity","TheBeyond","Exordium","TheCity","TheBeyond","Exordium","TheCity","TheBeyond","Exordium"],"potions_floor_usage":[50,92,101,152],"damage_taken":[{"damage":7,"enemies":"2 Louse","floor":1,"turns":4},{"damage":0,"enemies":"Jaw Worm","floor":11,"turns":4},{"damage":0,"enemies":"Cultist","floor":14,"turns":5},{"damage":80,"enemies":"Slime Boss","floor":16,"turns":16},{"damage":26,"enemies":"Chosen","floor":18,"turns":7},{"damage":5,"enemies":"2 Thieves","floor":25,"turns":5},{"damage":28,"enemies":"Masked Bandits","floor":27,"turns":7},{"damage":39,"enemies":"Collector","floor":33,"turns":18},{"damage":17,"enemies":"3 Darklings","floor":35,"turns":14},{"damage":0,"enemies":"Orb Walker","floor":39,"turns":3},{"damage":0,"enemies":"Transient","floor":48,"turns":5},{"damage":40,"enemies":"Donu and Deca","floor":50,"turns":10},{"damage":0,"enemies":"Cultist","floor":52,"turns":5},{"damage":2,"enemies":"The Mushroom Lair","floor":55,"turns":3},{"damage":0,"enemies":"Small Slimes","floor":65,"turns":8},{"damage":5,"enemies":"The Guardian","floor":67,"turns":9},{"damage":0,"enemies":"Chosen","floor":69,"turns":3},{"damage":30,"enemies":"Gremlin Leader","floor":75,"turns":5},{"damage":6,"enemies":"Book of Stabbing","floor":77,"turns":6},{"damage":0,"enemies":"Collector","floor":84,"turns":11},{"damage":0,"enemies":"3 Darklings","floor":86,"turns":5},{"damage":0,"enemies":"Orb Walker","floor":87,"turns":2},{"damage":0,"enemies":"Writhing Mass","floor":90,"turns":4},{"damage":27,"enemies":"Reptomancer","floor":92,"turns":8},{"damage":15,"enemies":"3 Darklings","floor":93,"turns":3},{"damage":11,"enemies":"Nemesis","floor":94,"turns":5},{"damage":72,"enemies":"Reptomancer","floor":99,"turns":4},{"damage":17,"enemies":"Time Eater","floor":101,"turns":9},{"damage":0,"enemies":"Cultist","floor":103,"turns":2},{"damage":0,"enemies":"Jaw Worm","floor":107,"turns":3},{"damage":0,"enemies":"Lagavulin","floor":111,"turns":2},{"damage":0,"enemies":"Gremlin Nob","floor":113,"turns":3},{"damage":0,"enemies":"3 Sentries","floor":115,"turns":7},{"damage":92,"enemies":"Hexaghost","floor":118,"turns":5},{"damage":0,"enemies":"Shell Parasite","floor":120,"turns":2},{"damage":0,"enemies":"Gremlin Leader","floor":127,"turns":3},{"damage":15,"enemies":"Book of Stabbing","floor":128,"turns":5},{"damage":0,"enemies":"Collector","floor":135,"turns":4},{"damage":0,"enemies":"3 Darklings","floor":137,"turns":3},{"damage":15,"enemies":"Nemesis","floor":145,"turns":5},{"damage":0,"enemies":"3 Shapes","floor":150,"turns":4},{"damage":29,"enemies":"Time Eater","floor":152,"turns":7},{"damage":0,"enemies":"Cultist","floor":154,"turns":1}],"seed_played":"-7458420214701609114","potions_obtained":[{"floor":1,"key":"ElixirPotion"},{"floor":11,"key":"GamblersBrew"},{"floor":16,"key":"BloodPotion"},{"floor":67,"key":"FearPotion"},{"floor":75,"key":"BlessingOfTheForge"},{"floor":90,"key":"ColorlessPotion"},{"floor":92,"key":"SkillPotion"},{"floor":93,"key":"Regen Potion"},{"floor":103,"key":"LiquidBronze"},{"floor":113,"key":"ElixirPotion"},{"floor":150,"key":"LiquidBronze"},{"floor":152,"key":"Ancient Potion"}],"is_trial":true,"path_per_floor":["M","?","$","$","?","R","R","R","T","R","M","?","R","M","R","B",null,"M","?","$","?","?","R","$","M","T","?","R","T","$","?","R","B",null,"M","?","?","$","M","R","R","R","T","R","?","R","R","M","R","B",null,"M","$","?","?","$","R","R","R","T","R","R","?","?","M","R","B",null,"M","$","?","?","?","R","E","$","E","R","?","R","$","?","R","B",null,"M","M","$","?","M","R","E","M","E","?","$","$","R","E","R","B",null,"M","?","?","$","M","R","R","R","E","$","E","?","E","$","R","B",null,"M","?","?","?","$","R","?","E","E","R","R","R","?","?","R","B",null,"M","?","?","$","?","R","R","?","E","?","R","$","R","M","R","B",null,"M"],"character_chosen":"IRONCLAD","items_purchased":["Shrug It Off","Body Slam","Metallicize","Metallicize","Rage","Body Slam+1","Good Instincts","Body Slam+1","Iron Wave+1","Iron Wave+1","Shovel","ClockworkSouvenir","Entrench","Metallicize","Frozen Eye","DollysMirror"],"campfire_rested":3,"item_purchase_floors":[3,20,30,38,38,38,53,70,88,96,97,106,116,124,140,148],"current_hp_per_floor":[79,84,84,84,84,84,84,84,84,84,85,85,85,85,85,14,85,77,77,77,77,77,77,77,85,85,75,75,75,75,75,75,64,85,85,85,85,85,85,85,85,85,85,85,85,85,85,85,85,63,85,85,85,85,85,85,85,85,85,85,85,85,85,85,85,85,85,85,85,85,85,91,81,81,81,81,97,97,97,97,97,97,97,97,97,97,97,97,97,103,100,91,100,100,100,100,100,100,64,94,100,100,100,90,90,90,100,100,100,100,100,100,100,100,100,100,100,50,100,100,88,88,69,84,84,84,105,105,105,105,105,105,105,105,105,105,105,105,105,105,105,105,105,105,105,105,105,105,105,105,105,105,105,105,105],"gold":144,"neow_bonus":"","is_daily":false,"chose_seed":false,"campfire_upgraded":20,"win_rate":0.0,"timestamp":1613155149,"path_taken":["M","?","$","$","?","R","R","R","T","R","?","?","R","?","R","BOSS","M","?","$","?","?","R","$","?","T","?","R","?","$","?","R","BOSS","M","?","?","$","?","R","R","R","T","R","?","R","R","?","R","BOSS","M","$","?","?","$","R","R","R","T","R","R","?","?","?","R","BOSS","M","$","?","?","?","R","E","$","E","R","?","R","$","?","R","BOSS","M","M","$","?","M","R","E","M","E","?","$","$","R","E","R","BOSS","M","?","?","$","?","R","R","R","E","$","E","?","E","?","R","BOSS","M","?","?","?","$","R","?","E","E","R","R","R","?","?","R","BOSS","M","?","?","$","?","R","R","?","E","?","R","?","R","M","R","BOSS","M"],"items_purchased_type":["Card","Card","Card","Card","Card","Card","Card","Card","Card","Card","Relic","Relic","Card","Card","Relic","Relic"],"build_version":"2020-12-22","purchased_purges":4,"victory":false,"max_hp_per_floor":[80,85,85,85,85,85,85,85,85,85,85,85,85,85,85,85,85,85,85,85,85,85,85,85,85,85,85,85,85,85,85,85,85,85,85,85,85,85,85,85,85,85,85,85,85,85,85,85,85,85,85,85,85,85,85,85,85,85,85,85,85,85,85,85,85,85,85,85,85,85,85,91,97,97,97,97,97,97,97,97,97,97,97,97,97,97,97,97,97,103,100,100,100,100,100,100,100,100,100,100,100,100,100,100,100,100,100,100,100,100,100,100,100,100,100,100,100,100,100,100,100,100,105,105,105,105,105,105,105,105,105,105,105,105,105,105,105,105,105,105,105,105,105,105,105,105,105,105,105,105,105,105,105,105,105],"card_choices":[{"not_picked":["Double Tap","Offering"],"picked":"Barricade","floor":50},{"not_picked":["Fire Breathing","Iron Wave+1","Havoc"],"picked":"Rage","floor":55},{"not_picked":["Double Tap","Fiend Fire+1","Brutality"],"picked":"Barricade","floor":67},{"not_picked":["Pommel Strike+1","Battle Trance"],"picked":"SKIP","floor":75},{"not_picked":["Whirlwind+1","Rage+1"],"picked":"SKIP","floor":77},{"not_picked":["Double Tap"],"picked":"Body Slam+1","floor":92},{"not_picked":["Headbutt+1"],"picked":"Iron Wave+1","floor":94},{"not_picked":["Dual Wield","Infernal Blade+1"],"picked":"SKIP","floor":99},{"not_picked":["Flex"],"picked":"Iron Wave+1","floor":100},{"not_picked":["Battle Trance","Bloodletting"],"picked":"SKIP","floor":111},{"not_picked":["Cleave+1","Wild Strike+1"],"picked":"SKIP","floor":113},{"not_picked":["Heavy Blade+1","Whirlwind+1"],"picked":"SKIP","floor":115},{"not_picked":["Fire Breathing","Feel No Pain"],"picked":"SKIP","floor":127},{"not_picked":["Seeing Red","Offering"],"picked":"SKIP","floor":128},{"not_picked":["Berserk","Cleave+1"],"picked":"SKIP","floor":145}],"player_experience":124166,"relics_obtained":[{"floor":1,"key":"Red Skull"},{"floor":9,"key":"HornCleat"},{"floor":11,"key":"Shuriken"},{"floor":14,"key":"Magic Flower"},{"floor":18,"key":"Pantograph"},{"floor":25,"key":"StrikeDummy"},{"floor":26,"key":"Kunai"},{"floor":27,"key":"Red Mask"},{"floor":29,"key":"Molten Egg 2"},{"floor":35,"key":"Oddly Smooth Stone"},{"floor":39,"key":"FossilizedHelix"},{"floor":43,"key":"Sundial"},{"floor":48,"key":"Dream Catcher"},{"floor":52,"key":"Question Card"},{"floor":55,"key":"Odd Mushroom"},{"floor":60,"key":"Bottled Lightning"},{"floor":65,"key":"Darkstone Periapt"},{"floor":69,"key":"Meat on the Bone"},{"floor":73,"key":"Necronomicon"},{"floor":86,"key":"TungstenRod"},{"floor":87,"key":"White Beast Statue"},{"floor":90,"key":"Torii"},{"floor":93,"key":"Mercury Hourglass"},{"floor":98,"key":"Thread and Needle"},{"floor":103,"key":"Orichalcum"},{"floor":107,"key":"Toy Ornithopter"},{"floor":108,"key":"Runesmith:AutoHammer"},{"floor":109,"key":"MawBank"},{"floor":110,"key":"Blue Candle"},{"floor":117,"key":"MealTicket"},{"floor":120,"key":"Omamori"},{"floor":121,"key":"Enchiridion"},{"floor":131,"key":"Juzu Bracelet"},{"floor":134,"key":"Lizard Tail"},{"floor":137,"key":"Lantern"},{"floor":142,"key":"Letter Opener"},{"floor":143,"key":"Bag of Preparation"},{"floor":147,"key":"Pocketwatch"},{"floor":149,"key":"Smiling Mask"},{"floor":150,"key":"The Courier"},{"floor":151,"key":"Bottled Flame"}],"event_choices":[{"damage_healed":0,"gold_gain":0,"player_choice":"Donut","damage_taken":0,"max_hp_gain":5,"max_hp_loss":0,"event_name":"Big Fish","floor":2,"gold_loss":0},{"damage_healed":0,"gold_gain":0,"player_choice":"Forge","damage_taken":0,"max_hp_gain":0,"max_hp_loss":0,"event_name":"Accursed Blacksmith","floor":5,"gold_loss":0,"cards_upgraded":["Shrug It Off"]},{"damage_healed":0,"gold_gain":0,"player_choice":"Full Heal","damage_taken":0,"max_hp_gain":0,"max_hp_loss":0,"event_name":"Wheel of Change","floor":12,"gold_loss":0},{"damage_healed":0,"gold_gain":0,"player_choice":"Read","damage_taken":0,"max_hp_gain":0,"max_hp_loss":0,"event_name":"The Library","floor":19,"gold_loss":0,"cards_obtained":["Body Slam"]},{"damage_healed":0,"gold_gain":0,"player_choice":"Ignored","damage_taken":0,"max_hp_gain":0,"max_hp_loss":0,"event_name":"Vampires","floor":21,"gold_loss":0},{"damage_healed":0,"gold_gain":0,"player_choice":"Obtained Relic","damage_taken":0,"relics_obtained":["Centennial Puzzle"],"max_hp_gain":0,"max_hp_loss":0,"event_name":"Addict","floor":22,"gold_loss":85},{"damage_healed":0,"gold_gain":0,"player_choice":"Fought Bandits","damage_taken":0,"max_hp_gain":0,"max_hp_loss":0,"event_name":"Masked Bandits","floor":27,"gold_loss":0},{"damage_healed":0,"gold_gain":0,"player_choice":"Opened","damage_taken":0,"relics_obtained":["Bird Faced Urn"],"max_hp_gain":0,"max_hp_loss":0,"event_name":"The Mausoleum","floor":31,"gold_loss":0,"cards_obtained":["Writhe"]},{"cards_removed":["Bash"],"damage_healed":0,"gold_gain":0,"player_choice":"Removed Attack","damage_taken":0,"max_hp_gain":0,"max_hp_loss":0,"event_name":"Falling","floor":36,"gold_loss":0},{"damage_healed":0,"gold_gain":0,"player_choice":"Ignored","damage_taken":0,"max_hp_gain":0,"max_hp_loss":0,"event_name":"NoteForYourself","floor":37,"gold_loss":0},{"damage_healed":0,"gold_gain":0,"player_choice":"Bought 0 Potions","damage_taken":0,"max_hp_gain":0,"max_hp_loss":0,"event_name":"The Woman in Blue","floor":45,"gold_loss":0},{"damage_healed":0,"gold_gain":0,"player_choice":"Ignored","damage_taken":0,"max_hp_gain":0,"max_hp_loss":0,"event_name":"Liars Game","floor":54,"gold_loss":0},{"damage_healed":0,"gold_gain":0,"player_choice":"Fought Mushrooms","damage_taken":0,"max_hp_gain":0,"max_hp_loss":0,"event_name":"Mushrooms","floor":55,"gold_loss":0},{"damage_healed":0,"gold_gain":0,"player_choice":"Ignored","damage_taken":0,"max_hp_gain":0,"max_hp_loss":0,"event_name":"Shining Light","floor":63,"gold_loss":0},{"damage_healed":0,"gold_gain":0,"player_choice":"Cursed","damage_taken":0,"max_hp_gain":0,"max_hp_loss":0,"event_name":"Wheel of Change","floor":64,"gold_loss":0,"cards_obtained":["Decay"]},{"damage_healed":0,"gold_gain":0,"player_choice":"Opened","damage_taken":0,"relics_obtained":["Blood Vial"],"max_hp_gain":0,"max_hp_loss":0,"event_name":"The Mausoleum","floor":71,"gold_loss":0},{"damage_healed":0,"gold_gain":0,"player_choice":"Stole Relic","damage_taken":0,"relics_obtained":["Incense Burner"],"max_hp_gain":0,"max_hp_loss":0,"event_name":"Addict","floor":72,"gold_loss":0,"cards_obtained":["Shame"]},{"damage_healed":0,"gold_gain":0,"player_choice":"Obtained Book","damage_taken":16,"max_hp_gain":0,"max_hp_loss":0,"event_name":"Cursed Tome","floor":73,"gold_loss":0},{"damage_healed":0,"gold_gain":99,"player_choice":"Stole From Cult","damage_taken":0,"max_hp_gain":0,"max_hp_loss":0,"event_name":"Nest","floor":79,"gold_loss":0},{"damage_healed":0,"gold_gain":0,"player_choice":"Read","damage_taken":0,"max_hp_gain":0,"max_hp_loss":0,"event_name":"The Library","floor":82,"gold_loss":0,"cards_obtained":["Iron Wave"]},{"cards_removed":["Good Instincts"],"damage_healed":0,"gold_gain":0,"player_choice":"Removed Skill","damage_taken":0,"max_hp_gain":0,"max_hp_loss":0,"event_name":"Falling","floor":89,"gold_loss":0},{"damage_healed":0,"gold_gain":0,"player_choice":"Memory 1","damage_taken":0,"max_hp_gain":0,"max_hp_loss":0,"event_name":"SensoryStone","floor":95,"gold_loss":0},{"damage_healed":0,"gold_gain":75,"player_choice":"Gather Gold","damage_taken":11,"max_hp_gain":0,"max_hp_loss":0,"event_name":"World of Goop","floor":104,"gold_loss":0},{"damage_healed":0,"gold_gain":0,"player_choice":"Ignored","damage_taken":0,"max_hp_gain":0,"max_hp_loss":0,"event_name":"NoteForYourself","floor":105,"gold_loss":0},{"cards_removed":["Iron Wave"],"damage_healed":5,"gold_gain":0,"player_choice":"Offered Common","damage_taken":0,"max_hp_gain":0,"max_hp_loss":0,"event_name":"Bonfire Elementals","floor":114,"gold_loss":0},{"cards_removed":["Iron Wave"],"damage_healed":5,"gold_gain":0,"player_choice":"Offered Special","damage_taken":0,"max_hp_gain":0,"max_hp_loss":0,"event_name":"Bonfire Elementals","floor":114,"gold_loss":0},{"damage_healed":0,"gold_gain":0,"player_choice":"Obtained Book","damage_taken":16,"max_hp_gain":0,"max_hp_loss":0,"event_name":"Cursed Tome","floor":121,"gold_loss":0},{"damage_healed":0,"gold_gain":0,"cards_transformed":["Headbutt","Berserk"],"player_choice":"Became Test Subject","damage_taken":0,"max_hp_gain":0,"max_hp_loss":0,"event_name":"Drug Dealer","floor":122,"gold_loss":0,"cards_obtained":["Corruption","Whirlwind"]},{"damage_healed":0,"gold_gain":0,"player_choice":"Shed Blood","damage_taken":25,"max_hp_gain":5,"max_hp_loss":0,"event_name":"Forgotten Altar","floor":123,"gold_loss":0},{"damage_healed":0,"gold_gain":0,"player_choice":"Traded Relic","damage_taken":0,"relics_obtained":["Nloth\u0027s Gift"],"max_hp_gain":0,"max_hp_loss":0,"event_name":"N\u0027loth","floor":126,"relics_lost":["Torii"],"gold_loss":0},{"cards_removed":["Whirlwind"],"damage_healed":0,"gold_gain":0,"player_choice":"Elegance","damage_taken":0,"max_hp_gain":0,"max_hp_loss":0,"event_name":"Back to Basics","floor":132,"gold_loss":0},{"damage_healed":0,"gold_gain":0,"player_choice":"Got Potions","damage_taken":0,"max_hp_gain":0,"max_hp_loss":0,"event_name":"Lab","floor":133,"gold_loss":0},{"cards_removed":["Shrug It Off"],"damage_healed":0,"gold_gain":0,"player_choice":"Removed Skill","damage_taken":0,"max_hp_gain":0,"max_hp_loss":0,"event_name":"Falling","floor":138,"gold_loss":0},{"damage_healed":0,"gold_gain":0,"player_choice":"Bought 0 Potions","damage_taken":0,"max_hp_gain":0,"max_hp_loss":0,"event_name":"The Woman in Blue","floor":139,"gold_loss":0},{"damage_healed":0,"gold_gain":0,"player_choice":"Gave Potion","damage_taken":0,"relics_obtained":["Bronze Scales"],"max_hp_gain":0,"max_hp_loss":0,"event_name":"WeMeetAgain","floor":141,"gold_loss":0},{"damage_healed":0,"gold_gain":0,"player_choice":"Cursed","damage_taken":0,"max_hp_gain":0,"max_hp_loss":0,"event_name":"Wheel of Change","floor":144,"gold_loss":0,"cards_obtained":["Decay"]},{"damage_healed":0,"gold_gain":100,"player_choice":"Pray","damage_taken":0,"max_hp_gain":0,"max_hp_loss":0,"event_name":"Golden Shrine","floor":146,"gold_loss":0}],"is_beta":false,"boss_relics":[{"not_picked":["Empty Cage","Runesmith:UraniumAnvil"],"picked":"Black Blood"},{"not_picked":["Pandora\u0027s Box","Runic Dome"],"picked":"SlaversCollar"},{"not_picked":["Cursed Key","Philosopher\u0027s Stone","Astrolabe"]},{"not_picked":["Runic Dome","Fusion Hammer"],"picked":"Busted Crown"},{"not_picked":["Pandora\u0027s Box","Snecko Eye"],"picked":"SacredBark"},{"not_picked":["Philosopher\u0027s Stone","Velvet Choker"],"picked":"Runic Pyramid"},{"not_picked":["Cursed Key","Runic Dome"],"picked":"Pandora\u0027s Box"},{"not_picked":["Velvet Choker","Empty Cage"],"picked":"Black Star"},{"not_picked":["Mark of Pain","Tiny House"],"picked":"Philosopher\u0027s Stone"}],"items_purged_floors":[53,70,116,124],"is_endless":true,"potions_floor_spawned":[1,11,16,27,35,67,75,86,90,92,93,94,99,101,103,107,111,113,115,118,120,127,128,135,137,145,150,152],"killed_by":"Cultist","ascension_level":0}}