{"host":"njb27ds59h4j3ikk","time":1613090826,"event":{"mods":["AchievementEnabler","BaseMod","Better Altar","Better Match","Better Note","Better Sensory Stone","Better Skull","Better Third Choice","BetterRewards","Downfall","Hermit","Hubris","Minty Spire (QoL Compilation)","Permanent Neow","Quarter Circle Forward PUNCH!","Quick Restart","Rare Cards Sparkle","Replay The Spire","Shop Mod","StSLib","Trackpad","Transform Curses"],"gold_per_floor":[119,119,131,148,148,148,181,181,181,194,207,207,223,234,234,332,332,342,342,359,379,379,379,409,422,422,450,450,475,486,506,506,506,506],"floor_reached":33,"language":"ENG","playtime":1544,"items_purged":[],"score":562,"play_id":"1d2ec42c-caa2-42e8-87b0-3868ac517cce","local_time":"20210211194706","is_ascension_mode":true,"campfire_choices":[{"data":"hermit:Snipe","floor":6,"key":"SMITH"},{"data":"hermit:Glare","floor":8,"key":"SMITH"},{"data":"Deep Breath","floor":15,"key":"SMITH"},{"floor":23,"key":"RECALL"},{"data":"hermit:Virtue","floor":28,"key":"SMITH"},{"floor":32,"key":"REST"}],"circlet_count":0,"master_deck":["hermit:Strike_Hermit","hermit:Strike_Hermit","hermit:Strike_Hermit","hermit:Strike_Hermit","hermit:Defend_Hermit","hermit:Defend_Hermit","hermit:Defend_Hermit","hermit:Defend_Hermit","hermit:Snapshot","hermit:Covet","hermit:GhostlyPresence","hermit:Glare+1","hermit:WideOpen","hermit:PistolWhip+1","hermit:Snipe+1","hermit:Misfire","Apotheosis+1","Pot Of Greed","Pot Of Greed","hermit:CursedWeapon","hermit:Quickdraw+1","hermit:DeadMansHand","Deep Breath+1","hermit:Vantage","hermit:FlashPowder","hermit:Dissolve","Pot Of Greed","hermit:SprayPray+1","hermit:Coalescence+1","hermit:Malice+1","hermit:Deadeye","hermit:NoHoldsBarred","hermit:Virtue+1","hermit:Headshot+1","hermit:ItchyTrigger+1","hermit:HoleUp+1"],"relics":["hermit:Momento","Mercury Hourglass","Grinning Jar","Pear","ChewingGum","Anchor","hubris:SphereOfDissonance","hubris:Reverence"],"acts_visited":["Exordium","TheCity"],"potions_floor_usage":[7,16,21,24,30,30,33,33],"damage_taken":[{"damage":0,"enemies":"Cultist","floor":1,"turns":3},{"damage":0,"enemies":"2 Louse","floor":3,"turns":1},{"damage":0,"enemies":"Small Slimes","floor":4,"turns":2},{"damage":1,"enemies":"Lagavulin","floor":7,"turns":3},{"damage":0,"enemies":"Red Slaver","floor":10,"turns":2},{"damage":0,"enemies":"Looter","floor":11,"turns":2},{"damage":0,"enemies":"Exordium Wildlife","floor":13,"turns":2},{"damage":6,"enemies":"3 Louse","floor":14,"turns":2},{"damage":2,"enemies":"Hexaghost","floor":16,"turns":8},{"damage":2,"enemies":"Chosen","floor":18,"turns":3},{"damage":6,"enemies":"Shell Parasite","floor":20,"turns":4},{"damage":10,"enemies":"Cultist and Chosen","floor":21,"turns":7},{"damage":2,"enemies":"Gremlin Leader","floor":24,"turns":6},{"damage":2,"enemies":"Shelled Parasite and Fungi","floor":25,"turns":3},{"damage":0,"enemies":"Replay:Snechameleon","floor":27,"turns":3},{"damage":55,"enemies":"Gremlin Leader","floor":29,"turns":7},{"damage":7,"enemies":"Sentry and Sphere","floor":30,"turns":4},{"damage":0,"enemies":"3 Cultists","floor":31,"turns":3},{"damage":48,"enemies":"Automaton","floor":33,"turns":6}],"seed_played":"-3471061021955780571","potions_obtained":[{"floor":1,"key":"SpeedPotion"},{"floor":3,"key":"Dexterity Potion"},{"floor":7,"key":"Fire Potion"},{"floor":11,"key":"Energy Potion"},{"floor":19,"key":"LiquidBronze"},{"floor":19,"key":"SkillPotion"},{"floor":24,"key":"hermit:BlackBile"},{"floor":29,"key":"PowerPotion"},{"floor":30,"key":"hermit:BlackBile"}],"is_trial":false,"path_per_floor":["M","?","M","M","?","R","E","R","T","M","M","?","M","M","R","B",null,"M","?","M","M","?","R","E","M","T","E","R","E","M","M","R","B"],"character_chosen":"HERMIT","items_purchased":["Mercury Hourglass","hermit:GhostlyPresence","hermit:Glare","hermit:WideOpen","hermit:Tonic"],"campfire_rested":1,"item_purchase_floors":[0,0,0,0,0],"current_hp_per_floor":[75,75,75,75,75,75,74,74,84,84,84,84,84,78,78,76,85,83,83,77,67,67,67,65,63,63,63,63,8,1,1,26,0,0],"gold":506,"neow_bonus":"","is_daily":false,"chose_seed":false,"campfire_upgraded":4,"win_rate":0.0,"timestamp":1613090826,"path_taken":["M","?","M","M","?","R","E","R","T","M","M","?","M","M","R","BOSS","M","?","?","M","?","R","E","M","T","E","R","E","M","M","R","BOSS"],"items_purchased_type":["Relic","Card","Card","Card","Potion"],"build_version":"2020-12-22","purchased_purges":0,"victory":false,"max_hp_per_floor":[75,75,75,75,75,75,75,75,85,85,85,85,85,85,85,85,85,85,85,85,85,85,85,85,85,85,85,85,85,85,85,85,85,85],"card_choices":[{"not_picked":["hermit:Showdown","hermit:Manifest"],"picked":"hermit:PistolWhip","floor":1},{"not_picked":["hermit:Brawl","hermit:HoleUp"],"picked":"hermit:Snipe","floor":3},{"not_picked":["hermit:LowProfile","hermit:Brawl"],"picked":"hermit:Misfire","floor":4},{"not_picked":["hermit:Shortfuse","hermit:Snipe"],"picked":"hermit:CursedWeapon","floor":7},{"not_picked":["hermit:Vantage","hermit:Deadeye"],"picked":"hermit:Quickdraw","floor":10},{"not_picked":["hermit:Feint","hermit:Desperado"],"picked":"hermit:DeadMansHand","floor":11},{"not_picked":["Mayhem","The Bomb"],"picked":"Deep Breath","floor":12},{"not_picked":["hermit:Spite","hermit:CalledShot"],"picked":"hermit:Vantage","floor":13},{"not_picked":["hermit:Vantage","hermit:BodyArmor"],"picked":"hermit:FlashPowder","floor":14},{"not_picked":["hermit:RoundhouseKick","hermit:Purgatory"],"picked":"hermit:Dissolve","floor":16},{"not_picked":["hermit:WideOpen+1","hermit:Misfire+1"],"picked":"hermit:SprayPray+1","floor":18},{"not_picked":["hermit:Dive","hermit:TrackingShot"],"picked":"hermit:Coalescence+1","floor":20},{"not_picked":["hermit:DeadMansHand","hermit:Spite+1"],"picked":"hermit:Malice+1","floor":21},{"not_picked":["hermit:CursedWeapon+1","hermit:Vantage"],"picked":"hermit:Deadeye","floor":24},{"not_picked":["hermit:Glare","hermit:Malice"],"picked":"hermit:NoHoldsBarred","floor":25},{"not_picked":["hermit:Malice+1","hermit:HoleUp"],"picked":"hermit:Virtue","floor":27},{"not_picked":["hermit:Vantage+1","hermit:CalledShot"],"picked":"hermit:Headshot+1","floor":29},{"not_picked":["hermit:Quickdraw","hermit:TakeCover"],"picked":"hermit:ItchyTrigger+1","floor":30},{"not_picked":["hermit:Glare+1","hermit:Vantage"],"picked":"hermit:HoleUp+1","floor":31}],"player_experience":1357211,"relics_obtained":[{"floor":7,"key":"Grinning Jar"},{"floor":9,"key":"Pear"},{"floor":24,"key":"Anchor"},{"floor":27,"key":"hubris:SphereOfDissonance"},{"floor":29,"key":"hubris:Reverence"}],"event_choices":[{"damage_healed":0,"gold_gain":0,"player_choice":"Grow","damage_taken":0,"max_hp_gain":0,"max_hp_loss":0,"event_name":"Living Wall","floor":2,"gold_loss":0,"cards_upgraded":["hermit:PistolWhip"]},{"damage_healed":75,"gold_gain":0,"player_choice":"Embrace","damage_taken":0,"max_hp_gain":0,"max_hp_loss":75,"event_name":"betterThird:BetterShining","floor":5,"gold_loss":0},{"damage_healed":0,"gold_gain":1,"player_choice":"1","damage_taken":0,"max_hp_gain":0,"max_hp_loss":0,"event_name":"betterStone:BetterStone","floor":12,"gold_loss":0},{"damage_healed":0,"gold_gain":0,"player_choice":"Got Potions","damage_taken":0,"max_hp_gain":0,"max_hp_loss":0,"event_name":"Lab","floor":19,"gold_loss":0},{"damage_healed":0,"gold_gain":0,"player_choice":"Upgraded","damage_taken":0,"max_hp_gain":0,"max_hp_loss":0,"event_name":"Upgrade Shrine","floor":22,"gold_loss":0,"cards_upgraded":["hermit:Quickdraw"]}],"is_beta":false,"boss_relics":[{"not_picked":["Runic Dome","Empty Cage"],"picked":"ChewingGum"}],"items_purged_floors":[],"is_endless":false,"potions_floor_spawned":[1,3,7,11,24,29,30],"killed_by":"Automaton","ascension_level":1}}