{"host":"5aybe1nma5c8fep7","time":1613125493,"event":{"mods":["BaseMod","Conspire","Downfall","Friendly Minions","Minty Spire (QoL Compilation)","Replay The Spire","SacredBarkPlus","StSLib"],"gold_per_floor":[99,114,59,70,170,190,190,340,340,340,354,138,38,50,60,159,159,159,174,74,74,97,97,97,117,142,184,184,227,227,285,319,436,436,436,452,206,206,261,261,343,343,378,397,236,345,361,361,384,401],"floor_reached":51,"language":"ENG","playtime":4156,"items_purged":["downfall:Icky","bronze:Defend","bronze:Defend"],"score":632,"play_id":"9dccf982-dc02-4f23-b5c2-cdcd93847f09","local_time":"20210212022453","is_ascension_mode":false,"campfire_choices":[{"data":"bronze:Goto","floor":1,"key":"SMITH"},{"floor":9,"key":"RECALL"},{"data":"Replay:SS_forest_2","floor":13,"key":"SMITH"},{"data":"bronze:Assembly","floor":18,"key":"SMITH"},{"data":"bronze:CutThrough","floor":23,"key":"SMITH"},{"data":"Hallucinations","floor":28,"key":"PURGE"},{"data":"bronze:Strike","floor":30,"key":"PURGE"},{"data":"bronze:RecursiveStrike","floor":35,"key":"SMITH"},{"data":"bronze:DigitalCarnage","floor":40,"key":"SMITH"}],"circlet_count":0,"master_deck":["bronze:Strike","bronze:Defend","bronze:Defend","bronze:Replicate","bronze:Goto+1","bronze:ForLoop","bronze:CutThrough+1","bronze:Branch+1","bronze:WhirlingStrike+1","bronze:Deprecate","bronze:FineTuning","bronze:DelayedGuard","bronze:Boost","Replay:SS_forest_2+1","bronze:Assembly+1","bronze:Turbo","conspire:SpireCoStock","conspire:SpireCoStock","bronze:GetLatest+1","bronze:AlphaBuild","bronze:ClassDefault","bronze:RecursiveStrike+1","bronze:DigitalCarnage+1","bronze:Verify","bronze:Repulsor","Doubt"],"relics":["bronze:BronzeCore","Snack Pack","downfall:HeartBlessingRed","ChewingGum","ReplayTheSpireMod:Ring of Addiction","Potion Belt","Toy Ornithopter","Ring of Hypnosis","Peace Pipe","PreservedInsect","ReplayTheSpireMod:TigerMarble","conspire:SeveredTorchhead","Cauldron","bronze:BottledCode","CaptainsWheel","bronze:CableSpool","Mercury Hourglass","Torii","downfall:GremlinWheel"],"acts_visited":["Exordium","TheCity","TheBeyond"],"potions_floor_usage":[5,16,16,16,22,25,27,33,33,33,36,39,44,44,47,47,50,50,50,50,50],"damage_taken":[{"damage":2,"enemies":"Small Slimes","floor":2,"turns":4},{"damage":0,"enemies":"downfall:FleeingMerchant","floor":3,"turns":4},{"damage":1,"enemies":"Jaw Worm","floor":4,"turns":3},{"damage":24,"enemies":"downfall:Heads","floor":5,"turns":9},{"damage":8,"enemies":"2 Louse","floor":6,"turns":2},{"damage":5,"enemies":"Large Slime","floor":11,"turns":5},{"damage":5,"enemies":"downfall:FleeingMerchant","floor":12,"turns":4},{"damage":7,"enemies":"Exordium Thugs","floor":14,"turns":3},{"damage":0,"enemies":"Blue Slaver","floor":15,"turns":4},{"damage":10,"enemies":"IC_STATUS_ARCHETYPE","floor":16,"turns":7},{"damage":0,"enemies":"3 Byrds","floor":19,"turns":4},{"damage":3,"enemies":"downfall:FleeingMerchant","floor":22,"turns":4},{"damage":0,"enemies":"Snecko","floor":25,"turns":4},{"damage":4,"enemies":"Sentry and Sphere","floor":26,"turns":4},{"damage":14,"enemies":"Book of Stabbing","floor":27,"turns":5},{"damage":22,"enemies":"Centurion and Healer","floor":29,"turns":8},{"damage":24,"enemies":"conspire:MimicChest","floor":31,"turns":11},{"damage":0,"enemies":"Shelled Parasite and Fungi","floor":32,"turns":5},{"damage":52,"enemies":"SI_MIRROR_ARCHETYPE","floor":33,"turns":12},{"damage":9,"enemies":"3 Shapes","floor":36,"turns":2},{"damage":3,"enemies":"downfall:FleeingMerchant","floor":37,"turns":4},{"damage":31,"enemies":"2 Orb Walkers","floor":39,"turns":5},{"damage":6,"enemies":"Orb Walker","floor":43,"turns":4},{"damage":49,"enemies":"Transient","floor":44,"turns":5},{"damage":0,"enemies":"downfall:FleeingMerchant","floor":45,"turns":1},{"damage":0,"enemies":"downfall:FleeingMerchant","floor":46,"turns":2},{"damage":13,"enemies":"Writhing Mass","floor":47,"turns":6},{"damage":22,"enemies":"Spire Growth","floor":49,"turns":3},{"damage":62,"enemies":"WA_ARCHETYPE_DIVINITY","floor":50,"turns":13}],"seed_played":"8747978464666843654","potions_obtained":[{"floor":2,"key":"DistilledChaos"},{"floor":5,"key":"Adrenaline Potion"},{"floor":6,"key":"EntropicBrew"},{"floor":15,"key":"Explosive Potion"},{"floor":21,"key":"Slimebound:ThreeZeroPotion"},{"floor":21,"key":"Weak Potion"},{"floor":26,"key":"sneckomod:MuddlingPotion"},{"floor":31,"key":"Regen Potion"},{"floor":33,"key":"ColorlessPotion"},{"floor":37,"key":"EntropicBrew"},{"floor":37,"key":"bronze:CleanCodePotion"},{"floor":37,"key":"Energy Potion"},{"floor":37,"key":"Milkshake"},{"floor":37,"key":"bronze:BuildAFunctionPotion"},{"floor":39,"key":"ColorlessPotion"},{"floor":44,"key":"Languid Potion"},{"floor":49,"key":"DuplicationPotion"}],"is_trial":false,"path_per_floor":["R","M","$","M","?","M","T","?","R","?","M","$","R","M","M","B",null,"R","M","?","?","$","R","T","M","M","E","R","M","R","?","M","B",null,"R","M","$","?","?","R","T","?","M","M","$","?","M","?","M","B",null],"character_chosen":"THE_AUTOMATON","items_purchased":["bronze:Branch+1","bronze:Boost","Replay:SS_forest_2","Cauldron","bronze:Repulsor","Torii","Dexterity Potion"],"campfire_rested":0,"item_purchase_floors":[3,12,12,37,45,45,45],"current_hp_per_floor":[77,75,75,74,50,42,42,42,42,47,48,51,51,48,48,40,82,82,82,82,82,81,81,81,82,78,71,71,59,59,37,41,27,80,80,75,77,70,43,43,43,43,39,2,6,6,5,68,46,19],"gold":401,"neow_bonus":"TEN_PERCENT_HP_BONUS","is_daily":false,"chose_seed":false,"campfire_upgraded":6,"win_rate":0.0,"timestamp":1613125493,"path_taken":["R","M","$","M","?","M","T","?","R","?","M","$","R","M","M","BOSS","R","M","?","?","$","R","T","?","M","E","R","M","R","?","M","BOSS","R","M","$","?","?","R","T","?","M","M","$","?","?","?","M","BOSS"],"items_purchased_type":["Card","Card","Card","Relic","Card","Relic","Potion"],"build_version":"2020-12-22","purchased_purges":3,"victory":true,"max_hp_per_floor":[77,77,77,77,77,77,77,77,77,82,82,82,82,82,82,82,82,82,82,82,82,82,82,82,82,82,82,82,82,82,80,80,80,80,80,80,80,70,70,70,70,70,68,68,68,68,68,68,68,68],"card_choices":[{"not_picked":["bronze:FollowUp","bronze:Deprecate"],"picked":"bronze:ForLoop","floor":2},{"not_picked":["bronze:Invalidate","bronze:Overheat"],"picked":"bronze:CutThrough","floor":3},{"not_picked":["bronze:BitShift","bronze:BugBarrage","bronze:BuggyMess"],"picked":"SKIP","floor":4},{"not_picked":["bronze:ForceShield","bronze:Branch"],"picked":"bronze:WhirlingStrike","floor":5},{"not_picked":["bronze:CutThrough","bronze:DelayedGuard"],"picked":"bronze:FineTuning","floor":6},{"not_picked":["bronze:CutThrough","bronze:ForceShield"],"picked":"bronze:DelayedGuard","floor":11},{"not_picked":["bronze:Frontload","bronze:FollowUp","bronze:WildBeam"],"picked":"SKIP","floor":12},{"not_picked":["bronze:DelayedGuard","bronze:ForLoop","bronze:BronzeArmor"],"picked":"SKIP","floor":14},{"not_picked":["bronze:Invalidate","bronze:OilSpill","bronze:Philosophize"],"picked":"SKIP","floor":15},{"not_picked":["bronze:ShipIt","bronze:HardenedForm"],"picked":"bronze:Assembly","floor":16},{"not_picked":["bronze:WildBeam","bronze:Frontload"],"picked":"bronze:Turbo","floor":19},{"not_picked":["bronze:BitShift","bronze:Iterate+1"],"picked":"bronze:GetLatest+1","floor":22},{"not_picked":["bronze:Overheat","bronze:DelayedSlice"],"picked":"bronze:AlphaBuild","floor":25},{"not_picked":["bronze:Deprecate","bronze:OilSpill+1","bronze:DelayedGuard+1"],"picked":"SKIP","floor":26},{"not_picked":["bronze:NullPointer+1","bronze:Turbo+1"],"picked":"bronze:ClassDefault","floor":27},{"not_picked":["bronze:Invalidate","bronze:WhirlingStrike+1"],"picked":"bronze:RecursiveStrike","floor":29},{"not_picked":["bronze:OilSpill","bronze:Frontload"],"picked":"bronze:DigitalCarnage","floor":31},{"not_picked":["bronze:Deprecate+1","bronze:WildBeam","bronze:Iterate"],"picked":"SKIP","floor":32},{"not_picked":["bronze:Virus","bronze:FindAndReplace"],"picked":"bronze:Verify","floor":33},{"not_picked":["bronze:DelayedGuard","bronze:DelayedSlice","bronze:FineTuning+1"],"picked":"SKIP","floor":36},{"not_picked":["bronze:Deprecate","bronze:WhirlingStrike","bronze:BitShift+1"],"picked":"SKIP","floor":37},{"not_picked":["bronze:Turbo+1","bronze:WhirlingStrike","bronze:FollowUp+1"],"picked":"SKIP","floor":43},{"not_picked":["bronze:Deprecate","bronze:OilSpill+1","bronze:Virus"],"picked":"SKIP","floor":44},{"not_picked":["bronze:Fortify+1","bronze:BronzeArmor","bronze:WhirlingStrike+1"],"picked":"SKIP","floor":45},{"not_picked":["bronze:BronzeArmor","bronze:WildBeam","bronze:BugBarrage+1"],"picked":"SKIP","floor":47},{"not_picked":["bronze:CutThrough","bronze:WhirlingStrike","bronze:BuggyMess+1"],"picked":"SKIP","floor":49}],"player_experience":452365,"relics_obtained":[{"floor":7,"key":"Snack Pack"},{"floor":21,"key":"ReplayTheSpireMod:Ring of Addiction"},{"floor":21,"key":"Potion Belt"},{"floor":21,"key":"Toy Ornithopter"},{"floor":21,"key":"Ring of Hypnosis"},{"floor":24,"key":"Peace Pipe"},{"floor":27,"key":"PreservedInsect"},{"floor":31,"key":"ReplayTheSpireMod:TigerMarble"},{"floor":39,"key":"CaptainsWheel"},{"floor":41,"key":"bronze:CableSpool"},{"floor":42,"key":"Mercury Hourglass"},{"floor":46,"key":"downfall:GremlinWheel"}],"event_choices":[{"damage_healed":0,"gold_gain":0,"player_choice":"Donut","damage_taken":0,"max_hp_gain":5,"max_hp_loss":0,"event_name":"Big Fish","floor":10,"gold_loss":0},{"damage_healed":0,"gold_gain":0,"player_choice":"Invest 2","damage_taken":0,"max_hp_gain":0,"max_hp_loss":0,"event_name":"conspire:Investor","floor":20,"gold_loss":0},{"damage_healed":0,"gold_gain":0,"player_choice":"Fight","damage_taken":0,"max_hp_gain":0,"max_hp_loss":0,"event_name":"Mysterious Sphere","floor":39,"gold_loss":0}],"is_beta":false,"boss_relics":[{"not_picked":["Honey Jar","Snecko Eye"],"picked":"ChewingGum"},{"not_picked":["Tiny House","Replay:Drink Me"],"picked":"conspire:SeveredTorchhead"}],"items_purged_floors":[12,37,45],"is_endless":false,"potions_floor_spawned":[2,5,6,15,26,31,33,39,44,46,49],"ascension_level":0}}