{"host":"a57oumegxze0vmhs","time":1613144832,"event":{"mods":["AchievementEnabler","BaseMod","Colored Powertips","Minty Spire (QoL Compilation)","Relic Stats"],"gold_per_floor":[115,125,125,137,149,192,204,216,228,263,308,320,368,380,392,404,404],"floor_reached":16,"language":"ENG","playtime":269,"items_purged":[],"score":226,"play_id":"ee85a2d1-8366-4624-9ded-605e4866d9f5","local_time":"20210212174712","is_ascension_mode":true,"campfire_choices":[{"data":"Eruption","floor":7.0,"key":"SMITH"},{"floor":15.0,"key":"REST"}],"circlet_count":0,"master_deck":["AscendersBane","Strike_P","Strike_P","Strike_P","Strike_P","Defend_P","Defend_P","Defend_P","Defend_P","Eruption+1","Vigilance","JustLucky+1","EmptyFist","Injury","SashWhip","LessonLearned","ThirdEye","Parasite","FollowUp"],"relics":["PureWater","NeowsBlessing","MawBank","Golden Idol","Dream Catcher","Pocketwatch","Toy Ornithopter","Mercury Hourglass","GoldenEye"],"acts_visited":[],"potions_floor_usage":[],"damage_taken":[{"damage":0.0,"enemies":"2 Louse","floor":1.0,"turns":1.0},{"damage":0.0,"enemies":"Jaw Worm","floor":2.0,"turns":1.0},{"damage":0.0,"enemies":"Lagavulin","floor":6.0,"turns":1.0},{"damage":4.0,"enemies":"Small Slimes","floor":10.0,"turns":3.0},{"damage":8.0,"enemies":"Gremlin Nob","floor":11.0,"turns":3.0},{"damage":20.0,"enemies":"3 Sentries","floor":13.0,"turns":5.0},{"damage":0,"enemies":"The Guardian","floor":16,"turns":1}],"seed_played":"4186623290148537123","potions_obtained":[{"floor":2.0,"key":"Dexterity Potion"},{"floor":6.0,"key":"FearPotion"},{"floor":11.0,"key":"Regen Potion"}],"is_trial":false,"path_per_floor":["M","M","?","$","?","E","R","$","T","M","E","T","E","?","R","B"],"character_chosen":"WATCHER","items_purchased":[],"campfire_rested":1,"item_purchase_floors":[],"current_hp_per_floor":[65,65,47,47,47,47,47,47,47,43,35,35,34,52,72,72,72],"gold":404,"neow_bonus":"THREE_ENEMY_KILL","is_daily":false,"chose_seed":false,"campfire_upgraded":1,"win_rate":0.0,"timestamp":1613144832,"path_taken":["M","M","?","?","?","E","R","$","T","?","E","?","E","?","R","BOSS"],"items_purchased_type":[],"build_version":"2020-12-22","purchased_purges":0,"victory":false,"max_hp_per_floor":[72,72,72,72,72,72,72,72,72,72,72,72,72,72,72,72,72],"relic_stats":{"Dream Catcher":0,"counters":[1,1],"Golden Idol":0,"MawBank":12,"GoldenEye":[0],"obtain_stats":[{"Dream Catcher":0,"NeowsBlessing":0,"Golden Idol":0,"PureWater":0,"MawBank":0,"GoldenEye":0,"Toy Ornithopter":0,"Pocketwatch":0,"Mercury Hourglass":0},{"Dream Catcher":0,"NeowsBlessing":0,"Golden Idol":0,"PureWater":0,"MawBank":0,"GoldenEye":0,"Toy Ornithopter":0,"Pocketwatch":0,"Mercury Hourglass":0},{"Dream Catcher":0,"NeowsBlessing":0,"Golden Idol":0,"PureWater":0,"MawBank":0,"GoldenEye":0,"Toy Ornithopter":0,"Pocketwatch":0,"Mercury Hourglass":0}],"Toy Ornithopter":0,"Pocketwatch":[0],"Mercury Hourglass":[3]},"card_choices":[{"not_picked":["Halt","Evaluate"],"picked":"JustLucky","floor":1.0},{"not_picked":["LikeWater","Consecrate"],"picked":"EmptyFist","floor":2.0},{"not_picked":["Indignation","SignatureMove"],"picked":"SashWhip","floor":6.0},{"not_picked":["Crescendo","EmptyBody","Collect"],"picked":"SKIP","floor":10.0},{"not_picked":["ThirdEye","JustLucky"],"picked":"LessonLearned","floor":11.0},{"not_picked":["JustLucky","Adaptation"],"picked":"ThirdEye","floor":13.0},{"not_picked":["WaveOfTheHand","Protect"],"picked":"FollowUp","floor":15.0}],"player_experience":433568,"relics_obtained":[{"floor":6.0,"key":"Dream Catcher"},{"floor":9.0,"key":"Pocketwatch"},{"floor":11.0,"key":"Toy Ornithopter"},{"floor":12.0,"key":"Mercury Hourglass"},{"floor":13.0,"key":"GoldenEye"}],"event_choices":[{"damage_healed":0.0,"max_hp_gain":0.0,"max_hp_loss":0.0,"gold_gain":0.0,"event_name":"Scrap Ooze","player_choice":"Success","floor":3.0,"gold_loss":0.0,"damage_taken":18.0,"relics_obtained":["MawBank"]},{"damage_healed":0.0,"max_hp_gain":0.0,"max_hp_loss":0.0,"gold_gain":0.0,"event_name":"Golden Idol","player_choice":"Take Wound","floor":5.0,"gold_loss":0.0,"damage_taken":0.0,"relics_obtained":["Golden Idol"],"cards_obtained":["Injury"]},{"damage_healed":18.0,"max_hp_gain":0.0,"max_hp_loss":0.0,"gold_gain":0.0,"event_name":"Mushrooms","player_choice":"Healed and dodged fight","floor":14.0,"gold_loss":0.0,"damage_taken":0.0,"cards_obtained":["Parasite"]}],"is_beta":false,"boss_relics":[],"items_purged_floors":[],"is_endless":false,"potions_floor_spawned":[2,6,11],"killed_by":"The Guardian","ascension_level":12}}