{"host":"d2y4rmbezebiv8aj","time":1613117562,"event":{"mods":["AchievementEnabler","BaseMod","Bestiary","BetterRewards","Colored Map","Colored Powertips","Custom Start","Highlight Path","Minty Spire (QoL Compilation)","Quick Restart","Rare Cards Sparkle","Relic Sorter","Relic Stats","Shop Mod","Slay-I","StSLib","SuperFastMode"],"gold_per_floor":[117,129,145,158,175,510,510,526,580,595,595,560,575,599,599,729,729,750,770,770,785,671,702,702,735,735,735,583,602,178,203,203,324,324,324],"floor_reached":34,"language":"DEU","playtime":1113,"items_purged":[],"score":598,"play_id":"3e48eea1-bf9d-44c9-a6dd-b2faa810b594","local_time":"20210212091242","is_ascension_mode":false,"campfire_choices":[{"data":"Infinite Blades","floor":7,"key":"SMITH"},{"floor":15,"key":"REST"},{"data":"Storm of Steel","floor":24,"key":"SMITH"},{"data":"Accuracy","floor":27,"key":"SMITH"},{"data":"Mayhem","floor":32,"key":"SMITH"}],"circlet_count":0,"master_deck":["Strike_G","Strike_G","Strike_G","Strike_G","Strike_G","Defend_G","Defend_G","Defend_G","Defend_G","Defend_G","Survivor+1","Neutralize","A Thousand Cuts","Masterful Stab","Accuracy","Backflip","Infinite Blades+1","Deflect","Accuracy+1","Cloak And Dagger","Outmaneuver+1","All Out Attack","Dash","Cloak And Dagger","Prepared","Slice","Injury","Prepared","Blade Dance","Storm of Steel+1","CurseOfTheBell","PiercingWail","Slice","Panacea","Mayhem+1","After Image"],"relics":["Ring of the Snake","Sling","Ninja Scroll","Old Coin","War Paint","Golden Idol","Calling Bell","Orichalcum","Singing Bowl","Dead Branch","PreservedInsect","Matryoshka","Dream Catcher","Tough Bandages","Medical Kit","Ornamental Fan","Philosopher\u0027s Stone"],"acts_visited":["Exordium","TheCity","TheBeyond"],"potions_floor_usage":[2,16,33,33],"damage_taken":[{"damage":1,"enemies":"Cultist","floor":1,"turns":3},{"damage":0,"enemies":"2 Louse","floor":2,"turns":1},{"damage":0,"enemies":"Small Slimes","floor":3,"turns":1},{"damage":0,"enemies":"Gremlin Gang","floor":4,"turns":4},{"damage":7,"enemies":"Exordium Thugs","floor":5,"turns":6},{"damage":11,"enemies":"Gremlin Nob","floor":6,"turns":3},{"damage":0,"enemies":"Looter","floor":8,"turns":2},{"damage":0,"enemies":"Lots of Slimes","floor":10,"turns":3},{"damage":0,"enemies":"3 Louse","floor":13,"turns":3},{"damage":0,"enemies":"Large Slime","floor":14,"turns":4},{"damage":0,"enemies":"The Guardian","floor":16,"turns":3},{"damage":16,"enemies":"2 Thieves","floor":18,"turns":4},{"damage":2,"enemies":"Spheric Guardian","floor":19,"turns":3},{"damage":0,"enemies":"Shelled Parasite and Fungi","floor":21,"turns":2},{"damage":15,"enemies":"Book of Stabbing","floor":23,"turns":2},{"damage":0,"enemies":"Slavers","floor":25,"turns":2},{"damage":0,"enemies":"Chosen and Byrds","floor":29,"turns":4},{"damage":3,"enemies":"Cultist and Chosen","floor":31,"turns":5},{"damage":19,"enemies":"Champ","floor":33,"turns":9}],"seed_played":"-1970382282513932560","potions_obtained":[{"floor":1,"key":"Fruit Juice"},{"floor":3,"key":"EssenceOfSteel"},{"floor":5,"key":"Strength Potion"},{"floor":14,"key":"Dexterity Potion"},{"floor":16,"key":"PowerPotion"}],"is_trial":false,"path_per_floor":["M","M","M","M","M","E","R","M","T","M","?","?","M","M","R","B",null,"M","M","?","M","$","E","R","E","T","R","$","M","$","M","R","B",null],"character_chosen":"THE_SILENT","items_purchased":["A Thousand Cuts","Masterful Stab","Sling","Accuracy","Backflip","Ninja Scroll","Infinite Blades","Deflect","Slice","Panacea","Medical Kit","Ornamental Fan","Mayhem"],"campfire_rested":1,"item_purchase_floors":[0,0,0,0,0,0,0,0,22,22,28,30,30],"current_hp_per_floor":[34,39,39,39,32,21,21,21,21,21,21,39,39,39,61,61,75,59,59,59,61,61,48,48,50,50,50,50,52,52,51,51,32,87,87],"gold":324,"neow_bonus":"","is_daily":false,"chose_seed":false,"campfire_upgraded":4,"win_rate":0.0,"timestamp":1613117562,"path_taken":["M","M","M","M","?","E","R","M","T","M","?","?","M","M","R","BOSS","M","M","?","?","$","E","R","E","T","R","$","M","$","M","R","BOSS"],"items_purchased_type":["Card","Card","Relic","Card","Card","Relic","Card","Card","Card","Card","Relic","Relic","Card"],"build_version":"2020-12-22","purchased_purges":0,"victory":false,"max_hp_per_floor":[70,75,75,75,75,75,75,75,75,75,75,75,75,75,75,75,75,75,77,77,79,79,81,81,83,83,83,83,85,85,87,87,87,87,87],"relic_stats":{"Singing Bowl":12,"counters":[295,1209],"Golden Idol":91,"Dead Branch":[157],"PreservedInsect":40,"War Paint":["Defend_G","Defend_G","Outmaneuver","Survivor"],"Orichalcum":[12],"Medical Kit":[0],"Dream Catcher":0,"Tough Bandages":[144],"Ornamental Fan":[56],"obtain_stats":[{"Ginger":36,"Whetstone":13,"Bottled Tornado":13,"Sling":0,"Boot":42,"Old Coin":6,"Blood Vial":31,"Sundial":24,"MealTicket":0,"Fusion Hammer":34,"HandDrill":39,"Kunai":21,"Pear":29,"Blue Candle":41,"Eternal Feather":0,"Tingsha":0,"Pen Nib":27,"Paper Crane":26,"SlaversCollar":34,"Bird Faced Urn":0,"Unceasing Top":36,"Regal Pillow":4,"Lantern":10,"Singing Bowl":37,"Torii":40,"GremlinMask":22,"Bag of Preparation":29,"Ancient Tea Set":25,"Cursed Key":34,"Smiling Mask":24,"Matryoshka":10,"WristBlade":34,"Ninja Scroll":23,"Toolbox":46,"WingedGreaves":12,"InkBottle":26,"Ring of the Snake":0,"Potion Belt":27,"Lee\u0027s Waffle":37,"NeowsBlessing":0,"Golden Idol":8,"Thread and Needle":0,"The Courier":10,"PreservedInsect":22,"Omamori":30,"Frozen Egg 2":26,"MawBank":10,"Ornamental Fan":30,"Bloody Idol":21,"Turnip":40,"Art of War":26,"Toy Ornithopter":6,"Calipers":0,"Gremlin Horn":25,"Vajra":22,"Sozu":34,"Centennial Puzzle":11,"Lizard Tail":0,"HornCleat":19,"DollysMirror":37,"Strawberry":29,"Philosopher\u0027s Stone":17,"Toxic Egg 2":12,"Girya":0,"Happy Flower":0,"Dead Branch":42,"Oddly Smooth Stone":7,"War Paint":5,"Question Card":40,"WarpedTongs":2,"Bottled Flame":43,"Shuriken":0,"Bronze Scales":43,"Molten Egg 2":26,"Black Star":34,"Meat on the Bone":28,"Pocketwatch":46,"Darkstone Periapt":6,"Mango":39,"Snake Skull":11,"Juzu Bracelet":24,"Incense Burner":7,"ClockworkSouvenir":29,"Nunchaku":23,"Dream Catcher":23,"Tough Bandages":42,"Mummified Hand":9,"Pantograph":44,"Tiny Chest":7,"Red Mask":30,"Orichalcum":43,"Medical Kit":19,"White Beast Statue":40,"Mercury Hourglass":9,"Peace Pipe":27,"Calling Bell":17,"Anchor":12,"Bag of Marbles":9,"Membership Card":0,"FossilizedHelix":45,"TungstenRod":23},{"Ginger":42,"Whetstone":130,"Bottled Tornado":27,"Sling":19,"Boot":170,"Old Coin":282,"Blood Vial":63,"Sundial":212,"MealTicket":48,"Fusion Hammer":191,"HandDrill":43,"Kunai":13,"Pear":61,"Blue Candle":196,"Eternal Feather":19,"Tingsha":200,"Pen Nib":60,"Paper Crane":263,"SlaversCollar":113,"Bird Faced Urn":48,"Unceasing Top":142,"Regal Pillow":72,"Lantern":101,"Singing Bowl":65,"Torii":272,"GremlinMask":236,"Bag of Preparation":164,"Ancient Tea Set":83,"Cursed Key":140,"Smiling Mask":237,"Matryoshka":204,"WristBlade":87,"Ninja Scroll":33,"Toolbox":144,"WingedGreaves":256,"InkBottle":15,"Ring of the Snake":0,"Potion Belt":162,"Lee\u0027s Waffle":115,"NeowsBlessing":0,"Golden Idol":255,"Thread and Needle":251,"The Courier":53,"PreservedInsect":59,"Omamori":38,"Frozen Egg 2":83,"MawBank":128,"Ornamental Fan":293,"Bloody Idol":261,"Turnip":66,"Art of War":34,"Toy Ornithopter":3,"Calipers":200,"Gremlin Horn":83,"Vajra":106,"Sozu":64,"Centennial Puzzle":26,"Lizard Tail":200,"HornCleat":30,"DollysMirror":65,"Strawberry":189,"Philosopher\u0027s Stone":10,"Toxic Egg 2":54,"Girya":122,"Happy Flower":69,"Dead Branch":272,"Oddly Smooth Stone":25,"War Paint":2,"Question Card":116,"WarpedTongs":98,"Bottled Flame":44,"Shuriken":69,"Bronze Scales":117,"Molten Egg 2":59,"Black Star":40,"Meat on the Bone":85,"Pocketwatch":94,"Darkstone Periapt":25,"Mango":271,"Snake Skull":7,"Juzu Bracelet":135,"Incense Burner":204,"ClockworkSouvenir":189,"Nunchaku":107,"Dream Catcher":107,"Tough Bandages":170,"Mummified Hand":5,"Pantograph":197,"Tiny Chest":100,"Red Mask":62,"Orichalcum":92,"Medical Kit":132,"White Beast Statue":144,"Mercury Hourglass":75,"Peace Pipe":214,"Calling Bell":287,"Anchor":153,"Bag of Marbles":25,"Membership Card":147,"FossilizedHelix":93,"TungstenRod":160},{"Ginger":171,"Whetstone":536,"Bottled Tornado":106,"Sling":78,"Boot":696,"Old Coin":1163,"Blood Vial":270,"Sundial":885,"MealTicket":202,"Fusion Hammer":790,"HandDrill":176,"Kunai":47,"Pear":263,"Blue Candle":811,"Eternal Feather":78,"Tingsha":836,"Pen Nib":258,"Paper Crane":1079,"SlaversCollar":468,"Bird Faced Urn":202,"Unceasing Top":583,"Regal Pillow":312,"Lantern":420,"Singing Bowl":282,"Torii":1126,"GremlinMask":973,"Bag of Preparation":674,"Ancient Tea Set":354,"Cursed Key":578,"Smiling Mask":977,"Matryoshka":852,"WristBlade":369,"Ninja Scroll":136,"Toolbox":590,"WingedGreaves":1049,"InkBottle":56,"Ring of the Snake":0,"Potion Belt":664,"Lee\u0027s Waffle":478,"NeowsBlessing":0,"Golden Idol":1045,"Thread and Needle":1030,"The Courier":223,"PreservedInsect":257,"Omamori":154,"Frozen Egg 2":354,"MawBank":530,"Ornamental Fan":1195,"Bloody Idol":1071,"Turnip":287,"Art of War":138,"Toy Ornithopter":3,"Calipers":836,"Gremlin Horn":354,"Vajra":441,"Sozu":279,"Centennial Puzzle":102,"Lizard Tail":836,"HornCleat":126,"DollysMirror":282,"Strawberry":778,"Philosopher\u0027s Stone":35,"Toxic Egg 2":228,"Girya":508,"Happy Flower":302,"Dead Branch":1126,"Oddly Smooth Stone":101,"War Paint":2,"Question Card":479,"WarpedTongs":408,"Bottled Flame":182,"Shuriken":302,"Bronze Scales":482,"Molten Egg 2":257,"Black Star":164,"Meat on the Bone":361,"Pocketwatch":390,"Darkstone Periapt":101,"Mango":1120,"Snake Skull":21,"Juzu Bracelet":558,"Incense Burner":852,"ClockworkSouvenir":778,"Nunchaku":443,"Dream Catcher":443,"Tough Bandages":696,"Mummified Hand":11,"Pantograph":816,"Tiny Chest":416,"Red Mask":264,"Orichalcum":384,"Medical Kit":547,"White Beast Statue":590,"Mercury Hourglass":323,"Peace Pipe":891,"Calling Bell":1178,"Anchor":621,"Bag of Marbles":101,"Membership Card":605,"FossilizedHelix":387,"TungstenRod":650}],"Ring of the Snake":[581]},"card_choices":[{"not_picked":["Dagger Spray","Dagger Throw"],"picked":"Accuracy","floor":1},{"not_picked":["Choke","Expertise"],"picked":"Cloak And Dagger","floor":2},{"not_picked":["Well Laid Plans","Leg Sweep"],"picked":"Outmaneuver","floor":3},{"not_picked":["Poisoned Stab","Acrobatics"],"picked":"All Out Attack","floor":4},{"not_picked":["Tactician","Backflip"],"picked":"Dash","floor":5},{"not_picked":["Poisoned Stab","Concentrate"],"picked":"Cloak And Dagger","floor":6},{"not_picked":["Tactician","Quick Slash"],"picked":"Prepared","floor":8},{"not_picked":["Deadly Poison","Dodge and Roll"],"picked":"Slice","floor":10},{"not_picked":["Reflex","Poisoned Stab"],"picked":"Prepared","floor":13},{"not_picked":["Dagger Throw","Predator"],"picked":"Blade Dance","floor":14},{"not_picked":["Adrenaline","Corpse Explosion"],"picked":"Storm of Steel","floor":16},{"not_picked":["Poisoned Stab","Underhanded Strike"],"picked":"PiercingWail","floor":18},{"not_picked":["Caltrops","Sucker Punch","Noxious Fumes+1"],"picked":"Singing Bowl","floor":19},{"not_picked":["Setup","Blur+1","Predator"],"picked":"Singing Bowl","floor":21},{"not_picked":["Well Laid Plans","Wraith Form v2","Cloak And Dagger"],"picked":"Singing Bowl","floor":23},{"not_picked":["Prepared+1","All Out Attack+1","Dagger Spray"],"picked":"Singing Bowl","floor":25},{"not_picked":["Blade Dance","Dagger Throw","Masterful Stab"],"picked":"Singing Bowl","floor":29},{"not_picked":["Crippling Poison","Endless Agony","Poisoned Stab"],"picked":"Singing Bowl","floor":31},{"not_picked":["Adrenaline","Doppelganger"],"picked":"After Image","floor":33}],"player_experience":432270,"relics_obtained":[{"floor":6,"key":"Old Coin"},{"floor":9,"key":"War Paint"},{"floor":17,"key":"Orichalcum"},{"floor":17,"key":"Singing Bowl"},{"floor":17,"key":"Dead Branch"},{"floor":23,"key":"PreservedInsect"},{"floor":25,"key":"Matryoshka"},{"floor":26,"key":"Dream Catcher"},{"floor":26,"key":"Tough Bandages"}],"event_choices":[{"damage_healed":0,"gold_gain":0,"player_choice":"Take Wound","damage_taken":0,"relics_obtained":["Golden Idol"],"max_hp_gain":0,"max_hp_loss":0,"event_name":"Golden Idol","floor":11,"gold_loss":0,"cards_obtained":["Injury"]},{"damage_healed":18,"gold_gain":0,"player_choice":"Healed","damage_taken":0,"max_hp_gain":0,"max_hp_loss":0,"event_name":"The Cleric","floor":12,"gold_loss":35},{"damage_healed":0,"gold_gain":0,"player_choice":"Got Potions","damage_taken":0,"max_hp_gain":0,"max_hp_loss":0,"event_name":"Lab","floor":20,"gold_loss":0}],"is_beta":false,"boss_relics":[{"not_picked":["Sozu","Runic Pyramid"],"picked":"Calling Bell"},{"not_picked":["Astrolabe","Empty Cage"],"picked":"Philosopher\u0027s Stone"}],"items_purged_floors":[],"is_endless":false,"potions_floor_spawned":[1,3,5,14,16,19,25],"ascension_level":0}}