{"host":"my4gslufyvqsq7r2","time":1613156357,"event":{"mods":["BaseMod","Colored Powertips","Hubris","Infinite Spire","Minty Spire (QoL Compilation)","Replay The Spire","StSLib"],"gold_per_floor":[113,126,126,144,20,20,50,50,101,21,21,21,36,36,36,36,36],"floor_reached":16,"language":"ENG","playtime":626,"items_purged":["Strike_R"],"score":103,"play_id":"c25bf73f-ad71-49da-8f9c-b640e3d8415d","local_time":"20210212135917","is_ascension_mode":true,"campfire_choices":[{"data":"Combust","floor":6,"key":"SMITH"},{"floor":12,"key":"REST"},{"data":"hubris:CleavingFinish","floor":15,"key":"SMITH"}],"circlet_count":0,"master_deck":["Strike_R","Strike_R","Strike_R","Strike_R+1","Defend_R","Defend_R","Defend_R","Defend_R","Bash","Replay:Sssssssssshield+1","Sword Boomerang","Combust+1","Pummel","Thunderclap","Feel No Pain","Pot Of Greed","Pot Of Greed","Feel No Pain","hubris:CleavingFinish+1"],"relics":["Burning Blood","hubris:SphereOfDissonance","Grinning Jar","FaceOfCleric"],"acts_visited":["Exordium"],"potions_floor_usage":[16],"damage_taken":[{"damage":8,"enemies":"2 Louse","floor":1,"turns":3},{"damage":0,"enemies":"Small Slimes","floor":2,"turns":4},{"damage":5,"enemies":"Cultist","floor":4,"turns":4},{"damage":29,"enemies":"Gremlin Nob","floor":7,"turns":5},{"damage":14,"enemies":"Blue Slaver","floor":13,"turns":4},{"damage":72,"enemies":"Hexaghost","floor":16,"turns":10}],"seed_played":"5690796452846806842","potions_obtained":[{"floor":4,"key":"SteroidPotion"}],"is_trial":false,"path_per_floor":["M","M","?","M","$","R","E","?","T","$","?","R","M","?","R","B"],"character_chosen":"IRONCLAD","items_purchased":["Thunderclap","Feel No Pain"],"campfire_rested":1,"item_purchase_floors":[5,10],"current_hp_per_floor":[78,80,80,80,80,80,57,57,57,57,57,80,72,72,72,0,0],"gold":36,"neow_bonus":"RANDOM_COLORLESS","is_daily":false,"chose_seed":false,"campfire_upgraded":2,"win_rate":0.0,"timestamp":1613156357,"path_taken":["M","M","?","M","$","R","E","?","T","$","?","R","M","?","R","BOSS"],"items_purchased_type":["Card","Card"],"build_version":"2020-12-22","purchased_purges":1,"victory":false,"max_hp_per_floor":[80,80,80,80,80,80,80,80,80,80,80,80,80,80,80,80,80],"card_choices":[{"not_picked":["Replay:Sssssssssstrike","Discovery"],"picked":"Replay:Sssssssssshield","floor":0},{"not_picked":["Spot Weakness","Reckless Charge"],"picked":"Sword Boomerang","floor":1},{"not_picked":["Perfected Strike","Havoc"],"picked":"Combust","floor":2},{"not_picked":["Flex","Clash"],"picked":"Pummel","floor":4},{"not_picked":["Perfected Strike","Evolve"],"picked":"Feel No Pain","floor":7},{"not_picked":["Replay:Undeath\u0027s Touch","Havoc"],"picked":"hubris:CleavingFinish","floor":13}],"player_experience":457095,"relics_obtained":[{"floor":7,"key":"hubris:SphereOfDissonance"},{"floor":9,"key":"Grinning Jar"}],"event_choices":[{"damage_healed":0,"gold_gain":0,"player_choice":"Grow","damage_taken":0,"max_hp_gain":0,"max_hp_loss":0,"event_name":"Living Wall","floor":3,"gold_loss":0,"cards_upgraded":["Replay:Sssssssssshield"]},{"damage_healed":0,"gold_gain":0,"player_choice":"Trade","damage_taken":0,"relics_obtained":["FaceOfCleric"],"max_hp_gain":0,"max_hp_loss":0,"event_name":"FaceTrader","floor":14,"gold_loss":0}],"is_beta":false,"boss_relics":[],"items_purged_floors":[5],"is_endless":false,"potions_floor_spawned":[4],"killed_by":"Hexaghost","ascension_level":1}}