{"host":"8is2j71l4wmybkoi","time":1613142949,"event":{"mods":["AchievementEnabler","BaseMod","Colored Map","DeckTracker","Minty Spire (QoL Compilation)","Rare Cards Sparkle","Relic Stats","StSLib","SuperFastMode"],"gold_per_floor":[210,210,229,249,249,302,302,347,373,69,83,92,121,168,168,168,168],"floor_reached":16,"language":"KOR","playtime":513,"items_purged":[],"score":210,"play_id":"8f5b26d1-aeaf-478d-bffa-ebdcaa8ca265","local_time":"20210213001549","is_ascension_mode":true,"campfire_choices":[{"data":"Whirlwind","floor":7.0,"key":"SMITH"},{"data":"Body Slam","floor":15,"key":"SMITH"}],"circlet_count":0,"master_deck":["AscendersBane","Strike_R","Strike_R","Strike_R","Defend_R","Defend_R","Defend_R+1","Defend_R","Bash","Iron Wave","Pommel Strike","Reckless Charge","Whirlwind+1","Entrench+1","Pummel","Body Slam+1","Seeing Red"],"relics":["Burning Blood","Golden Idol","CeramicFish","War Paint","Lantern","Ice Cream","Blood Vial"],"acts_visited":["Exordium"],"potions_floor_usage":[13,14],"damage_taken":[{"damage":0.0,"enemies":"2 Louse","floor":1.0,"turns":3.0},{"damage":0.0,"enemies":"Small Slimes","floor":3.0,"turns":3.0},{"damage":1.0,"enemies":"Cultist","floor":4.0,"turns":3.0},{"damage":25.0,"enemies":"3 Sentries","floor":6.0,"turns":11.0},{"damage":19.0,"enemies":"Gremlin Nob","floor":8.0,"turns":4.0},{"damage":3.0,"enemies":"3 Louse","floor":11.0,"turns":3.0},{"damage":8,"enemies":"Large Slime","floor":13,"turns":4},{"damage":10,"enemies":"3 Sentries","floor":14,"turns":4},{"damage":37,"enemies":"Slime Boss","floor":16,"turns":7}],"seed_played":"-9013264252145607992","potions_obtained":[{"floor":3.0,"key":"Weak Potion"},{"floor":4.0,"key":"Energy Potion"},{"floor":6.0,"key":"CultistPotion"},{"floor":13,"key":"LiquidBronze"}],"is_trial":false,"path_per_floor":["M","?","M","M","?","E","R","E","T","$","M","?","M","E","R","B"],"character_chosen":"IRONCLAD","items_purchased":["Ice Cream"],"campfire_rested":0,"item_purchase_floors":[10],"current_hp_per_floor":[74,48,54,59,59,40,40,27,27,27,30,30,28,24,24,0,0],"gold":168,"neow_bonus":"HUNDRED_GOLD","is_daily":false,"chose_seed":false,"campfire_upgraded":2,"win_rate":0.0,"timestamp":1613142949,"path_taken":["M","?","M","M","?","E","R","E","T","$","?","?","M","E","R","BOSS"],"items_purchased_type":["Relic"],"build_version":"2020-12-22","purchased_purges":0,"victory":false,"max_hp_per_floor":[75,75,75,75,75,75,75,75,75,75,75,75,75,75,75,75,75],"relic_stats":{"Blood Vial":2,"counters":[9,42],"Golden Idol":39,"CeramicFish":45,"War Paint":["Defend_R","Entrench"],"obtain_stats":[{"Ice Cream":10,"Blood Vial":14,"Lantern":9,"Golden Idol":2,"CeramicFish":6,"War Paint":8,"Burning Blood":0},{"Ice Cream":5,"Blood Vial":8,"Lantern":5,"Golden Idol":1,"CeramicFish":4,"War Paint":5,"Burning Blood":0},{"Ice Cream":24,"Blood Vial":35,"Lantern":24,"Golden Idol":3,"CeramicFish":20,"War Paint":24,"Burning Blood":0}],"Burning Blood":48},"card_choices":[{"not_picked":["Flex","Rupture"],"picked":"Iron Wave","floor":1.0},{"not_picked":["Armaments","Clothesline"],"picked":"Pommel Strike","floor":3.0},{"not_picked":["Intimidate","Iron Wave"],"picked":"Reckless Charge","floor":4.0},{"not_picked":["Dual Wield","Dark Embrace"],"picked":"Whirlwind","floor":6.0},{"not_picked":["Wild Strike","Whirlwind"],"picked":"Entrench","floor":8.0},{"not_picked":["Rampage","Sentinel","True Grit"],"picked":"SKIP","floor":11.0},{"not_picked":["Searing Blow","Metallicize"],"picked":"Body Slam","floor":13},{"not_picked":["Twin Strike","Hemokinesis"],"picked":"Seeing Red","floor":14}],"player_experience":1165804,"relics_obtained":[{"floor":6.0,"key":"CeramicFish"},{"floor":8.0,"key":"War Paint"},{"floor":9.0,"key":"Lantern"},{"floor":14,"key":"Blood Vial"}],"event_choices":[{"damage_healed":0.0,"max_hp_gain":0.0,"max_hp_loss":0.0,"gold_gain":0.0,"event_name":"Golden Idol","player_choice":"Take Damage","floor":2.0,"gold_loss":0.0,"damage_taken":26.0,"relics_obtained":["Golden Idol"]},{"cards_removed":["Strike_R"],"damage_healed":0.0,"max_hp_gain":0.0,"max_hp_loss":0.0,"gold_gain":0.0,"event_name":"Bonfire Elementals","player_choice":"Offered Basic","floor":5.0,"gold_loss":0.0,"damage_taken":0.0},{"damage_healed":0.0,"max_hp_gain":0.0,"max_hp_loss":0.0,"gold_gain":0.0,"cards_transformed":["Strike_R"],"event_name":"Living Wall","player_choice":"Change","floor":12.0,"gold_loss":0.0,"damage_taken":0.0,"cards_obtained":["Pummel"]}],"is_beta":false,"boss_relics":[],"items_purged_floors":[],"is_endless":false,"potions_floor_spawned":[3,4,6,13],"killed_by":"Slime Boss","ascension_level":15}}