{"host":"1w6a2rjjfnt8te8e","time":1613140730,"event":{"mods":["AchievementEnabler","BaseMod","Colored Powertips","Googly Eyes","Highlight Path","Minty Spire (QoL Compilation)","Quick Restart","Relic Stats","StSLib"],"gold_per_floor":[116,116,35,54,69,69,95,106,106,122,122,138,149,166,166,166,166],"floor_reached":16,"language":"ENG","playtime":435,"items_purged":[],"score":154,"play_id":"f5870700-c445-4a15-99a3-0c0e967b4b14","local_time":"20210212223850","is_ascension_mode":true,"campfire_choices":[{"data":"Disarm","floor":6.0,"key":"SMITH"},{"floor":15.0,"key":"REST"}],"circlet_count":0,"master_deck":["Strike_R","Strike_R","Strike_R","Strike_R","Strike_R","Defend_R","Defend_R","Defend_R","Defend_R","Bash","Wild Strike","Disarm+1","Metallicize","Twin Strike","Armaments","Flame Barrier","Sword Boomerang","Shrug It Off"],"relics":["SacredBark","White Beast Statue","Sundial","Singing Bowl"],"acts_visited":["Exordium"],"potions_floor_usage":[16],"damage_taken":[{"damage":6.0,"enemies":"2 Louse","floor":1.0,"turns":4.0},{"damage":1.0,"enemies":"Cultist","floor":4.0,"turns":3.0},{"damage":14.0,"enemies":"Small Slimes","floor":5.0,"turns":5.0},{"damage":29.0,"enemies":"Lagavulin","floor":7.0,"turns":9.0},{"damage":0.0,"enemies":"Blue Slaver","floor":8.0,"turns":3.0},{"damage":4.0,"enemies":"Large Slime","floor":10.0,"turns":6.0},{"damage":0.0,"enemies":"2 Fungi Beasts","floor":12.0,"turns":1.0},{"damage":11.0,"enemies":"Exordium Wildlife","floor":13.0,"turns":4.0},{"damage":8.0,"enemies":"Large Slime","floor":14.0,"turns":7.0},{"damage":33,"enemies":"The Guardian","floor":16,"turns":2}],"seed_played":"-2588799389087833715","potions_obtained":[{"floor":4.0,"key":"ColorlessPotion"},{"floor":7.0,"key":"Strength Potion"},{"floor":8.0,"key":"FearPotion"},{"floor":10.0,"key":"Explosive Potion"},{"floor":12.0,"key":"SmokeBomb"},{"floor":13.0,"key":"SpeedPotion"},{"floor":14.0,"key":"Swift Potion"}],"is_trial":false,"path_per_floor":["M","?","$","M","M","R","E","M","T","M","?","M","M","M","R","B"],"character_chosen":"IRONCLAD","items_purchased":["Disarm"],"campfire_rested":1,"item_purchase_floors":[3],"current_hp_per_floor":[66,66,66,65,51,51,22,22,22,18,18,20,11,3,28,0,0],"gold":166,"neow_bonus":"BOSS_RELIC","is_daily":false,"chose_seed":false,"campfire_upgraded":1,"win_rate":0.0,"timestamp":1613140730,"path_taken":["M","?","$","M","M","R","E","M","T","M","?","?","M","M","R","BOSS"],"items_purchased_type":["Card"],"build_version":"2020-12-22","purchased_purges":0,"victory":false,"max_hp_per_floor":[80,80,80,80,80,80,80,80,80,80,80,82,84,84,84,84,84],"relic_stats":{"Singing Bowl":4,"counters":[10,44],"Sundial":[2],"obtain_stats":[{"Singing Bowl":11,"Sundial":9,"SacredBark":0,"Burning Blood":0,"White Beast Statue":7},{"Singing Bowl":6,"Sundial":5,"SacredBark":0,"Burning Blood":0,"White Beast Statue":4},{"Singing Bowl":30,"Sundial":24,"SacredBark":0,"Burning Blood":0,"White Beast Statue":21}]},"card_choices":[{"not_picked":["Flex","Perfected Strike"],"picked":"Wild Strike","floor":1.0},{"not_picked":["Clothesline","Anger"],"picked":"Metallicize","floor":4.0},{"not_picked":["Carnage","Heavy Blade"],"picked":"Twin Strike","floor":5.0},{"not_picked":["Burning Pact","Twin Strike"],"picked":"Armaments","floor":7.0},{"not_picked":["Cleave","Ghostly Armor"],"picked":"Flame Barrier","floor":8.0},{"not_picked":["Perfected Strike","Cleave"],"picked":"Sword Boomerang","floor":10.0},{"not_picked":["Fire Breathing","Headbutt","Battle Trance"],"picked":"Singing Bowl","floor":12.0},{"not_picked":["Iron Wave","Sever Soul","Clash"],"picked":"Singing Bowl","floor":13.0},{"not_picked":["Impervious","Clothesline"],"picked":"Shrug It Off","floor":14.0}],"player_experience":322186,"relics_obtained":[{"floor":7.0,"key":"White Beast Statue"},{"floor":9.0,"key":"Sundial"}],"event_choices":[{"damage_healed":0.0,"max_hp_gain":0.0,"max_hp_loss":0.0,"gold_gain":0.0,"event_name":"The Cleric","player_choice":"Leave","floor":2.0,"gold_loss":0.0,"damage_taken":0.0},{"damage_healed":0.0,"max_hp_gain":0.0,"max_hp_loss":0.0,"gold_gain":0.0,"event_name":"WeMeetAgain","player_choice":"Gave Potion","floor":11.0,"gold_loss":0.0,"damage_taken":0.0,"relics_obtained":["Singing Bowl"]}],"is_beta":false,"boss_relics":[],"items_purged_floors":[],"is_endless":false,"potions_floor_spawned":[4,7,8,10,12,13,14],"killed_by":"The Guardian","ascension_level":9}}