{"host":"nz11ypxva4e39b7q","time":1613151281,"event":{"mods":["BaseMod","Better Third Choice","Better Vampires","Colored Map","Minty Spire (QoL Compilation)","Quick Restart","StSLib","The Marked"],"gold_per_floor":[215,231,17,0,20,47,47,99,99,99,134,134,167,186,186,291,291,304,316,216,216,216,216,235,266,313,313,313,313],"floor_reached":28,"language":"ENG","playtime":1440,"items_purged":["theMarked:Strike","theMarked:Defend"],"score":330,"play_id":"101b22a8-d88c-42f1-9a10-d81e8baaa0b9","local_time":"20210212183441","is_ascension_mode":true,"campfire_choices":[{"data":"theMarked:Improvise","floor":7.0,"key":"SMITH"},{"data":"theMarked:ContemptForTheProud","floor":10.0,"key":"SMITH"},{"floor":12.0,"key":"DIG"},{"floor":15.0,"key":"DIG"},{"data":"RitualDagger","floor":23.0,"key":"SMITH"},{"floor":27.0,"key":"DIG"}],"circlet_count":0,"master_deck":["theMarked:Strike","theMarked:Strike","theMarked:Strike","theMarked:Strike","theMarked:Defend","theMarked:Defend","theMarked:Defend","theMarked:SoldierOfQuellstein","theMarked:Memento","theMarked:Improvise+1","theMarked:ContemptForTheProud+1","theMarked:AttractMetal","Enlightenment","theMarked:MuscleMemory","theMarked:ComboAttacks","theMarked:Defy","theMarked:StartUp","theMarked:WastefulAttack","RitualDagger+1"],"relics":["theMarked:ArtifactOfAir","Strawberry","MealTicket","Shovel","Eternal Feather","Incense Burner","Pantograph","theMarked:Eyepatch","Nilry\u0027s Codex","Du-Vu Doll","Bag of Preparation"],"acts_visited":["Exordium","TheCity"],"potions_floor_usage":[],"damage_taken":[{"damage":0.0,"enemies":"Cultist","floor":1.0,"turns":3.0},{"damage":4.0,"enemies":"Jaw Worm","floor":2.0,"turns":5.0},{"damage":0.0,"enemies":"2 Louse","floor":5.0,"turns":2.0},{"damage":15.0,"enemies":"Gremlin Nob","floor":6.0,"turns":3.0},{"damage":4.0,"enemies":"Lagavulin","floor":11.0,"turns":7.0},{"damage":9.0,"enemies":"Gremlin Nob","floor":13.0,"turns":4.0},{"damage":0.0,"enemies":"Large Slime","floor":14.0,"turns":4.0},{"damage":14.0,"enemies":"The Guardian","floor":16.0,"turns":9.0},{"damage":37.0,"enemies":"3 Byrds","floor":18.0,"turns":6.0},{"damage":18.0,"enemies":"Spheric Guardian","floor":19.0,"turns":4.0},{"damage":1.0,"enemies":"Centurion and Healer","floor":24.0,"turns":5.0},{"damage":17.0,"enemies":"Slavers","floor":25.0,"turns":3.0},{"damage":16,"enemies":"Shelled Parasite and Fungi","floor":28,"turns":2}],"seed_played":"-3267782299073596931","potions_obtained":[{"floor":2.0,"key":"Block Potion"},{"floor":5.0,"key":"Explosive Potion"},{"floor":11.0,"key":"SteroidPotion"},{"floor":13.0,"key":"EssenceOfSteel"},{"floor":18.0,"key":"FearPotion"},{"floor":19.0,"key":"Energy Potion"}],"is_trial":false,"path_per_floor":["M","M","$","?","M","E","R","T","T","R","E","R","E","M","R","B",null,"M","M","$","?","?","R","M","E","T","R","M"],"character_chosen":"THE_DEFAULT","items_purchased":["theMarked:ContemptForTheProud","theMarked:AttractMetal"],"campfire_rested":0,"item_purchase_floors":[3,3],"current_hp_per_floor":[63,59,59,65,65,57,57,57,57,57,53,53,44,44,53,64,78,41,23,38,22,16,25,24,7,7,16,0,0],"gold":313,"neow_bonus":"HUNDRED_GOLD","is_daily":false,"chose_seed":false,"campfire_upgraded":3,"win_rate":0.0,"timestamp":1613151281,"path_taken":["M","?","$","?","M","E","R","?","T","R","E","R","E","?","R","BOSS","M","M","$","?","?","R","M","E","T","R","M"],"items_purchased_type":["Card","Card"],"build_version":"2020-12-22","purchased_purges":2,"victory":false,"max_hp_per_floor":[70,70,70,76,76,83,83,83,83,83,83,83,83,83,83,83,83,83,83,83,83,83,83,83,83,83,83,83,83],"card_choices":[{"not_picked":["theMarked:Frustration","theMarked:CreepingChasm"],"picked":"theMarked:Memento","floor":1.0},{"not_picked":["theMarked:Frustration","theMarked:RepellingDischarge"],"picked":"theMarked:Improvise","floor":2.0},{"not_picked":["theMarked:Heritage","theMarked:BanishingWave","theMarked:ChainLightning"],"picked":"SKIP","floor":5.0},{"not_picked":["theMarked:EnhanceMovement","theMarked:Indomitable"],"picked":"theMarked:MuscleMemory","floor":6.0},{"not_picked":["theMarked:Convert","theMarked:Aftermath"],"picked":"theMarked:ComboAttacks","floor":11.0},{"not_picked":["theMarked:Levitate","theMarked:SwordAndMagic","theMarked:LightningStrikesTwice"],"picked":"SKIP","floor":13.0},{"not_picked":["theMarked:EmpowerWeapon","theMarked:ElectricStrings","theMarked:Frustration"],"picked":"SKIP","floor":14.0},{"not_picked":["theMarked:Snap","theMarked:Toughness"],"picked":"theMarked:Defy","floor":16.0},{"not_picked":["theMarked:Frustration","theMarked:BanishingStrike"],"picked":"theMarked:StartUp","floor":18.0},{"not_picked":["theMarked:RepellingDischarge+1","theMarked:TwofoldDefense"],"picked":"theMarked:WastefulAttack","floor":19.0},{"not_picked":["theMarked:Improvise","theMarked:EmpowerWeapon+1","theMarked:TakeCover+1"],"picked":"SKIP","floor":24.0},{"not_picked":["theMarked:RepellingDischarge","theMarked:Electrify","theMarked:TwofoldDefense"],"picked":"SKIP","floor":25.0}],"player_experience":1055766,"relics_obtained":[{"floor":6.0,"key":"Strawberry"},{"floor":8.0,"key":"MealTicket"},{"floor":9.0,"key":"Shovel"},{"floor":12.0,"key":"Eternal Feather"},{"floor":13.0,"key":"Incense Burner"},{"floor":15.0,"key":"Pantograph"},{"floor":21.0,"key":"Nilry\u0027s Codex"},{"floor":25.0,"key":"Du-Vu Doll"},{"floor":27.0,"key":"Bag of Preparation"}],"event_choices":[{"damage_healed":0.0,"max_hp_gain":0.0,"max_hp_loss":0.0,"gold_gain":0.0,"event_name":"betterThird:BetterSerpent","player_choice":"RENOUNCE","floor":4.0,"gold_loss":17.0,"damage_taken":17.0,"cards_obtained":["Enlightenment"]},{"damage_healed":0.0,"max_hp_gain":0.0,"max_hp_loss":0.0,"gold_gain":0.0,"event_name":"Cursed Tome","player_choice":"Obtained Book","floor":21.0,"gold_loss":0.0,"damage_taken":16.0},{"damage_healed":0.0,"max_hp_gain":0.0,"max_hp_loss":0.0,"gold_gain":0.0,"event_name":"betterThird:BetterNest","player_choice":"Dagger","floor":22.0,"gold_loss":0.0,"damage_taken":6.0,"cards_obtained":["RitualDagger"]}],"is_beta":false,"boss_relics":[{"not_picked":["Philosopher\u0027s Stone","Runic Dome"],"picked":"theMarked:Eyepatch"}],"items_purged_floors":[3,20],"is_endless":false,"potions_floor_spawned":[2,5,11,13,18,19],"killed_by":"Shelled Parasite and Fungi","ascension_level":6}}