{"host":"swavyr4ofmkhu42f","time":1613098357,"event":{"mods":["BaseMod","Colored Map","Minty Spire (QoL Compilation)","StSLib"],"gold_per_floor":[111,121,121,135,150,150,183,183,183,183,197,197,232,244,244,341,341,357,130,147,157,176,211,228,228,228,244,260,260,288,302,302,399,399,413,413,413,95,112,112,125,125,125,141,241,98,131,149,149,149,149,149,49,80,80,80],"floor_reached":56,"language":"ENG","playtime":1674,"items_purged":["Blade Dance","Blade Dance+1"],"score":1043,"play_id":"e6d1fbe4-9588-4b34-96d8-cea4a078d8fe","local_time":"20210211215237","is_ascension_mode":true,"campfire_choices":[{"data":"Blade Dance","floor":6,"key":"SMITH"},{"data":"Cloak And Dagger","floor":12,"key":"SMITH"},{"data":"Blade Dance","floor":15,"key":"SMITH"},{"floor":29,"key":"RECALL"},{"floor":32,"key":"REST"},{"data":"Envenom","floor":41,"key":"SMITH"},{"data":"Accuracy","floor":43,"key":"SMITH"},{"data":"Blade Dance","floor":50,"key":"SMITH"},{"data":"Blade Dance","floor":53,"key":"SMITH"}],"circlet_count":0,"master_deck":["Cloak And Dagger+1","Blade Dance+1","Envenom+1","Blade Dance+1","Accuracy+1","Accuracy+1","After Image","After Image"],"relics":["Ring of the Snake","Kunai","Ninja Scroll","Shuriken","Unceasing Top","Sundial","Runic Dome","Snake Skull","Strawberry","PreservedInsect","MealTicket","WristBlade","Pear","Letter Opener","DollysMirror","Mummified Hand","Boot"],"acts_visited":["Exordium","TheCity","TheBeyond","Exordium","TheBeyond","TheEnding"],"potions_floor_usage":[],"damage_taken":[{"damage":0,"enemies":"Cultist","floor":1,"turns":1},{"damage":2,"enemies":"Small Slimes","floor":2,"turns":2},{"damage":0,"enemies":"2 Louse","floor":4,"turns":1},{"damage":0,"enemies":"Gremlin Gang","floor":5,"turns":2},{"damage":0,"enemies":"Lagavulin","floor":7,"turns":2},{"damage":0,"enemies":"Large Slime","floor":11,"turns":1},{"damage":0,"enemies":"Gremlin Nob","floor":13,"turns":1},{"damage":2,"enemies":"Exordium Thugs","floor":14,"turns":2},{"damage":0,"enemies":"Slime Boss","floor":16,"turns":2},{"damage":0,"enemies":"Spheric Guardian","floor":18,"turns":1},{"damage":0,"enemies":"Chosen","floor":20,"turns":1},{"damage":0,"enemies":"Snecko","floor":21,"turns":1},{"damage":24,"enemies":"Snake Plant","floor":22,"turns":2},{"damage":0,"enemies":"Gremlin Leader","floor":23,"turns":2},{"damage":0,"enemies":"Shelled Parasite and Fungi","floor":24,"turns":2},{"damage":0,"enemies":"Snecko","floor":27,"turns":2},{"damage":0,"enemies":"Snake Plant","floor":28,"turns":2},{"damage":5,"enemies":"Book of Stabbing","floor":30,"turns":2},{"damage":6,"enemies":"Shelled Parasite and Fungi","floor":31,"turns":2},{"damage":0,"enemies":"Collector","floor":33,"turns":2},{"damage":6,"enemies":"3 Shapes","floor":36,"turns":3},{"damage":0,"enemies":"Orb Walker","floor":40,"turns":1},{"damage":27,"enemies":"Writhing Mass","floor":42,"turns":2},{"damage":0,"enemies":"Maw","floor":45,"turns":2},{"damage":14,"enemies":"Nemesis","floor":48,"turns":3},{"damage":0,"enemies":"Spire Growth","floor":49,"turns":1},{"damage":47,"enemies":"Time Eater","floor":51,"turns":3},{"damage":0,"enemies":"Shield and Spear","floor":55,"turns":1},{"damage":91,"enemies":"The Heart","floor":56,"turns":3}],"seed_played":"3664791726022538310","potions_obtained":[{"floor":2,"key":"SteroidPotion"},{"floor":11,"key":"SpeedPotion"},{"floor":13,"key":"SpeedPotion"}],"is_trial":false,"path_per_floor":["M","M","$","M","M","R","E","?","T","?","M","R","E","M","R","B",null,"M","$","M","M","M","E","M","?","T","M","M","R","E","M","R","B",null,"M","?","?","$","M","R","M","R","T","M","?","$","E","M","R","B",null,"R","$","E","B"],"character_chosen":"THE_SILENT","items_purchased":["Snake Skull","Accuracy","Pear","DollysMirror"],"campfire_rested":1,"item_purchase_floors":[19,39,39,47],"current_hp_per_floor":[63,61,61,61,61,61,61,61,61,61,61,61,61,59,59,59,67,67,67,67,67,43,50,50,50,50,50,50,50,45,39,62,62,77,71,71,71,87,87,87,60,60,60,60,60,75,61,61,61,14,69,69,84,84,0,0],"gold":80,"neow_bonus":"REMOVE_CARD","is_daily":false,"chose_seed":false,"campfire_upgraded":7,"win_rate":0.0,"timestamp":1613098357,"path_taken":["M","M","$","M","M","R","E","?","T","?","M","R","E","M","R","BOSS","M","$","M","M","M","E","M","?","T","M","M","R","E","M","R","BOSS","M","?","?","$","?","R","M","R","T","M","?","?","E","M","R","BOSS","R","$","E","BOSS"],"items_purchased_type":["Relic","Card","Relic","Relic"],"build_version":"2020-12-22","purchased_purges":2,"victory":false,"max_hp_per_floor":[70,70,70,70,70,70,70,70,70,70,70,70,70,70,70,70,70,70,70,70,70,70,77,77,77,77,77,77,77,77,77,77,77,77,77,77,77,87,87,87,87,87,87,87,87,87,87,87,87,87,87,87,87,87,87,87],"card_choices":[{"not_picked":["Acrobatics","Terror"],"picked":"Cloak And Dagger","floor":1},{"not_picked":["Flying Knee","Skewer","Dagger Throw"],"picked":"SKIP","floor":2},{"not_picked":["Skewer","Heel Hook","Dagger Spray"],"picked":"SKIP","floor":4},{"not_picked":["Prepared","Finisher"],"picked":"Blade Dance","floor":5},{"not_picked":["Reflex","Masterful Stab","Prepared"],"picked":"SKIP","floor":7},{"not_picked":["PiercingWail","Quick Slash","All Out Attack"],"picked":"SKIP","floor":11},{"not_picked":["Acrobatics","Underhanded Strike","Malaise"],"picked":"SKIP","floor":13},{"not_picked":["Flying Knee","Noxious Fumes","Well Laid Plans"],"picked":"SKIP","floor":14},{"not_picked":["Burst","Corpse Explosion"],"picked":"Envenom","floor":16},{"not_picked":["Backflip","Backstab","Expertise"],"picked":"SKIP","floor":18},{"not_picked":["Poisoned Stab+1","Quick Slash","Flying Knee+1"],"picked":"SKIP","floor":20},{"not_picked":["Deadly Poison","Quick Slash","Setup+1"],"picked":"SKIP","floor":21},{"not_picked":["Skewer+1","Flying Knee","Outmaneuver"],"picked":"SKIP","floor":22},{"not_picked":["Acrobatics","Deflect","Dagger Throw"],"picked":"SKIP","floor":23},{"not_picked":["Outmaneuver","Well Laid Plans","Cloak And Dagger+1"],"picked":"SKIP","floor":24},{"not_picked":["Backflip","Flechettes","Flying Knee"],"picked":"SKIP","floor":27},{"not_picked":["Underhanded Strike","Acrobatics","Night Terror"],"picked":"SKIP","floor":28},{"not_picked":["Calculated Gamble","Noxious Fumes","All Out Attack"],"picked":"SKIP","floor":30},{"not_picked":["Bane","Deadly Poison","Deflect"],"picked":"SKIP","floor":31},{"not_picked":["Tactician+1","Reflex","Dodge and Roll"],"picked":"SKIP","floor":36},{"not_picked":["Dagger Spray","Backflip+1","Bane"],"picked":"SKIP","floor":40},{"not_picked":["Dodge and Roll+1","Deflect","Outmaneuver"],"picked":"SKIP","floor":42},{"not_picked":["Slice","Dagger Throw","Quick Slash"],"picked":"SKIP","floor":45},{"not_picked":["Blur+1","Deflect+1","Terror"],"picked":"SKIP","floor":48},{"not_picked":["Flechettes+1","Endless Agony","Leg Sweep+1"],"picked":"SKIP","floor":49},{"not_picked":["Accuracy","Distraction","Deflect"],"picked":"SKIP","floor":55}],"player_experience":206012,"relics_obtained":[{"floor":7,"key":"Ninja Scroll"},{"floor":13,"key":"Sundial"},{"floor":23,"key":"Strawberry"},{"floor":26,"key":"PreservedInsect"},{"floor":30,"key":"MealTicket"},{"floor":44,"key":"Letter Opener"},{"floor":48,"key":"Mummified Hand"},{"floor":55,"key":"Boot"}],"event_choices":[{"damage_healed":0,"gold_gain":0,"player_choice":"Ignored","damage_taken":0,"max_hp_gain":0,"max_hp_loss":0,"event_name":"Golden Wing","floor":8,"gold_loss":0},{"damage_healed":0,"gold_gain":0,"player_choice":"Fled","damage_taken":0,"max_hp_gain":0,"max_hp_loss":0,"event_name":"Scrap Ooze","floor":10,"gold_loss":0},{"damage_healed":0,"gold_gain":0,"player_choice":"Ignored","damage_taken":0,"max_hp_gain":0,"max_hp_loss":0,"event_name":"Ghosts","floor":25,"gold_loss":0},{"damage_healed":0,"gold_gain":0,"player_choice":"Upgraded","damage_taken":0,"max_hp_gain":0,"max_hp_loss":0,"event_name":"Upgrade Shrine","floor":35,"gold_loss":0,"cards_upgraded":["Blade Dance"]},{"damage_healed":0,"gold_gain":0,"player_choice":"Memory 1","damage_taken":0,"max_hp_gain":0,"max_hp_loss":0,"event_name":"SensoryStone","floor":37,"gold_loss":0},{"damage_healed":0,"gold_gain":0,"player_choice":"0 cards matched","damage_taken":0,"max_hp_gain":0,"max_hp_loss":0,"event_name":"Match and Keep!","floor":38,"gold_loss":0,"cards_obtained":[]},{"damage_healed":0,"gold_gain":100,"player_choice":"Pray","damage_taken":0,"max_hp_gain":0,"max_hp_loss":0,"event_name":"Golden Shrine","floor":46,"gold_loss":0}],"is_beta":false,"boss_relics":[{"not_picked":["Philosopher\u0027s Stone","Sozu"],"picked":"Runic Dome"},{"not_picked":["SlaversCollar","Cursed Key"],"picked":"WristBlade"}],"items_purged_floors":[19,54],"is_endless":false,"potions_floor_spawned":[2,11,13,16,24,27,30,31,40,45,48],"killed_by":"The Heart","ascension_level":6}}