{"host":"wqy4mrhfanukbt26","time":1613118439,"event":{"mods":["AchievementEnabler","Act Like it!","BaseMod","Bestiary","BetterRewards","Card Forge","Colored Powertips","Friendly Minions","Gensokyo","Minty Spire (QoL Compilation)","Rare Cards Sparkle","Relic Stats","Shop Mod","StSLib"],"gold_per_floor":[113,126,126,126,142,173,173,173,173,236,236,76,121,168,168,300,300,311,311,60,71,71,434,314,314,367,367,367,367,393,608,608,733,733,779,799,739,784,784,784,784,841,868,868,913,948,500,556,556,586,586,586,94,151,151],"floor_reached":56,"language":"ZHS","playtime":2460,"items_purged":["BowlingBash+1"],"score":2495,"play_id":"00b2031c-293c-437e-a267-6760a151ea85","local_time":"20210212162719","is_ascension_mode":true,"campfire_choices":[{"floor":7.0,"key":"RECALL"},{"data":"Vigilance","floor":11.0,"key":"SMITH"},{"floor":15.0,"key":"REST"},{"data":"InnerPeace","floor":25.0,"key":"SMITH"},{"data":"Indignation","floor":27.0,"key":"SMITH"},{"data":"Brilliance","floor":29.0,"key":"SMITH"},{"floor":32.0,"key":"REST"},{"data":"FearNoEvil","floor":40.0,"key":"SMITH"},{"floor":49,"key":"REST"},{"floor":52,"key":"REST"}],"circlet_count":0,"master_deck":["ClearTheMind+1","TalkToTheHand+1","Fasting2+1","Wish+1","Tantrum+1","Wallop+1","Indignation+1","Vault+1","Brilliance+1","Adaptation+1","DevaForm+1","InnerPeace+1","FearNoEvil+1","Gensokyo:CustomPotion","Gensokyo:ReactiveArmor","Adaptation+1","Scrawl+1"],"relics":["PureWater","Hammer of Thor","Seething Fire","Anvil of the Gods","Omamori","Prayer Wheel","Potion Belt","Ginger","Medical Kit","Mummified Hand","Mango","CaptainsWheel","Unceasing Top","GoldenEye","Singing Bowl","Nilry\u0027s Codex","Philosopher\u0027s Stone","Gensokyo:MosesMiracle","TheAbacus","Blood Vial","PreservedInsect","Gensokyo:SpiderMask","Bag of Marbles","Torii","Sundial","Runic Pyramid","Gensokyo:EmptyGrave","InkBottle","TungstenRod","Art of War","Melange","Orichalcum","Ancient Tea Set","Smiling Mask","Ice Cream","Centennial Puzzle","Yang"],"acts_visited":["Exordium","Gensokyo:Gensokyo","Gensokyo:Gensokyoer","TheEnding"],"potions_floor_usage":[55,55],"damage_taken":[{"damage":0.0,"enemies":"Gensokyo:Python","floor":1.0,"turns":2.0},{"damage":0.0,"enemies":"Gensokyo:Gryphon","floor":2.0,"turns":2.0},{"damage":0.0,"enemies":"Gensokyo:3_Fairies","floor":5.0,"turns":3.0},{"damage":10.0,"enemies":"Gensokyo:Aya","floor":6.0,"turns":4.0},{"damage":2.0,"enemies":"Gensokyo:Mamizou","floor":10.0,"turns":4.0},{"damage":0.0,"enemies":"Gensokyo:VengefulSpirit","floor":13.0,"turns":2.0},{"damage":11.0,"enemies":"Gensokyo:2_Rabbits","floor":14.0,"turns":3.0},{"damage":11.0,"enemies":"Gensokyo:Kokoro","floor":16.0,"turns":7.0},{"damage":0.0,"enemies":"Gensokyo:Chomper","floor":18.0,"turns":3.0},{"damage":15.0,"enemies":"Gensokyo:CosmicMonolith","floor":21.0,"turns":3.0},{"damage":0.0,"enemies":"Gensokyo:Reisen","floor":23.0,"turns":4.0},{"damage":0.0,"enemies":"Gensokyo:Tenshi","floor":30.0,"turns":2.0},{"damage":31.0,"enemies":"Gensokyo:Wraith","floor":31.0,"turns":5.0},{"damage":0.0,"enemies":"Gensokyo:Eiki","floor":33.0,"turns":5.0},{"damage":0.0,"enemies":"Gensokyo:AncientGuardian","floor":35.0,"turns":3.0},{"damage":9.0,"enemies":"Gensokyo:3_Bats","floor":36.0,"turns":2.0},{"damage":0.0,"enemies":"Gensokyo:Dusk_and_Dawn","floor":38.0,"turns":4.0},{"damage":9,"enemies":"Gensokyo:Kasen","floor":42,"turns":3},{"damage":0,"enemies":"Gensokyo:4_Bats","floor":45,"turns":2},{"damage":0,"enemies":"Gensokyo:Doremy","floor":46,"turns":3},{"damage":0,"enemies":"Gensokyo:Kasen","floor":48,"turns":3},{"damage":0,"enemies":"Gensokyo:Shinki","floor":50,"turns":4},{"damage":0,"enemies":"Shield and Spear","floor":54,"turns":2},{"damage":0,"enemies":"The Heart","floor":55,"turns":4}],"seed_played":"-5276149666426798699","potions_obtained":[{"floor":2.0,"key":"SpeedPotion"},{"floor":6.0,"key":"Regen Potion"},{"floor":14.0,"key":"PowerPotion"},{"floor":16.0,"key":"DuplicationPotion"},{"floor":21.0,"key":"BottledMiracle"},{"floor":31.0,"key":"Ancient Potion"},{"floor":35.0,"key":"ColorlessPotion"},{"floor":42,"key":"LiquidMemories"}],"is_trial":false,"path_per_floor":["M","M","?","?","M","E","R","?","T","E","R","?","M","M","R","B",null,"M","?","COS","M","?","E","?","R","T","R","T","R","E","M","R","B",null,"M","M","?","M","?","R","?","E","T","?","M","E","$","E","R","B",null,"R","$","E","B",null],"character_chosen":"WATCHER","items_purchased":["Omamori","Potion Belt","Medical Kit","Mummified Hand","Melange","Orichalcum","Ancient Tea Set","Ice Cream","Centennial Puzzle"],"campfire_rested":4,"item_purchase_floors":[0,0,0,0,47,47,47,53,53],"current_hp_per_floor":[79,79,79,79,79,69,69,69,69,69,69,69,69,58,84,73,84,88,88,88,73,73,75,75,75,75,75,75,75,79,54,84,88,99,105,101,101,107,105,105,105,96,96,54,58,62,62,66,99,101,109,111,111,113,113],"gold":151,"neow_bonus":"","is_daily":false,"chose_seed":false,"campfire_upgraded":5,"win_rate":0.0,"timestamp":1613118439,"path_taken":["M","M","?","?","M","E","R","?","T","E","R","?","?","?","R","BOSS","M","?","COS","M","?","E","?","R","T","R","?","R","E","?","R","BOSS","M","M","?","?","?","R","?","E","T","?","M","E","$","E","R","BOSS","R","$","E","BOSS"],"items_purchased_type":["Relic","Relic","Relic","Relic","Relic","Relic","Relic","Relic","Relic"],"build_version":"2020-12-22","purchased_purges":1,"victory":true,"max_hp_per_floor":[86,86,86,86,86,86,86,86,86,88,88,88,88,88,88,88,88,92,92,92,92,92,94,94,94,94,94,94,94,96,100,100,102,102,106,110,110,114,105,105,105,105,105,105,107,109,109,111,111,111,111,111,111,113,113],"relic_stats":{"Singing Bowl":36,"Torii":6,"counters":[52,163],"Melange":[17],"Yang":[17],"PreservedInsect":558,"Ginger":[6],"Orichalcum":[24],"Medical Kit":[20],"GoldenEye":[44],"Smiling Mask":25,"Blood Vial":19,"Centennial Puzzle":[8],"TheAbacus":[450],"Mummified Hand":[184],"Sundial":[66],"Prayer Wheel":14,"Art of War":[1],"obtain_stats":[{"Ice Cream":53,"Nilry\u0027s Codex":12,"Vajra":43,"Hammer of Thor":0,"Ginger":0,"Boot":54,"Blood Vial":23,"Centennial Puzzle":53,"Sundial":30,"Prayer Wheel":0,"Philosopher\u0027s Stone":17,"Fusion Hammer":34,"Kunai":0,"Pear":38,"Letter Opener":28,"Anvil of the Gods":0,"Bird Faced Urn":8,"Bronze Scales":53,"Molten Egg 2":40,"Unceasing Top":6,"Regal Pillow":48,"Torii":53,"Singing Bowl":10,"Melange":47,"Mango":0,"Gensokyo:SpiderMask":24,"Yang":54,"Bag of Preparation":4,"Ancient Tea Set":47,"Smiling Mask":48,"ClockworkSouvenir":19,"TheAbacus":20,"Mummified Hand":0,"Tiny Chest":24,"InkBottle":42,"Runic Pyramid":34,"Potion Belt":0,"Gensokyo:MosesMiracle":30,"PreservedInsect":30,"Omamori":0,"Seething Fire":0,"Orichalcum":9,"GoldenEye":0,"MawBank":6,"Medical Kit":0,"Mercury Hourglass":0,"Gensokyo:EmptyGrave":39,"CaptainsWheel":0,"Ornamental Fan":10,"Gensokyo:DayTheSeaSplit":19,"HolyWater":17,"Bag of Marbles":26,"Art of War":46,"Membership Card":53,"PureWater":0,"TungstenRod":44},{"Ice Cream":50,"Nilry\u0027s Codex":33,"Vajra":22,"Hammer of Thor":0,"Ginger":28,"Boot":27,"Blood Vial":39,"Centennial Puzzle":50,"Sundial":40,"Prayer Wheel":28,"Philosopher\u0027s Stone":36,"Fusion Hammer":18,"Kunai":0,"Pear":19,"Letter Opener":14,"Anvil of the Gods":0,"Bird Faced Urn":4,"Bronze Scales":26,"Molten Egg 2":21,"Unceasing Top":32,"Regal Pillow":25,"Torii":26,"Singing Bowl":33,"Melange":48,"Mango":28,"Gensokyo:SpiderMask":39,"Yang":51,"Bag of Preparation":1,"Ancient Tea Set":48,"Smiling Mask":49,"ClockworkSouvenir":10,"TheAbacus":37,"Mummified Hand":0,"Tiny Chest":12,"InkBottle":46,"Runic Pyramid":42,"Potion Belt":28,"Gensokyo:MosesMiracle":40,"PreservedInsect":16,"Omamori":28,"Seething Fire":0,"Orichalcum":4,"GoldenEye":0,"MawBank":3,"Medical Kit":28,"Mercury Hourglass":0,"Gensokyo:EmptyGrave":45,"CaptainsWheel":28,"Ornamental Fan":5,"Gensokyo:DayTheSeaSplit":37,"HolyWater":9,"Bag of Marbles":39,"Art of War":48,"Membership Card":26,"PureWater":0,"TungstenRod":46},{"Ice Cream":157,"Nilry\u0027s Codex":99,"Vajra":65,"Hammer of Thor":0,"Ginger":84,"Boot":80,"Blood Vial":119,"Centennial Puzzle":157,"Sundial":123,"Prayer Wheel":84,"Philosopher\u0027s Stone":111,"Fusion Hammer":57,"Kunai":0,"Pear":59,"Letter Opener":44,"Anvil of the Gods":0,"Bird Faced Urn":12,"Bronze Scales":79,"Molten Egg 2":63,"Unceasing Top":95,"Regal Pillow":75,"Torii":79,"Singing Bowl":99,"Melange":150,"Mango":84,"Gensokyo:SpiderMask":121,"Yang":159,"Bag of Preparation":2,"Ancient Tea Set":150,"Smiling Mask":153,"ClockworkSouvenir":32,"TheAbacus":114,"Mummified Hand":0,"Tiny Chest":37,"InkBottle":145,"Runic Pyramid":133,"Potion Belt":84,"Gensokyo:MosesMiracle":123,"PreservedInsect":49,"Omamori":84,"Seething Fire":0,"Orichalcum":12,"GoldenEye":0,"MawBank":9,"Medical Kit":84,"Mercury Hourglass":0,"Gensokyo:EmptyGrave":142,"CaptainsWheel":84,"Ornamental Fan":15,"Gensokyo:DayTheSeaSplit":114,"HolyWater":30,"Bag of Marbles":121,"Art of War":150,"Membership Card":79,"PureWater":0,"TungstenRod":145}],"Unceasing Top":[0],"InkBottle":[12],"TungstenRod":54},"card_choices":[{"not_picked":["DeceiveReality","Evaluate"],"picked":"FlurryOfBlows","floor":1.0},{"not_picked":["Crescendo","SashWhip"],"picked":"ClearTheMind","floor":1.0},{"not_picked":["WheelKick","Nirvana"],"picked":"Conclude","floor":2.0},{"not_picked":["Consecrate","CrushJoints","WreathOfFlame"],"picked":"SKIP","floor":2.0},{"not_picked":["Consecrate","Nirvana"],"picked":"TalkToTheHand","floor":5.0},{"not_picked":["Worship","Sanctity"],"picked":"Fasting2","floor":5.0},{"not_picked":["EmptyMind","Crescendo"],"picked":"Wish","floor":6.0},{"not_picked":["Perseverance","WreathOfFlame"],"picked":"Tantrum","floor":8.0},{"not_picked":["Prostrate","Evaluate","Collect"],"picked":"Singing Bowl","floor":10.0},{"not_picked":["Conclude","FlurryOfBlows"],"picked":"Wallop","floor":13.0},{"not_picked":["Fasting2","ThirdEye"],"picked":"Indignation","floor":13.0},{"not_picked":["CrushJoints","Indignation"],"picked":"Vault","floor":14.0},{"not_picked":["Sanctity","ForeignInfluence"],"picked":"BowlingBash","floor":14.0},{"not_picked":["Alpha","Blasphemy"],"picked":"Brilliance","floor":16.0},{"not_picked":["FlyingSleeves","Tantrum","ClearTheMind"],"picked":"Singing Bowl","floor":18.0},{"not_picked":["Sanctity+1","Fasting2","Indignation"],"picked":"Singing Bowl","floor":18.0},{"not_picked":["ThirdEye","Weave"],"picked":"InnerPeace","floor":21.0},{"not_picked":["FollowUp","EmptyBody"],"picked":"FearNoEvil","floor":21.0},{"not_picked":["FollowUp","WaveOfTheHand","Pray"],"picked":"Singing Bowl","floor":23.0},{"not_picked":["ForeignInfluence","Weave+1","Halt"],"picked":"Singing Bowl","floor":30.0},{"not_picked":["FearNoEvil","Study","FlurryOfBlows"],"picked":"Singing Bowl","floor":31.0},{"not_picked":["EmptyBody+1","Crescendo","DevaForm"],"picked":"Singing Bowl","floor":31.0},{"not_picked":["Brilliance","Omniscience","Establishment"],"picked":"Singing Bowl","floor":33.0},{"not_picked":["Indignation+1","FlyingSleeves","Swivel+1"],"picked":"Singing Bowl","floor":35.0},{"not_picked":["EmptyFist","SashWhip","CrushJoints"],"picked":"Singing Bowl","floor":35.0},{"not_picked":["Indignation+1","Wallop","Consecrate"],"picked":"Singing Bowl","floor":36.0},{"not_picked":["CutThroughFate","Evaluate+1","Prostrate+1"],"picked":"Singing Bowl","floor":36.0},{"not_picked":["MentalFortress+1","InnerPeace+1","Meditate"],"picked":"Singing Bowl","floor":38.0},{"not_picked":["Crescendo+1","JustLucky+1","ThirdEye"],"picked":"Singing Bowl","floor":38.0},{"not_picked":["MentalFortress+1","FollowUp+1"],"picked":"Adaptation","floor":42},{"not_picked":["BowlingBash","Pray"],"picked":"Scrawl","floor":45},{"not_picked":["Collect+1","Consecrate+1","EmptyBody+1"],"picked":"Singing Bowl","floor":45},{"not_picked":["ThirdEye","Fasting2","Study"],"picked":"Singing Bowl","floor":46},{"not_picked":["Indignation","Consecrate+1","FlyingSleeves"],"picked":"Singing Bowl","floor":48},{"not_picked":["EmptyBody+1","Swivel+1","FlurryOfBlows+1"],"picked":"Singing Bowl","floor":54}],"player_experience":272307,"relics_obtained":[{"floor":6.0,"key":"Unceasing Top"},{"floor":9.0,"key":"GoldenEye"},{"floor":10.0,"key":"Singing Bowl"},{"floor":23.0,"key":"PreservedInsect"},{"floor":26.0,"key":"Bag of Marbles"},{"floor":28.0,"key":"Torii"},{"floor":30.0,"key":"Gensokyo:MosesMiracle"},{"floor":30.0,"key":"Sundial"},{"floor":42,"key":"InkBottle"},{"floor":46,"key":"Art of War"},{"floor":48,"key":"Smiling Mask"},{"floor":54,"key":"Yang"}],"event_choices":[],"is_beta":false,"boss_relics":[{"not_picked":["Runic Dome","Pandora\u0027s Box"],"picked":"Philosopher\u0027s Stone"},{"not_picked":["Velvet Choker","Fusion Hammer"],"picked":"Runic Pyramid"}],"items_purged_floors":[53],"is_endless":false,"potions_floor_spawned":[2,6,14,16,21,31,35,42,45,48],"ascension_level":7}}