{"host":"9k1ekd5e3lrdz5qp","time":1613162949,"event":{"mods":["Act Like it!","Bard","BaseMod","Beaked The Cultist","Better Altar","Better Skull","Better Third Choice","BetterRewards","Conspire","Downfall","Elementarium","Hubris","Infinite Spire","Minty Spire (QoL Compilation)","Replay The Spire","StSLib"],"gold_per_floor":[99,99,150,75,75,75,75,104,104,116,116,126,151,167,185,286,286,286,306,326,326,338,38,93,119,119,156,166,201,201,213,226,323,323,323,343,361,381,400,400,424,436,456,473,484,496,506,537,549,549,549,549],"floor_reached":50,"language":"ENG","playtime":5046,"items_purged":["champ:Defend","champ:Execute"],"score":716,"play_id":"63995b83-c274-42d2-a167-229bc48fd8d7","local_time":"20210212134909","is_ascension_mode":true,"campfire_choices":[{"data":"champ:Taunt","floor":1,"key":"SMITH"},{"data":"champ:StanceDance","floor":6,"key":"SMITH"},{"data":"champ:SetATrap","floor":9,"key":"SMITH"},{"data":"champ:Devastate","floor":11,"key":"SMITH"},{"data":"champ:GladiatorForm","floor":18,"key":"SMITH"},{"data":"champ:ShieldSlam","floor":30,"key":"SMITH"},{"data":"champ:StanceDance+1","floor":35,"key":"PURGE"},{"data":"champ:Devastate","floor":40,"key":"SMITH"}],"circlet_count":0,"master_deck":["champ:Defend","champ:Defend","champ:Defend","champ:Taunt+1","champ:Devastate+1","champ:BringItOn","champ:SetATrap+1","champ:ShieldSlam+1","champ:GladiatorForm+1","champ:IronFortress","champ:DefensiveStyle","champ:CalledShot+1","Slimebound:Tackle+1","Slimebound:Tackle+1","Slimebound:Tackle+1","champ:EnchantSword","champ:BringItOn","champ:EnchantCrown","champ:Devastate+1","champ:SetATrap+1","champ:Devastate","champ:FocusedDefense+1","champ:RageSigil+1"],"relics":["champ:ChampionCrown","downfall:HeartsMalice","Akabeko","conspire:DeflatedDodgeball","TungstenRod","Replay:Bottled Flurry","Painkiller Herb","hubris:BottledHeart","Membership Card","Art of War","Eternal Feather","infinitespire:Satchel","infinitespire:BottledMercury","beaked:SacredDeck","Happy Flower","Replay:Accelerometer"],"acts_visited":["Exordium","TheCity","TheBeyond"],"potions_floor_usage":[],"damage_taken":[{"damage":0,"enemies":"downfall:FleeingMerchant","floor":4,"turns":1},{"damage":0,"enemies":"Cultist","floor":5,"turns":1},{"damage":0,"enemies":"Replay:BlueRogue","floor":8,"turns":1},{"damage":9,"enemies":"2 Louse","floor":10,"turns":1},{"damage":9,"enemies":"Small Slimes","floor":12,"turns":2},{"damage":24,"enemies":"3 Sentries","floor":13,"turns":9},{"damage":0,"enemies":"Exordium Wildlife","floor":14,"turns":3},{"damage":0,"enemies":"Red Slaver","floor":15,"turns":2},{"damage":24,"enemies":"WA_ARCHETYPE_RETAIN","floor":16,"turns":7},{"damage":9,"enemies":"conspire:FuzzyDice","floor":19,"turns":5},{"damage":0,"enemies":"3 Byrds","floor":20,"turns":6},{"damage":0,"enemies":"Sentry and Sphere","floor":22,"turns":6},{"damage":0,"enemies":"downfall:FleeingMerchant","floor":23,"turns":4},{"damage":0,"enemies":"Nightmare","floor":25,"turns":15},{"damage":0,"enemies":"conspire:MimicChest","floor":27,"turns":5},{"damage":0,"enemies":"Snake Plant","floor":28,"turns":3},{"damage":0,"enemies":"Book of Stabbing","floor":29,"turns":5},{"damage":0,"enemies":"Shelled Parasite and Fungi","floor":31,"turns":3},{"damage":0,"enemies":"Cultist and Chosen","floor":32,"turns":6},{"damage":0,"enemies":"IC_MUSHROOM_ARCHETYPE","floor":33,"turns":7},{"damage":0,"enemies":"3 Shapes","floor":36,"turns":4},{"damage":0,"enemies":"Orb Walker","floor":37,"turns":3},{"damage":0,"enemies":"Spire Growth","floor":38,"turns":4},{"damage":0,"enemies":"Writhing Mass","floor":39,"turns":5},{"damage":0,"enemies":"Sphere and 2 Shapes","floor":42,"turns":5},{"damage":0,"enemies":"Maw","floor":43,"turns":6},{"damage":0,"enemies":"3 Darklings","floor":44,"turns":5},{"damage":0,"enemies":"4 Shapes","floor":45,"turns":5},{"damage":0,"enemies":"Transient","floor":46,"turns":5},{"damage":0,"enemies":"Writhing Mass","floor":47,"turns":5},{"damage":0,"enemies":"Giant Head","floor":48,"turns":7},{"damage":0,"enemies":"Sphere and 2 Shapes","floor":49,"turns":5},{"damage":2,"enemies":"DF_ARCHETYPE_ORBS","floor":50,"turns":8}],"seed_played":"1110687129040105582","potions_obtained":[{"floor":3,"key":"Cursed Concoction"},{"floor":8,"key":"Fire Potion"},{"floor":12,"key":"champ:UltimateStancePotion"},{"floor":20,"key":"champ:TechniquePotion"}],"is_trial":false,"path_per_floor":["R","?","?","$","M","R","T","E","R","M","R","M","E","M","M","B",null,"T","?","?","?","?","T","T","NM","?","?","?","E","T","?","?","B",null,"T","?","?","?","?","T","T","?","?","?","?","?","?","E","?","B"],"character_chosen":"THE_CHAMP","items_purchased":["Membership Card","champ:DefensiveStyle"],"campfire_rested":0,"item_purchase_floors":[23,23],"current_hp_per_floor":[90,90,68,68,68,68,68,68,68,69,69,70,56,56,56,52,90,90,90,90,1,1,1,1,1,1,1,1,1,1,1,1,1,1,1,1,1,1,1,1,1,1,1,1,1,1,1,1,1,0,0,0],"gold":549,"neow_bonus":"THREE_ENEMY_KILL","is_daily":false,"chose_seed":false,"campfire_upgraded":7,"win_rate":0.0,"timestamp":1613162949,"path_taken":["R","?","?","?","M","R","T","E","R","?","R","M","E","M","M","BOSS","T","?","?","?","?","T","T","NM","?","?","?","E","T","?","?","BOSS","T","?","?","?","?","T","T","?","?","?","?","?","?","E","?","BOSS"],"items_purchased_type":["Relic","Card"],"build_version":"2020-12-22","purchased_purges":2,"victory":false,"max_hp_per_floor":[90,90,90,90,90,90,90,90,90,90,90,90,90,90,90,90,90,90,90,90,1,1,1,1,1,1,1,1,1,1,1,1,1,1,1,1,1,1,1,1,1,1,1,1,1,1,1,1,1,1,1,1],"card_choices":[{"not_picked":["champ:PreciseThrust","champ:BringItOn"],"picked":"champ:Devastate","floor":3},{"not_picked":["champ:PerfectedStrike","champ:BladeFlurry"],"picked":"champ:BringItOn","floor":3},{"not_picked":["champ:Backstep","champ:FanOfKnives"],"picked":"champ:StanceDance","floor":4},{"not_picked":["champ:FalseCounter","champ:StanceDance","champ:PreciseThrust"],"picked":"SKIP","floor":5},{"not_picked":["champ:FocusedBerserking","champ:GutPunch"],"picked":"champ:SetATrap","floor":8},{"not_picked":["champ:StanceDance","champ:HeartStrike"],"picked":"champ:ShieldSlam","floor":10},{"not_picked":["champ:EnGarde","champ:GutPunch","champ:BringItOn"],"picked":"SKIP","floor":12},{"not_picked":["champ:StanceDance","champ:Backstep","champ:DefensiveShout"],"picked":"SKIP","floor":13},{"not_picked":["champ:CrownThrow","champ:Backstep","champ:Circumvent"],"picked":"SKIP","floor":14},{"not_picked":["champ:FanOfKnives","champ:EndlessRage","champ:DancingMaster"],"picked":"SKIP","floor":15},{"not_picked":["champ:ShieldThrow","champ:StrikeOfGenius"],"picked":"champ:GladiatorForm","floor":16},{"not_picked":["champ:CrookedStrike","champ:ShieldSigil","champ:Encircle+1"],"picked":"SKIP","floor":19},{"not_picked":["champ:Circumvent+1","champ:Encircle+1","champ:BerserkersShout"],"picked":"SKIP","floor":20},{"not_picked":["champ:PreciseThrust","champ:FanOfKnives","champ:EnGarde"],"picked":"SKIP","floor":22},{"not_picked":["champ:BerserkersShout","champ:DeathBlow+1"],"picked":"champ:IronFortress","floor":23},{"not_picked":["champ:IronFortress+1","champ:Haymaker"],"picked":"champ:CalledShot+1","floor":25},{"not_picked":["champ:MurderStrike","champ:DefensiveShout+1","champ:CalledShot"],"picked":"SKIP","floor":28},{"not_picked":["champ:Parry","champ:FaceSlap"],"picked":"champ:EnchantSword","floor":29},{"not_picked":["champ:EnGarde","champ:CrownThrow","champ:BerserkersShout"],"picked":"SKIP","floor":31},{"not_picked":["champ:HeartStrike","champ:GutPunch"],"picked":"champ:BringItOn","floor":32},{"not_picked":["champ:LastStand","champ:IgnorePain"],"picked":"champ:EnchantCrown","floor":33},{"not_picked":["champ:PerfectedStrike","champ:CalledShot"],"picked":"champ:SetATrap+1","floor":36},{"not_picked":["champ:Endure+1","champ:ShieldSigil","champ:FaceSlap+1"],"picked":"SKIP","floor":37},{"not_picked":["champ:FalseCounter","champ:Backstep","champ:RecklessLeap+1"],"picked":"SKIP","floor":38},{"not_picked":["champ:RecklessLeap","champ:Circumvent","champ:IronFortress+1"],"picked":"SKIP","floor":39},{"not_picked":["champ:AdrenalArmor","champ:RapidStrikes+1"],"picked":"champ:Devastate","floor":42},{"not_picked":["champ:StanceDance+1","champ:DefensiveShout+1","champ:BladeFlurry"],"picked":"SKIP","floor":43},{"not_picked":["champ:RecklessLeap+1","champ:SetATrap+1","champ:TornadoPunch+1"],"picked":"SKIP","floor":44},{"not_picked":["champ:Backstep","champ:StanceDance+1","champ:SwordSigil+1"],"picked":"SKIP","floor":45},{"not_picked":["champ:StanceDance+1","champ:DefensiveStyle+1","champ:BringItOn"],"picked":"SKIP","floor":46},{"not_picked":["champ:Haymaker+1","champ:SetATrap+1","champ:EnchantSword"],"picked":"SKIP","floor":47},{"not_picked":["champ:BringItOn","champ:SetATrap"],"picked":"champ:FocusedDefense+1","floor":48},{"not_picked":["champ:Backstep+1","champ:HeartStrike+1"],"picked":"champ:RageSigil+1","floor":49}],"player_experience":1297100,"relics_obtained":[{"floor":3,"key":"Akabeko"},{"floor":7,"key":"conspire:DeflatedDodgeball"},{"floor":8,"key":"TungstenRod"},{"floor":13,"key":"Replay:Bottled Flurry"},{"floor":24,"key":"Art of War"},{"floor":25,"key":"Eternal Feather"},{"floor":27,"key":"infinitespire:Satchel"},{"floor":29,"key":"infinitespire:BottledMercury"},{"floor":41,"key":"Happy Flower"},{"floor":48,"key":"Replay:Accelerometer"}],"event_choices":[],"is_beta":false,"boss_relics":[{"not_picked":["Abe\u0027s Treasure","Replay:Ancient Bell"],"picked":"Painkiller Herb"},{"not_picked":["Astrolabe","SlaversCollar"],"picked":"beaked:SacredDeck"}],"items_purged_floors":[4,23],"is_endless":true,"potions_floor_spawned":[8,12,13,15,19,20,29,31,33,37,38,46,48,49],"killed_by":"DF_ARCHETYPE_ORBS","ascension_level":1}}