{"host":"h2hvhmnr6sxj7mkx","time":1613149649,"event":{"mods":["BaseMod","Marisa????????","Minty Spire (QoL Compilation)","Replay The Spire","StSLib"],"gold_per_floor":[111,286,55,55,55,66,66,66,66,101,121,182,215,229,229,229,229],"floor_reached":16,"language":"ENG","playtime":815,"items_purged":["Doubt"],"score":133,"play_id":"bf6c5e0b-f5f1-4699-ba89-6a926ca0d65e","local_time":"20210212110729","is_ascension_mode":false,"campfire_choices":[{"data":"Ghostly Armor","floor":7,"key":"SMITH"},{"data":"Barricade","floor":15,"key":"SMITH"}],"circlet_count":0,"master_deck":["Strike_R","Strike_R","Strike_R","Strike_R","Strike_R","Defend_R","Defend_R","Defend_R","Cleave","Headbutt+1","Ghostly Armor+1","Barricade+1","Flame Barrier","Flame Barrier"],"relics":["Burning Blood","NeowsBlessing","Orichalcum","Ornamental Fan","HornCleat","Pear","Toy Ornithopter"],"acts_visited":["Exordium"],"potions_floor_usage":[13,16,16],"damage_taken":[{"damage":0,"enemies":"Jaw Worm","floor":1,"turns":1},{"damage":0,"enemies":"2 Louse","floor":6,"turns":1},{"damage":0,"enemies":"3 Sentries","floor":10,"turns":1},{"damage":0,"enemies":"Small Slimes","floor":11,"turns":4},{"damage":6,"enemies":"Gremlin Nob","floor":13,"turns":6},{"damage":0,"enemies":"2 Fungi Beasts","floor":14,"turns":3},{"damage":87,"enemies":"Hexaghost","floor":16,"turns":21}],"seed_played":"-5784164731468762903","potions_obtained":[{"floor":6,"key":"GamblersBrew"},{"floor":10,"key":"BlessingOfTheForge"},{"floor":11,"key":"Elixir"},{"floor":12,"key":"Flashbang"},{"floor":12,"key":"Regen Potion"}],"is_trial":false,"path_per_floor":["M","?","$","?","?","M","R","?","T","E","M","?","E","M","R","B"],"character_chosen":"IRONCLAD","items_purchased":["Orichalcum"],"campfire_rested":0,"item_purchase_floors":[3],"current_hp_per_floor":[80,80,80,80,80,80,80,62,62,78,84,48,48,54,54,0,0],"gold":229,"neow_bonus":"THREE_ENEMY_KILL","is_daily":false,"chose_seed":false,"campfire_upgraded":2,"win_rate":0.0,"timestamp":1613149649,"path_taken":["M","?","$","?","?","M","R","?","T","E","M","?","E","M","R","BOSS"],"items_purchased_type":["Relic"],"build_version":"2020-12-22","purchased_purges":1,"victory":false,"max_hp_per_floor":[80,80,80,80,80,80,80,80,80,90,90,90,90,90,90,90,90],"card_choices":[{"not_picked":["Thunderclap","Evolve","Perfected Strike"],"picked":"SKIP","floor":1},{"not_picked":["Clash","Twin Strike"],"picked":"Ghostly Armor","floor":6},{"not_picked":["Pummel","Run Through"],"picked":"Barricade","floor":10},{"not_picked":["Clothesline","Burning Pact"],"picked":"Flame Barrier","floor":11},{"not_picked":["Pummel","Blood for Blood","Bludgeon"],"picked":"SKIP","floor":13},{"not_picked":["Heavy Blade","Sever Soul"],"picked":"Flame Barrier","floor":14}],"player_experience":58215,"relics_obtained":[{"floor":9,"key":"HornCleat"},{"floor":10,"key":"Pear"},{"floor":13,"key":"Toy Ornithopter"}],"event_choices":[{"damage_healed":0,"gold_gain":175,"player_choice":"AGREE","damage_taken":0,"max_hp_gain":0,"max_hp_loss":0,"event_name":"Liars Game","floor":2,"gold_loss":0,"cards_obtained":["Doubt"]},{"damage_healed":0,"gold_gain":0,"cards_transformed":["Bash"],"player_choice":"Change","damage_taken":0,"max_hp_gain":0,"max_hp_loss":0,"event_name":"Living Wall","floor":4,"gold_loss":0,"cards_obtained":["Cleave"]},{"damage_healed":0,"gold_gain":0,"player_choice":"Success","damage_taken":18,"relics_obtained":["Ornamental Fan"],"max_hp_gain":0,"max_hp_loss":0,"event_name":"Scrap Ooze","floor":8,"gold_loss":0}],"is_beta":false,"boss_relics":[],"items_purged_floors":[3],"is_endless":false,"potions_floor_spawned":[6,10,11],"killed_by":"Hexaghost","ascension_level":0}}