{"host":"gtkw0hh8g0porc44","time":1613171072,"event":{"mods":["AchievementEnabler","BaseMod","Better Altar","Better Match","Better Note","Better Sensory Stone","Better Skull","Better Synergies","Better Vampires","BetterRewards","Colored Map","Colored Powertips","Custom Start","DeckTracker","Highlight Path","Infinite Spire","Minty Spire (QoL Compilation)","Relic Stats","Remove Card Discount Mod","Replay The Spire","StSLib","Synergy Search"],"gold_per_floor":[117,117,117,127,127,155,155,330,355,355,172,183,183,183,183,200,200,200,200],"floor_reached":18,"language":"ENG","playtime":1369,"items_purged":["Pain","Looming Evil","Doubt"],"score":133,"play_id":"15b8035a-d9d6-49e2-9c0e-33851229bc89","local_time":"20210212180432","is_ascension_mode":false,"campfire_choices":[{"data":"FlyingSleeves","floor":7,"key":"SMITH"},{"floor":17,"key":"REST"}],"circlet_count":0,"master_deck":["DevaForm+1","BattleHymn+1","Blasphemy+1","ReachHeaven+1","CarveReality+1","FlyingSleeves+1","FlurryOfBlows+1"],"relics":["PureWater","HolyWater","VioletLotus","PreservedInsect","Paper Frog","Lantern","Mirror","Damaru","Bag of Preparation","Nunchaku","WarpedTongs","ReplayTheSpireMod:Ring of Exchange","ReplayTheSpireMod:Ring of Collecting","Smiling Mask","ReplayTheSpireMod:Ring of Challenge","Replay:Mystery Machine","Ring of Misfortune","Bag of Marbles","Potion Belt"],"acts_visited":["Exordium"],"potions_floor_usage":[],"damage_taken":[{"damage":0,"enemies":"2 Louse","floor":1,"turns":1},{"damage":9,"enemies":"Small Slimes","floor":4,"turns":1},{"damage":7,"enemies":"Gremlin Nob","floor":6,"turns":1},{"damage":0,"enemies":"infinitespire:Voidling","floor":12,"turns":1},{"damage":0,"enemies":"Looter","floor":16,"turns":1},{"damage":99999,"enemies":"The Guardian","floor":18,"turns":2}],"seed_played":"6702501270416801368","potions_obtained":[{"floor":4,"key":"SteroidPotion"},{"floor":12,"key":"ColorlessPotion"}],"is_trial":true,"path_per_floor":["M","?","?","M","?","E","R","?","T","T","$","M","PTL","PTL","$","M","R","B"],"character_chosen":"WATCHER","items_purchased":["FlurryOfBlows+1","Potion Belt"],"campfire_rested":1,"item_purchase_floors":[11,11],"current_hp_per_floor":[72,72,72,63,63,56,56,56,56,56,56,56,56,56,56,56,72,0,0],"gold":200,"neow_bonus":"","is_daily":false,"chose_seed":false,"campfire_upgraded":1,"win_rate":0.0,"timestamp":1613171072,"path_taken":["M","?","?","?","?","E","R","?","T","?","?","M","PTL","PTL","$","M","R","BOSS"],"items_purchased_type":["Card","Relic"],"build_version":"2020-12-22","purchased_purges":3,"victory":false,"max_hp_per_floor":[72,72,72,72,72,72,72,72,72,72,72,72,72,72,72,72,72,72,72],"relic_stats":{"Nunchaku":[1],"counters":[6,6],"VioletLotus":[0],"PreservedInsect":21,"Bag of Preparation":[5],"Smiling Mask":-144,"obtain_stats":[{"Potion Belt":11,"ReplayTheSpireMod:Ring of Exchange":5,"Lantern":0,"Damaru":0,"PreservedInsect":0,"Bag of Preparation":0,"Replay:Mystery Machine":9,"Smiling Mask":6,"WarpedTongs":3,"Nunchaku":2,"ReplayTheSpireMod:Ring of Collecting":5,"Ring of Misfortune":10,"HolyWater":0,"VioletLotus":0,"Bag of Marbles":10,"PureWater":0,"ReplayTheSpireMod:Ring of Challenge":9,"Mirror":0,"Paper Frog":0},{"Potion Belt":3,"ReplayTheSpireMod:Ring of Exchange":2,"Lantern":0,"Damaru":0,"PreservedInsect":0,"Bag of Preparation":0,"Replay:Mystery Machine":3,"Smiling Mask":3,"WarpedTongs":1,"Nunchaku":1,"ReplayTheSpireMod:Ring of Collecting":2,"Ring of Misfortune":3,"HolyWater":0,"VioletLotus":0,"Bag of Marbles":3,"PureWater":0,"ReplayTheSpireMod:Ring of Challenge":3,"Mirror":0,"Paper Frog":0},{"Potion Belt":3,"ReplayTheSpireMod:Ring of Exchange":2,"Lantern":0,"Damaru":0,"PreservedInsect":0,"Bag of Preparation":0,"Replay:Mystery Machine":3,"Smiling Mask":3,"WarpedTongs":1,"Nunchaku":1,"ReplayTheSpireMod:Ring of Collecting":2,"Ring of Misfortune":3,"HolyWater":0,"VioletLotus":0,"Bag of Marbles":3,"PureWater":0,"ReplayTheSpireMod:Ring of Challenge":3,"Mirror":0,"Paper Frog":0}],"WarpedTongs":[5]},"card_choices":[{"not_picked":["MentalFortress","Tantrum","FlurryOfBlows"],"picked":"SKIP","floor":1},{"not_picked":["Swivel","EmptyBody"],"picked":"FlyingSleeves","floor":4},{"not_picked":["DevaForm","Replay:AtTheReady","DeceiveReality"],"picked":"SKIP","floor":6},{"not_picked":["Sanctity","BattleHymn","Replay:BluntJabs"],"picked":"SKIP","floor":12},{"not_picked":["Study","Adaptation","EmptyFist"],"picked":"SKIP","floor":16}],"player_experience":127103,"relics_obtained":[{"floor":2,"key":"Nunchaku"},{"floor":5,"key":"ReplayTheSpireMod:Ring of Exchange"},{"floor":5,"key":"ReplayTheSpireMod:Ring of Collecting"},{"floor":6,"key":"Smiling Mask"},{"floor":9,"key":"ReplayTheSpireMod:Ring of Challenge"},{"floor":9,"key":"Replay:Mystery Machine"},{"floor":10,"key":"Ring of Misfortune"},{"floor":10,"key":"Bag of Marbles"}],"event_choices":[{"damage_healed":0,"gold_gain":0,"player_choice":"Rummage","damage_taken":0,"relics_obtained":["WarpedTongs"],"max_hp_gain":0,"max_hp_loss":0,"event_name":"Accursed Blacksmith","floor":3,"gold_loss":0,"cards_obtained":["Pain"]},{"damage_healed":0,"gold_gain":175,"player_choice":"AGREE","damage_taken":0,"max_hp_gain":0,"max_hp_loss":0,"event_name":"Liars Game","floor":8,"gold_loss":0,"cards_obtained":["Doubt"]}],"is_beta":false,"boss_relics":[],"items_purged_floors":[11,11,11],"is_endless":false,"potions_floor_spawned":[4,12],"killed_by":"The Guardian","ascension_level":0}}