{"host":"kv06jx36eid0zw4n","time":1613162693,"event":{"mods":["AchievementEnabler","Act Like it!","Aspiration","BaseMod","Beaked The Cultist","Better Note","Better Skull","Better Third Choice","BetterRewards","Block Reminder","CCEM2","Colored Map","Conspire","Curses Come First","Dota2Spire","Elementarium","Energized Spire","Friendly Minions","Gensokyo","GifTheSpireLib","Glutton Mod","GungeonMod","Halation","Hallownest","Hermit","Hubris","Infinite Spire","Key Reminder","KomeijiMod","Lobotomy","LobotomyExtend","Menagerie","Mimic Mod","Minty Spire (QoL Compilation)","MostiFishMod","Pale of the Ancients","Quarter Circle Forward PUNCH!","Rare Cards Sparkle","Replay The Spire","RumiaBox-????????","Small Relic Pack","Spicy Shops","StSLib","Stuff the Spire","The Blue Laboratory","The Cursed","Trackpad","Uncapped","Wandering Minibosses","[IsaacMod]????"],"gold_per_floor":[113,37,37,51,30,56,56,366,445,455,468,478,478,513,513,588,588,603,614,628,628,628,628,659,659,740,755,790,790,1090,1120,1120,1198,1198,1198],"floor_reached":34,"language":"ENG","playtime":2624,"items_purged":[],"score":1169,"play_id":"9e5b706f-2d00-4ca8-8b86-9d552e0d4533","local_time":"20210212214453","is_ascension_mode":true,"campfire_choices":[{"floor":7.0,"key":"RECALL"},{"data":"Catalyst","floor":15.0,"key":"SMITH"},{"data":"MostiFishMod:Neurotoxin","floor":23.0,"key":"SMITH"},{"data":"Infinite Blades","floor":25.0,"key":"SMITH"},{"data":"Crippling Poison","floor":32,"key":"SMITH"}],"circlet_count":0,"master_deck":["AscendersBane","Strike_G","Strike_G","Strike_G","Strike_G","Strike_G","Defend_G","Defend_G","Defend_G","Defend_G","Defend_G","Survivor","Neutralize","Dodge and Roll","Backflip","ReplayTheSpireMod:Tripwire","ReplayTheSpireMod:Speed Training","MostiFishMod:LethalBlade","Crippling Poison+1","Terror","Caltrops","Catalyst+1","MostiFishMod:Neurotoxin+1","PiercingWail","Noxious Fumes","Venomology","Infinite Blades+1","MostiFishMod:Confrontation","Noxious Fumes","infinitespire:Starlight","Predator","Leg Sweep","StuffTheSpire:Python","Caltrops","Discovery","Thinking Ahead","Atom Bomb","Replay:Bag of Tricks"],"relics":["Ring of the Snake","DaveBox","HushsDoor","FeatherPendant","GuppysTail","Omamori","SynthV:TestCard","LetterFromLob","Tiny Chest","hubris:TinFlute","MagicMushroom","DemoMod:GlassGuonStoneRelic","halation:QuantumPhysicsTextbook","Replay:Wax Seal","Dota2Spire:LinkenSphere","PreservedInsect","NineVolt","hubris:NiceRug","CCEMRelics:Pendulum","infinitespire:Satchel","halation:Komachan","trackpad:WeightlessShivs","Habit","trackpad:BottledTsunami","Pantograph","Elementarium:ElementariumTrophy"],"acts_visited":["Gensokyo:Gensokyo","Elementarium:Elementarium"],"potions_floor_usage":[27,27,27,28,30,31,31,33],"damage_taken":[{"damage":0.0,"enemies":"Gensokyo:2_Kodama","floor":1.0,"turns":3.0},{"damage":0.0,"enemies":"Gensokyo:3_Fairies","floor":4.0,"turns":4.0},{"damage":53.0,"enemies":"Gensokyo:Mamizou","floor":6.0,"turns":12.0},{"damage":2.0,"enemies":"Gensokyo:Python","floor":8.0,"turns":6.0},{"damage":0.0,"enemies":"Gensokyo:Kitsune","floor":10.0,"turns":4.0},{"damage":0.0,"enemies":"Gensokyo:Python_and_Kodama","floor":11.0,"turns":4.0},{"damage":0.0,"enemies":"Gensokyo:LivingMonolith","floor":12.0,"turns":3.0},{"damage":0.0,"enemies":"Gensokyo:Aya","floor":14.0,"turns":5.0},{"damage":0.0,"enemies":"Gensokyo:Yukari","floor":16.0,"turns":4.0},{"damage":0.0,"enemies":"Elementarium:VoidCorruption","floor":18.0,"turns":4.0},{"damage":0.0,"enemies":"Elementarium:2_ELEMENTALS","floor":19.0,"turns":2.0},{"damage":4.0,"enemies":"Elementarium:VoidBeast","floor":20.0,"turns":3.0},{"damage":0.0,"enemies":"Elementarium:ElementalPortal","floor":24.0,"turns":5.0},{"damage":0,"enemies":"Elementarium:STONE_GOLEMS","floor":27,"turns":4},{"damage":0,"enemies":"Elementarium:WarGolem","floor":28,"turns":4},{"damage":0,"enemies":"hubris:Merchant","floor":30,"turns":4},{"damage":3,"enemies":"Elementarium:FIRE_NOBILITY","floor":31,"turns":3},{"damage":0,"enemies":"Elementarium:PHOENIXES","floor":33,"turns":7}],"seed_played":"2050087600070134814","potions_obtained":[{"floor":6.0,"key":"blueLaboratory:FruitPreserves"},{"floor":8.0,"key":"blueLaboratory:ArtistsPotion"},{"floor":11.0,"key":"Dota2Spire:HealingSalve"},{"floor":24.0,"key":"blueLaboratory:LouseDecoction"},{"floor":27,"key":"LiquidMemories"},{"floor":30,"key":"CunningPotion"},{"floor":30,"key":"DemoMod:LeadSkinPotion"}],"is_trial":false,"path_per_floor":["M","$","?","M","COS","E","R","M","T","M","M","M","?","E","R","B",null,"M","M","M","?","T","R","E","R","T","M","E","AVR","$","E","R","B",null],"character_chosen":"THE_SILENT","items_purchased":["Backflip"],"campfire_rested":0,"item_purchase_floors":[2],"current_hp_per_floor":[59,59,59,59,59,33,33,31,31,31,31,31,31,46,46,46,68,69,70,67,67,67,67,68,68,68,69,70,70,71,70,70,73,73,73],"gold":1198,"neow_bonus":"RANDOM_COMMON_RELIC","is_daily":false,"chose_seed":false,"campfire_upgraded":4,"win_rate":0.0,"timestamp":1613162693,"path_taken":["M","?","?","M","COS","E","R","M","T","M","M","?","?","E","R","BOSS","M","M","M","?","?","R","E","R","T","M","E","AVR","?","E","R","BOSS"],"items_purchased_type":["Card"],"build_version":"2020-12-22","purchased_purges":0,"victory":false,"max_hp_per_floor":[66,66,66,66,66,66,66,66,66,66,66,66,66,66,66,66,73,73,73,73,73,73,73,73,73,73,73,73,73,73,73,73,73,73,73],"card_choices":[{"not_picked":["Underhanded Strike","StuffTheSpire:BumpUp"],"picked":"Dodge and Roll","floor":1.0},{"not_picked":["StuffTheSpire:Injection","Hidden Blade","Backstab","StuffTheSpire:Incantation"],"picked":"ReplayTheSpireMod:Tripwire","floor":4.0},{"not_picked":["Deflect","StuffTheSpire:Repulse","Eviscerate","PiercingWail"],"picked":"ReplayTheSpireMod:Speed Training","floor":6.0},{"not_picked":["Finisher","hubris:TrickCloak","Underhanded Strike","Slice"],"picked":"MostiFishMod:LethalBlade","floor":8.0},{"not_picked":["StuffTheSpire:ClusterCrunch","StuffTheSpire:BumpUp","Dagger Spray","Reflex"],"picked":"Crippling Poison","floor":10.0},{"not_picked":["Escape Plan","StuffTheSpire:DoubleShiv","StuffTheSpire:Fury","Dodge and Roll"],"picked":"Terror","floor":11.0},{"not_picked":["MostiFishMod:LethalBlade","StuffTheSpire:Injection","Quick Slash","StuffTheSpire:ClusterCrunch"],"picked":"Caltrops","floor":12.0},{"not_picked":["hubris:SlightOfHand","Underhanded Strike","Outmaneuver","Backflip"],"picked":"Catalyst","floor":14.0},{"not_picked":["MostiFishMod:Opportunism","aspiration:Lunge","MostiFishMod:Dislodge","MostiFishMod:AdrenalineArouse"],"picked":"MostiFishMod:Neurotoxin","floor":16.0},{"not_picked":["hubris:SlightOfHand","Bane","Deflect","Quick Slash"],"picked":"PiercingWail","floor":18.0},{"not_picked":["Hidden Blade","Outmaneuver","Acrobatics","MostiFishMod:InvigoratingSolution"],"picked":"Noxious Fumes","floor":19.0},{"not_picked":["Concentrate","Poisoned Stab+1","PiercingWail","MostiFishMod:PreservedThorns"],"picked":"Venomology","floor":20.0},{"not_picked":["Prepared","Masterful Stab","conspire:PoisonWeapons","Dagger Throw"],"picked":"Infinite Blades","floor":24.0},{"not_picked":["StuffTheSpire:Shiver","StuffTheSpire:ReptileScales","StuffTheSpire:ClusterCrunch","Bane"],"picked":"MostiFishMod:Confrontation","floor":27},{"not_picked":["Deflect","Escape Plan","MostiFishMod:PerfectParry","StuffTheSpire:Injection"],"picked":"Noxious Fumes","floor":28},{"not_picked":[],"picked":"Predator","floor":30},{"not_picked":[],"picked":"Leg Sweep","floor":30},{"not_picked":[],"picked":"StuffTheSpire:Python","floor":30},{"not_picked":[],"picked":"Caltrops","floor":30},{"not_picked":[],"picked":"Discovery","floor":30},{"not_picked":[],"picked":"Thinking Ahead","floor":30},{"not_picked":["StuffTheSpire:BumpUp"],"picked":"SKIP","floor":30},{"not_picked":["StuffTheSpire:Injection","ReplayTheSpireMod:Tripwire","Replay:Poison Smokescreen+1","Draining Mist+1"],"picked":"Atom Bomb","floor":31},{"not_picked":["MostiFishMod:Listen","ReplayTheSpireMod:Necrosis","Grand Finale","infinitespire:Neurotoxin"],"picked":"Replay:Bag of Tricks","floor":33}],"player_experience":1651021,"relics_obtained":[{"floor":1.0,"key":"SynthV:TestCard"},{"floor":1.0,"key":"LetterFromLob"},{"floor":6.0,"key":"Tiny Chest"},{"floor":14.0,"key":"hubris:TinFlute"},{"floor":22.0,"key":"halation:QuantumPhysicsTextbook"},{"floor":24.0,"key":"Replay:Wax Seal"},{"floor":26.0,"key":"Dota2Spire:LinkenSphere"},{"floor":28,"key":"PreservedInsect"},{"floor":30,"key":"CCEMRelics:Pendulum"},{"floor":30,"key":"infinitespire:Satchel"},{"floor":30,"key":"halation:Komachan"},{"floor":30,"key":"trackpad:WeightlessShivs"},{"floor":30,"key":"Habit"},{"floor":30,"key":"trackpad:BottledTsunami"},{"floor":31,"key":"Pantograph"}],"event_choices":[],"is_beta":false,"boss_relics":[{"not_picked":["Snecko Eye","StuffTheSpire:RunicConfusion"],"picked":"MagicMushroom"},{"not_picked":[]}],"items_purged_floors":[],"is_endless":false,"potions_floor_spawned":[6,8,10,11,24,27,28],"ascension_level":15}}