{"host":"mg6qqnp83j5r6p2r","time":1613102859,"event":{"mods":["Alarm Clock","BaseMod","Block Reminder","Colored Map","Colored Powertips","Dark Map","Highlight Path","Minty Spire (QoL Compilation)","Random Character Button","Rare Cards Sparkle","Relic Sorter","Relic Stats","Spire Birthday Party","StSLib"],"gold_per_floor":[12,12,12,12,36,36,63,99,99,143,143,143,186,205,205,335,335,356,356,356,372,391,391,434,434,434,458,59,93,93,134,134,263,263,276,17,35,60,79,123,123,154,206,239,252,272,307,332,332,332,332,332,0,41,41,41],"floor_reached":55,"language":"ENG","playtime":3962,"items_purged":["Writhe","Injury"],"score":1297,"play_id":"a9d4a812-37d4-43d3-a931-7a56a7c817c6","local_time":"20210211220739","is_ascension_mode":true,"campfire_choices":[{"floor":6.0,"key":"RECALL"},{"floor":12.0,"key":"REST"},{"data":"Glass Knife","floor":15.0,"key":"SMITH"},{"data":"Calculated Gamble","floor":23.0,"key":"SMITH"},{"floor":30,"key":"REST"},{"data":"Storm of Steel","floor":32,"key":"SMITH"},{"data":"Noxious Fumes","floor":41,"key":"SMITH"},{"data":"Noxious Fumes","floor":49,"key":"SMITH"},{"data":"Cloak And Dagger","floor":52,"key":"SMITH"}],"circlet_count":0,"master_deck":["Strike_G","Strike_G","Strike_G","Strike_G","Strike_G+1","Defend_G+1","Defend_G","Defend_G+1","Defend_G","Defend_G","Survivor","Neutralize+1","Quick Slash","Dagger Throw","PiercingWail+1","Dagger Spray","Glass Knife+1","Escape Plan","Storm of Steel+1","Calculated Gamble+1","Leg Sweep","Cloak And Dagger+1","Dagger Throw+1","Noxious Fumes+1","Caltrops+1","Cloak And Dagger+1","Die Die Die+1","Reflex","Cloak And Dagger+1","Acrobatics+1","Blade Dance","Flying Knee+1","Accuracy+1","Noxious Fumes+1","Eviscerate+1"],"relics":["Ring of the Serpent","Tingsha","Golden Idol","Tough Bandages","Regal Pillow","Nunchaku","Mango","HornCleat","White Beast Statue","War Paint","Omamori","Kunai","Molten Egg 2","Blood Vial","HoveringKite","Shuriken","Whetstone","Pocketwatch","Orichalcum","Toy Ornithopter","Meat on the Bone","Oddly Smooth Stone","Vajra"],"acts_visited":["Exordium","TheCity","TheBeyond","TheEnding"],"potions_floor_usage":[29,31,31,37,37,39,42,45,47,48,50,54,54,55,55],"damage_taken":[{"damage":2.0,"enemies":"Small Slimes","floor":1.0,"turns":4.0},{"damage":0.0,"enemies":"2 Louse","floor":5.0,"turns":4.0},{"damage":10.0,"enemies":"Lagavulin","floor":8.0,"turns":7.0},{"damage":7.0,"enemies":"Gremlin Nob","floor":10.0,"turns":5.0},{"damage":25.0,"enemies":"3 Sentries","floor":13.0,"turns":6.0},{"damage":0.0,"enemies":"Jaw Worm","floor":14.0,"turns":2.0},{"damage":33.0,"enemies":"The Guardian","floor":16.0,"turns":16.0},{"damage":7.0,"enemies":"2 Thieves","floor":18.0,"turns":3.0},{"damage":0.0,"enemies":"Shell Parasite","floor":21.0,"turns":3.0},{"damage":10.0,"enemies":"Snake Plant","floor":22.0,"turns":5.0},{"damage":17.0,"enemies":"Book of Stabbing","floor":24.0,"turns":6.0},{"damage":15.0,"enemies":"3 Cultists","floor":27.0,"turns":5.0},{"damage":10,"enemies":"Gremlin Leader","floor":29,"turns":7},{"damage":10,"enemies":"Slavers","floor":31,"turns":2},{"damage":11,"enemies":"Collector","floor":33,"turns":10},{"damage":0,"enemies":"Orb Walker","floor":35,"turns":3},{"damage":0,"enemies":"3 Darklings","floor":37,"turns":3},{"damage":20,"enemies":"Transient","floor":38,"turns":5},{"damage":14,"enemies":"4 Shapes","floor":39,"turns":3},{"damage":0,"enemies":"Giant Head","floor":40,"turns":8},{"damage":6,"enemies":"Reptomancer","floor":42,"turns":5},{"damage":0,"enemies":"Giant Head","floor":44,"turns":6},{"damage":0,"enemies":"Sphere and 2 Shapes","floor":45,"turns":4},{"damage":0,"enemies":"Spire Growth","floor":46,"turns":5},{"damage":8,"enemies":"Nemesis","floor":47,"turns":5},{"damage":0,"enemies":"Jaw Worm Horde","floor":48,"turns":4},{"damage":51,"enemies":"Time Eater","floor":50,"turns":10},{"damage":17,"enemies":"Shield and Spear","floor":54,"turns":6},{"damage":111,"enemies":"The Heart","floor":55,"turns":9}],"seed_played":"-2460688241687768099","potions_obtained":[{"floor":1.0,"key":"Block Potion"},{"floor":8.0,"key":"GhostInAJar"},{"floor":13.0,"key":"FearPotion"},{"floor":14.0,"key":"FearPotion"},{"floor":18.0,"key":"CunningPotion"},{"floor":21.0,"key":"PowerPotion"},{"floor":22.0,"key":"Poison Potion"},{"floor":24.0,"key":"SpeedPotion"},{"floor":27.0,"key":"SteroidPotion"},{"floor":29,"key":"AttackPotion"},{"floor":31,"key":"Dexterity Potion"},{"floor":33,"key":"AttackPotion"},{"floor":35,"key":"LiquidMemories"},{"floor":37,"key":"Strength Potion"},{"floor":38,"key":"DuplicationPotion"},{"floor":39,"key":"SpeedPotion"},{"floor":42,"key":"BlessingOfTheForge"},{"floor":45,"key":"Dexterity Potion"},{"floor":46,"key":"Weak Potion"},{"floor":47,"key":"FearPotion"},{"floor":48,"key":"DuplicationPotion"},{"floor":54,"key":"SpeedPotion"}],"is_trial":false,"path_per_floor":["M","?","?","?","M","R","T","E","T","E","?","R","E","M","R","B",null,"M","?","?","M","M","R","E","?","T","M","$","E","R","E","R","B",null,"M","$","M","M","M","E","R","E","T","E","M","M","E","M","R","B",null,"R","$","E","B"],"character_chosen":"THE_SILENT","items_purchased":["Kunai","Noxious Fumes","Shuriken","Oddly Smooth Stone","Ancient Potion"],"campfire_rested":2,"item_purchase_floors":[28,28,36,53,53],"current_hp_per_floor":[68,68,54,51,51,51,51,41,41,48,53,89,64,64,64,31,89,82,82,82,82,72,72,55,55,55,40,40,30,71,61,61,52,89,89,89,89,69,57,59,59,55,55,57,64,66,65,72,72,40,89,89,89,77,0,0],"gold":41,"neow_bonus":"ONE_RARE_RELIC","is_daily":false,"chose_seed":false,"campfire_upgraded":6,"win_rate":0.0,"timestamp":1613102859,"path_taken":["M","?","?","?","M","R","?","E","T","E","?","R","E","M","R","BOSS","M","?","?","M","M","R","E","?","T","?","?","E","R","E","R","BOSS","M","?","?","M","?","E","R","E","T","E","?","M","E","M","R","BOSS","R","$","E","BOSS"],"items_purchased_type":["Relic","Card","Relic","Relic","Potion"],"build_version":"2020-12-22","purchased_purges":2,"victory":false,"max_hp_per_floor":[70,70,70,70,70,70,70,70,70,84,89,89,89,89,89,89,89,89,89,89,89,89,89,89,89,89,89,89,89,89,89,89,89,89,89,89,89,89,89,89,89,89,89,89,89,89,89,89,89,89,89,89,89,89,89,89],"relic_stats":{"Regal Pillow":25,"counters":[29,161],"Golden Idol":217,"HoveringKite":[50],"Tingsha":[833],"Whetstone":["Dagger Throw","Strike_G"],"War Paint":["PiercingWail","Defend_G"],"Orichalcum":[24],"Blood Vial":22,"Tough Bandages":[972],"Nunchaku":[45],"Shuriken":[60],"Kunai":[78],"obtain_stats":[{"Regal Pillow":7,"Golden Idol":2,"HoveringKite":34,"Oddly Smooth Stone":53,"Vajra":54,"Tingsha":0,"Mango":10,"Omamori":26,"Whetstone":40,"War Paint":24,"Orichalcum":43,"White Beast Statue":20,"Blood Vial":31,"Tough Bandages":4,"Nunchaku":8,"HornCleat":13,"Shuriken":36,"Molten Egg 2":29,"Kunai":28,"Ring of the Serpent":17,"Toy Ornithopter":44,"Ring of the Snake":0,"Pocketwatch":42,"Meat on the Bone":47},{"Regal Pillow":2,"Golden Idol":1,"HoveringKite":15,"Oddly Smooth Stone":27,"Vajra":28,"Tingsha":0,"Mango":4,"Omamori":11,"Whetstone":20,"War Paint":11,"Orichalcum":21,"White Beast Statue":8,"Blood Vial":14,"Tough Bandages":1,"Nunchaku":3,"HornCleat":5,"Shuriken":16,"Molten Egg 2":13,"Kunai":12,"Ring of the Serpent":7,"Toy Ornithopter":22,"Ring of the Snake":0,"Pocketwatch":21,"Meat on the Bone":25},{"Regal Pillow":8,"Golden Idol":4,"HoveringKite":85,"Oddly Smooth Stone":146,"Vajra":152,"Tingsha":0,"Mango":20,"Omamori":61,"Whetstone":107,"War Paint":61,"Orichalcum":112,"White Beast Statue":47,"Blood Vial":75,"Tough Bandages":4,"Nunchaku":15,"HornCleat":26,"Shuriken":88,"Molten Egg 2":73,"Kunai":66,"Ring of the Serpent":44,"Toy Ornithopter":118,"Ring of the Snake":0,"Pocketwatch":112,"Meat on the Bone":132}],"Toy Ornithopter":35,"Pocketwatch":[24],"Meat on the Bone":12},"card_choices":[{"not_picked":["Reflex","Underhanded Strike"],"picked":"Quick Slash","floor":1.0},{"not_picked":["Acrobatics","Quick Slash"],"picked":"Dagger Throw","floor":5.0},{"not_picked":["Distraction","Masterful Stab"],"picked":"PiercingWail","floor":8.0},{"not_picked":["Endless Agony","Finisher"],"picked":"Dagger Spray","floor":10.0},{"not_picked":["Leg Sweep","Terror"],"picked":"Glass Knife","floor":13.0},{"not_picked":["Distraction","Outmaneuver"],"picked":"Escape Plan","floor":14.0},{"not_picked":["Venomology","Burst"],"picked":"Storm of Steel","floor":16.0},{"not_picked":["Caltrops","Acrobatics"],"picked":"Calculated Gamble","floor":18.0},{"not_picked":["Eviscerate","Blade Dance"],"picked":"Leg Sweep","floor":21.0},{"not_picked":["Slice","Poisoned Stab+1","Sucker Punch"],"picked":"SKIP","floor":22.0},{"not_picked":["Backstab+1","Deflect+1"],"picked":"Cloak And Dagger+1","floor":24.0},{"not_picked":["PiercingWail","Poisoned Stab"],"picked":"Dagger Throw","floor":27.0},{"not_picked":["Flechettes+1","Venomology"],"picked":"Caltrops+1","floor":29},{"not_picked":["Underhanded Strike+1","Deadly Poison"],"picked":"Cloak And Dagger","floor":31},{"not_picked":["Burst","Night Terror"],"picked":"Die Die Die+1","floor":33},{"not_picked":["Deflect+1","Deadly Poison+1"],"picked":"Reflex","floor":35},{"not_picked":["Sucker Punch+1","Prepared+1"],"picked":"Cloak And Dagger+1","floor":37},{"not_picked":["Setup+1","Dagger Spray+1","Sucker Punch+1"],"picked":"SKIP","floor":38},{"not_picked":["Concentrate","Blade Dance"],"picked":"Acrobatics+1","floor":39},{"not_picked":["Concentrate+1","Dagger Throw+1"],"picked":"Blade Dance","floor":40},{"not_picked":["Endless Agony+1","Infinite Blades"],"picked":"Flying Knee+1","floor":42},{"not_picked":["Distraction","Outmaneuver"],"picked":"Accuracy+1","floor":44},{"not_picked":["Dagger Spray+1","Dash+1"],"picked":"Noxious Fumes","floor":45},{"not_picked":["Heel Hook+1","Bouncing Flask+1","Setup+1"],"picked":"SKIP","floor":46},{"not_picked":["Envenom","Bouncing Flask","Deadly Poison+1"],"picked":"SKIP","floor":47},{"not_picked":["Deflect+1","Bane+1"],"picked":"Eviscerate+1","floor":48},{"not_picked":["Quick Slash+1","Reflex+1","Outmaneuver+1"],"picked":"SKIP","floor":54}],"player_experience":240988,"relics_obtained":[{"floor":7.0,"key":"Regal Pillow"},{"floor":8.0,"key":"Nunchaku"},{"floor":10.0,"key":"Mango"},{"floor":13.0,"key":"HornCleat"},{"floor":24.0,"key":"War Paint"},{"floor":26.0,"key":"Omamori"},{"floor":29,"key":"Molten Egg 2"},{"floor":31,"key":"Blood Vial"},{"floor":40,"key":"Whetstone"},{"floor":42,"key":"Pocketwatch"},{"floor":43,"key":"Orichalcum"},{"floor":44,"key":"Toy Ornithopter"},{"floor":47,"key":"Meat on the Bone"},{"floor":54,"key":"Vajra"}],"event_choices":[{"damage_healed":0.0,"max_hp_gain":0.0,"max_hp_loss":0.0,"gold_gain":0.0,"event_name":"Golden Idol","player_choice":"Take Wound","floor":2.0,"gold_loss":0.0,"damage_taken":0.0,"relics_obtained":["Golden Idol"],"cards_obtained":["Injury"]},{"damage_healed":0.0,"max_hp_gain":0.0,"max_hp_loss":0.0,"gold_gain":0.0,"event_name":"Shining Light","player_choice":"Entered Light","floor":3.0,"gold_loss":0.0,"damage_taken":14.0,"cards_upgraded":["Neutralize","Defend_G"]},{"damage_healed":0.0,"max_hp_gain":0.0,"max_hp_loss":0.0,"gold_gain":0.0,"event_name":"Scrap Ooze","player_choice":"Success","floor":4.0,"gold_loss":0.0,"damage_taken":3.0,"relics_obtained":["Tough Bandages"]},{"damage_healed":0.0,"max_hp_gain":5.0,"max_hp_loss":0.0,"gold_gain":0.0,"event_name":"Big Fish","player_choice":"Donut","floor":11.0,"gold_loss":0.0,"damage_taken":0.0},{"damage_healed":0.0,"max_hp_gain":0.0,"max_hp_loss":0.0,"gold_gain":0.0,"event_name":"Vampires","player_choice":"Ignored","floor":19.0,"gold_loss":0.0,"damage_taken":0.0},{"damage_healed":0.0,"max_hp_gain":0.0,"max_hp_loss":0.0,"gold_gain":0.0,"event_name":"The Mausoleum","player_choice":"Opened","floor":20.0,"gold_loss":0.0,"damage_taken":0.0,"relics_obtained":["White Beast Statue"],"cards_obtained":["Writhe"]},{"damage_healed":0.0,"max_hp_gain":0.0,"max_hp_loss":0.0,"gold_gain":0.0,"event_name":"FaceTrader","player_choice":"Leave","floor":25.0,"gold_loss":0.0,"damage_taken":0.0}],"is_beta":false,"boss_relics":[{"not_picked":["Tiny House","Sozu"],"picked":"Ring of the Serpent"},{"not_picked":["SlaversCollar","Astrolabe"],"picked":"HoveringKite"}],"items_purged_floors":[28,53],"is_endless":false,"potions_floor_spawned":[1,8,13,14,18,21,22,24,27,29,31,33,35,37,38,39,40,42,44,45,46,47,48,54],"killed_by":"The Heart","ascension_level":3}}