{"host":"f2zkc2gsfwbibc34","time":1613129173,"event":{"mods":["AchievementEnabler","Act Like it!","Arknights","BaseMod","Better Note","Colored Map","Colored Powertips","Defuse TimeMaze Blight","Minty Spire (QoL Compilation)","Permanent Neow","StSLib","SuperFastMode"],"gold_per_floor":[113,113,9084,9098,9108,9108,9108],"floor_reached":6,"language":"ENG","playtime":410,"items_purged":[],"score":36,"play_id":"a4190a1d-1f5b-4fe8-8c94-fdd7d7be536f","local_time":"20210212122613","is_ascension_mode":false,"campfire_choices":[],"circlet_count":0,"master_deck":["ats:Strike C","ats:Strike G","ats:Strike S","ats:Strike V","ats:Armor Crushing Shot","ats:Defend","ats:Defend","ats:Defend","ats:Emotion Absorption","ats:Neurotoxin","ats:Neurotoxin","ats:Consecutive Shot Auto","ats:Wolf Pack","ats:Revitalization","ats:Closed Bolt Burst Fire","ats:Guard Mode"],"relics":["ats:Sanity","Prayer Wheel","ats:Snipe","Matryoshka"],"acts_visited":["Exordium"],"potions_floor_usage":[],"damage_taken":[{"damage":13,"enemies":"ats:Genji","floor":1,"turns":5},{"damage":8,"enemies":"Small Slimes","floor":4,"turns":3},{"damage":6,"enemies":"Cultist","floor":5,"turns":4},{"damage":73,"enemies":"Gremlin Nob","floor":6,"turns":6}],"seed_played":"-4566425549415999649","potions_obtained":[],"is_trial":false,"path_per_floor":["M","?","$","M","M","E"],"character_chosen":"DOCTOR_CLASS","items_purchased":["ats:Neurotoxin","Prayer Wheel","ats:Snipe","ats:Consecutive Shot Auto","ats:Wolf Pack","Matryoshka"],"campfire_rested":0,"item_purchase_floors":[3,3,3,3,3,3],"current_hp_per_floor":[59,59,59,51,48,0,0],"gold":9108,"neow_bonus":"REMOVE_CARD","is_daily":false,"chose_seed":false,"campfire_upgraded":0,"win_rate":0.0,"timestamp":1613129173,"path_taken":["M","?","$","M","M","E"],"items_purchased_type":["Card","Relic","Relic","Card","Card","Relic"],"build_version":"2020-12-22","purchased_purges":0,"victory":false,"max_hp_per_floor":[72,72,72,72,72,72,72],"card_choices":[{"not_picked":["ats:Revitalization","ats:Support Order"],"picked":"ats:Neurotoxin","floor":1},{"not_picked":["ats:Burning Ground","ats:Red Shift"],"picked":"ats:Revitalization","floor":4},{"not_picked":["ats:Automatic Cover","ats:Apocalypse","ats:Flexible Camouflage"],"picked":"SKIP","floor":4},{"not_picked":["ats:Automatic Cover","ats:Apocalypse","ats:Flexible Camouflage"],"picked":"SKIP","floor":4},{"not_picked":["ats:Phantom","ats:Powerful Strike"],"picked":"ats:Closed Bolt Burst Fire","floor":5},{"not_picked":["ats:Hammer On","ats:Cat Scratch"],"picked":"ats:Guard Mode","floor":5}],"player_experience":92044,"relics_obtained":[],"event_choices":[{"damage_healed":0,"gold_gain":0,"player_choice":"Ignored","damage_taken":0,"max_hp_gain":0,"max_hp_loss":0,"event_name":"Liars Game","floor":2,"gold_loss":0}],"is_beta":false,"boss_relics":[],"items_purged_floors":[],"is_endless":false,"potions_floor_spawned":[],"killed_by":"Gremlin Nob","ascension_level":0}}