{"host":"pwrib9jhixfykg8d","time":1613132610,"event":{"mods":["Act Like it!","Astrologer","BaseMod","Custom Start","Downfall","Gold Saver","GungeonMod","Hallownest","Hermit","Infinite Spire","Lobotomy","Luminous","Marisa£®ÏF”Í°°ƒß¿Ì…≥£©","Minty Spire (QoL Compilation)","Quick Restart","Reliquary","Replay The Spire","Shop Mod","StSLib","The Animator","The Bug Knight","The Jungle","Youmu£®ªÍ∆«—˝√Œ£©"],"gold_per_floor":[109,121,121,121,121,121,147,147,147,73,108,108,127,140,140,249,249,274,274,274,331,34,68,90,127,127,127,200,200,215,217,217,227,227],"floor_reached":33,"language":"ZHS","playtime":2131,"items_purged":["hermit:Defend_Hermit","hermit:Defend_Hermit"],"score":323,"play_id":"d93bd261-1a33-43ad-ac13-cd17c267bd7c","local_time":"20210212202330","is_ascension_mode":false,"campfire_choices":[{"data":"hermit:GoldenBullet","floor":6,"key":"SMITH"},{"data":"hermit:Determination","floor":8,"key":"SMITH"},{"data":"hermit:CursedWeapon","floor":12,"key":"SMITH"},{"data":"hermit:Strike_Hermit","floor":15,"key":"PURGE"},{"data":"hermit:DeadOrAlive","floor":27,"key":"SMITH"},{"data":"hermit:CursedWeapon","floor":32,"key":"SMITH"}],"circlet_count":0,"master_deck":["hermit:Strike_Hermit","hermit:Strike_Hermit","hermit:Defend_Hermit+1","hermit:Defend_Hermit+1","hermit:Snapshot+1","hermit:Covet","hermit:GoldenBullet+1","hermit:BlackWind+1","hermit:Determination+1","hermit:GhostlyPresence","hermit:CursedWeapon+1","hermit:DeadOrAlive+1","hermit:GhostlyPresence","hermit:Glare+1","hermit:CursedWeapon+1","hermit:CursedWeapon+1"],"relics":["hermit:Momento","Bag of Preparation","infinitespire:Midas Blood","infinitespire:Bottled Soul","Ring of Chaos","m_SnakeBloodCore","Incense Burner","hermit:BartenderGlass","Boot","Nunchaku","infinitespire:Broken Mirror","reliquary:PartyBalloon","DemoMod:GlassGuonStoneRelic","Blue Candle"],"acts_visited":["Exordium","TheCity"],"potions_floor_usage":[7,11,28,28,33,33,33],"damage_taken":[{"damage":1,"enemies":"Cultist","floor":1,"turns":3},{"damage":0,"enemies":"Small Slimes","floor":2,"turns":3},{"damage":0,"enemies":"Gremlin Nob","floor":7,"turns":3},{"damage":6,"enemies":"Lagavulin","floor":11,"turns":7},{"damage":2,"enemies":"2 Louse","floor":13,"turns":5},{"damage":2,"enemies":"2 Fungi Beasts","floor":14,"turns":2},{"damage":8,"enemies":"The Guardian","floor":16,"turns":8},{"damage":15,"enemies":"Shell Parasite","floor":18,"turns":3},{"damage":4,"enemies":"Snake Plant","floor":23,"turns":2},{"damage":6,"enemies":"Centurion and Healer","floor":24,"turns":3},{"damage":14,"enemies":"Shelled Parasite and Fungi","floor":25,"turns":3},{"damage":4,"enemies":"Replay:Snechameleon","floor":28,"turns":1},{"damage":4,"enemies":"3 Cultists","floor":30,"turns":2},{"damage":20,"enemies":"Champ","floor":33,"turns":4}],"seed_played":"-4812165713599316314","potions_obtained":[{"floor":2,"key":"FearPotion"},{"floor":7,"key":"FearPotion"},{"floor":14,"key":"champ:CounterPotion"},{"floor":21,"key":"Reflective Coating"},{"floor":25,"key":"hermit:Tonic"},{"floor":28,"key":"DuplicationPotion"}],"is_trial":false,"path_per_floor":["M","M","?","?","?","R","E","R","T","$","E","R","M","M","R","B",null,"M","?","AVR","?","$","M","M","M","T","R","E","?","M","?","R","B"],"character_chosen":"HERMIT","items_purchased":["hermit:GhostlyPresence","hermit:CursedWeapon","Nunchaku"],"campfire_rested":0,"item_purchase_floors":[10,22,22],"current_hp_per_floor":[74,74,59,52,52,52,52,52,52,52,46,46,44,42,42,34,75,60,60,60,42,42,41,38,27,27,27,26,26,25,20,20,0,0],"gold":227,"neow_bonus":"UPGRADE_CARD","is_daily":false,"chose_seed":false,"campfire_upgraded":5,"win_rate":0.0,"timestamp":1613132610,"path_taken":["M","?","?","?","?","R","E","R","T","?","E","R","?","M","R","BOSS","M","?","AVR","?","$","M","M","M","T","R","E","?","?","?","R","BOSS"],"items_purchased_type":["Card","Card","Relic"],"build_version":"2020-12-22","purchased_purges":2,"victory":false,"max_hp_per_floor":[75,75,75,75,75,75,75,75,75,75,75,75,75,75,75,75,75,75,75,75,75,75,75,75,75,75,75,75,75,75,75,75,75,75],"card_choices":[{"not_picked":["hermit:Dive","hermit:FullyLoaded"],"picked":"hermit:BigShot","floor":1},{"not_picked":["hermit:Snipe","hermit:Dive"],"picked":"hermit:GoldenBullet","floor":2},{"not_picked":["hermit:Misfire","hermit:LoneWolf"],"picked":"hermit:Determination","floor":7},{"not_picked":["hermit:RoundhouseKick","hermit:Roulette"],"picked":"hermit:CursedWeapon","floor":11},{"not_picked":["hermit:BodyArmor","hermit:Coalescence","hermit:Feint"],"picked":"SKIP","floor":13},{"not_picked":["hermit:HighCaliber","hermit:Misfire","hermit:Feint"],"picked":"SKIP","floor":14},{"not_picked":["hermit:Adapt","hermit:RoundhouseKick"],"picked":"hermit:DeadOrAlive","floor":16},{"not_picked":["hermit:Desperado","hermit:Virtue"],"picked":"hermit:GhostlyPresence","floor":18},{"not_picked":["hermit:TrackingShot+1","hermit:HighCaliber"],"picked":"hermit:Glare+1","floor":21},{"not_picked":["hermit:Gestalt","hermit:HoleUp","Dagger Throw"],"picked":"SKIP","floor":23},{"not_picked":["Dual Wield","hermit:GoldenBullet+1","hermit:Brawl"],"picked":"SKIP","floor":24},{"not_picked":["hermit:BodyArmor","hermit:Quickdraw","hermit:HoleUp+1"],"picked":"SKIP","floor":25},{"not_picked":["ReplayTheSpireMod:GoodbyeWorld","hermit:Headshot+1","hermit:WideOpen"],"picked":"SKIP","floor":28},{"not_picked":["hermit:TakeCover+1","hermit:TakeAim","hermit:TrackingShot"],"picked":"SKIP","floor":30}],"player_experience":343888,"relics_obtained":[{"floor":7,"key":"Bag of Preparation"},{"floor":9,"key":"infinitespire:Midas Blood"},{"floor":11,"key":"infinitespire:Bottled Soul"},{"floor":21,"key":"Boot"},{"floor":26,"key":"infinitespire:Broken Mirror"},{"floor":28,"key":"reliquary:PartyBalloon"}],"event_choices":[{"damage_healed":0,"gold_gain":0,"player_choice":"Entered Light","damage_taken":15,"max_hp_gain":0,"max_hp_loss":0,"event_name":"Shining Light","floor":3,"gold_loss":0,"cards_upgraded":["hermit:Defend_Hermit","hermit:Defend_Hermit"]},{"cards_removed":["hermit:Strike_Hermit"],"damage_healed":0,"gold_gain":0,"player_choice":"Card Removal","damage_taken":7,"max_hp_gain":0,"max_hp_loss":0,"event_name":"Golden Wing","floor":4,"gold_loss":0},{"damage_healed":0,"gold_gain":0,"player_choice":"Copied","damage_taken":0,"max_hp_gain":0,"max_hp_loss":0,"event_name":"Duplicator","floor":29,"gold_loss":0,"cards_obtained":["hermit:CursedWeapon"]}],"is_beta":false,"boss_relics":[{"not_picked":["Replay:Drink Me","ReplayTheSpireMod:DimensionalGlitch"],"picked":"Ring of Chaos"}],"items_purged_floors":[20,22],"is_endless":false,"potions_floor_spawned":[2,7,14,25,28,30],"killed_by":"Champ","ascension_level":0}}