{"host":"dpbezu80jg8zk7un","time":1613165387,"event":{"mods":["BaseMod","Colored Map","Colored Powertips","Custom Start","DeckTracker","Minty Spire (QoL Compilation)","Quick Restart","StSLib","SuperFastMode"],"gold_per_floor":[10,10,10,27,39,39,39,39,39,54,54,54,82,95,95,167,167,179,4,4,16,16,49,49,60,112,138,138,164,176,188,200,291,303,327,355,267,285,160,193,208,208,208],"floor_reached":42,"language":"KOR","playtime":1915,"items_purged":["Pain","Defend_P","Strike_P"],"score":1068,"play_id":"b971101c-1472-4b08-9f67-86da82259d95","local_time":"20210213062947","is_ascension_mode":true,"campfire_choices":[{"data":"Eruption","floor":6.0,"key":"SMITH"},{"data":"EmptyMind","floor":8.0,"key":"SMITH"},{"data":"MentalFortress","floor":15.0,"key":"SMITH"},{"floor":24.0,"key":"REST"},{"floor":28,"key":"REST"},{"data":"Scrawl","floor":32,"key":"SMITH"}],"circlet_count":0,"master_deck":["AscendersBane","Strike_P","Strike_P","Defend_P","Eruption+1","Vigilance","EmptyMind+1","TalkToTheHand","MentalFortress+1","CrushJoints","Meditate","Scrawl+1","InnerPeace","Tantrum","Halt","Scrawl"],"relics":["PureWater","CaptainsWheel","WarpedTongs","Question Card","CultistMask","White Beast Statue","SacredBark","Orichalcum","CeramicFish","MawBank","Empty Cage"],"acts_visited":["Exordium","TheCity","TheBeyond"],"potions_floor_usage":[27,29,38,40,42],"damage_taken":[{"damage":4.0,"enemies":"Jaw Worm","floor":1.0,"turns":5.0},{"damage":8.0,"enemies":"2 Louse","floor":4.0,"turns":2.0},{"damage":3.0,"enemies":"Cultist","floor":5.0,"turns":2.0},{"damage":6.0,"enemies":"Large Slime","floor":10.0,"turns":4.0},{"damage":5.0,"enemies":"Gremlin Nob","floor":13.0,"turns":4.0},{"damage":10.0,"enemies":"Exordium Thugs","floor":14.0,"turns":5.0},{"damage":37.0,"enemies":"The Guardian","floor":16.0,"turns":11.0},{"damage":8.0,"enemies":"Chosen","floor":18.0,"turns":5.0},{"damage":3.0,"enemies":"Shell Parasite","floor":21.0,"turns":4.0},{"damage":30.0,"enemies":"Gremlin Leader","floor":23.0,"turns":7.0},{"damage":0.0,"enemies":"3 Cultists","floor":25.0,"turns":5.0},{"damage":4,"enemies":"Book of Stabbing","floor":27,"turns":5},{"damage":8,"enemies":"Gremlin Leader","floor":29,"turns":6},{"damage":29,"enemies":"Collector","floor":33,"turns":12},{"damage":0,"enemies":"Orb Walker","floor":35,"turns":3},{"damage":10,"enemies":"3 Shapes","floor":36,"turns":5},{"damage":0,"enemies":"Transient","floor":38,"turns":6},{"damage":0,"enemies":"Giant Head","floor":40,"turns":7},{"damage":8,"enemies":"Maw","floor":41,"turns":7},{"damage":92,"enemies":"Reptomancer","floor":42,"turns":8}],"seed_played":"430778300348088946","potions_obtained":[{"floor":1.0,"key":"SpeedPotion"},{"floor":10.0,"key":"Regen Potion"},{"floor":14.0,"key":"BlessingOfTheForge"},{"floor":18.0,"key":"Weak Potion"},{"floor":21.0,"key":"FairyPotion"},{"floor":23.0,"key":"FearPotion"},{"floor":25.0,"key":"EssenceOfSteel"},{"floor":27,"key":"Explosive Potion"},{"floor":29,"key":"Energy Potion"},{"floor":38,"key":"ColorlessPotion"},{"floor":40,"key":"SpeedPotion"},{"floor":41,"key":"Block Potion"}],"is_trial":false,"path_per_floor":["M","?","?","M","M","R","$","R","T","M","?","$","E","M","R","B",null,"M","$","?","M","?","E","R","M","T","E","R","E","?","$","R","B",null,"M","M","$","M","$","E","M","E"],"character_chosen":"WATCHER","items_purchased":["Tantrum","Halt"],"campfire_rested":2,"item_purchase_floors":[19,19],"current_hp_per_floor":[57,57,57,49,46,46,46,46,46,40,40,40,35,39,39,2,52,44,44,44,41,41,11,31,31,31,27,47,39,39,39,39,10,54,54,44,44,44,44,44,36,0,0],"gold":208,"neow_bonus":"ONE_RARE_RELIC","is_daily":false,"chose_seed":false,"campfire_upgraded":4,"win_rate":0.0,"timestamp":1613165387,"path_taken":["M","?","?","M","M","R","$","R","T","?","?","?","E","?","R","BOSS","M","$","?","M","?","E","R","?","T","E","R","E","?","?","R","BOSS","M","M","$","M","?","E","M","E"],"items_purchased_type":["Card","Card"],"build_version":"2020-12-22","purchased_purges":3,"victory":false,"max_hp_per_floor":[68,68,68,68,68,68,68,68,68,68,68,68,68,68,68,68,68,68,68,68,68,68,68,68,68,68,68,68,68,68,68,68,68,68,68,68,68,68,68,68,68,68,68],"card_choices":[{"not_picked":["WaveOfTheHand","ClearTheMind"],"picked":"EmptyMind","floor":1.0},{"not_picked":["CutThroughFate","Evaluate"],"picked":"MentalFortress","floor":4.0},{"not_picked":["CutThroughFate","Evaluate"],"picked":"CrushJoints","floor":5.0},{"not_picked":["CrushJoints","Swivel","PathToVictory","ClearTheMind"],"picked":"SKIP","floor":10.0},{"not_picked":["Wallop","CarveReality","CrushJoints"],"picked":"Meditate","floor":13.0},{"not_picked":["CutThroughFate","Halt","Evaluate","Vengeance"],"picked":"SKIP","floor":14.0},{"not_picked":["Alpha","DevaForm","Ragnarok"],"picked":"Scrawl","floor":16.0},{"not_picked":["Vengeance","FlyingSleeves","FollowUp"],"picked":"InnerPeace","floor":18.0},{"not_picked":["EmptyFist","CrushJoints","Protect","Pray"],"picked":"SKIP","floor":21.0},{"not_picked":["CrushJoints","Conclude","Pray","Wallop"],"picked":"SKIP","floor":23.0},{"not_picked":["WaveOfTheHand","ReachHeaven","Wireheading","PathToVictory"],"picked":"SKIP","floor":25.0},{"not_picked":["Blasphemy","Indignation","Crescendo","Prostrate"],"picked":"SKIP","floor":27},{"not_picked":["InnerPeace","SandsOfTime","EmptyFist+1","BowlingBash"],"picked":"SKIP","floor":29},{"not_picked":["ClearTheMind","Worship","Protect","Nirvana"],"picked":"SKIP","floor":35},{"not_picked":["Perseverance","Evaluate","CrushJoints","FlyingSleeves"],"picked":"SKIP","floor":36},{"not_picked":["EmptyFist+1","ThirdEye","InnerPeace","TalkToTheHand"],"picked":"SKIP","floor":38},{"not_picked":["Evaluate","Ragnarok","EmptyMind+1","Protect"],"picked":"SKIP","floor":40},{"not_picked":["FlyingSleeves","CrushJoints","EmptyBody","CutThroughFate"],"picked":"SKIP","floor":41}],"player_experience":2959603,"relics_obtained":[{"floor":9.0,"key":"Question Card"},{"floor":13.0,"key":"White Beast Statue"},{"floor":23.0,"key":"Orichalcum"},{"floor":27,"key":"CeramicFish"},{"floor":29,"key":"MawBank"}],"event_choices":[{"damage_healed":0.0,"max_hp_gain":0.0,"max_hp_loss":0.0,"gold_gain":0.0,"cards_transformed":["Defend_P"],"event_name":"Living Wall","player_choice":"Change","floor":2.0,"gold_loss":0.0,"damage_taken":0.0,"cards_obtained":["TalkToTheHand"]},{"damage_healed":0.0,"max_hp_gain":0.0,"max_hp_loss":0.0,"gold_gain":0.0,"event_name":"Accursed Blacksmith","player_choice":"Rummage","floor":3.0,"gold_loss":0.0,"damage_taken":0.0,"relics_obtained":["WarpedTongs"],"cards_obtained":["Pain"]},{"damage_healed":0.0,"max_hp_gain":0.0,"max_hp_loss":0.0,"gold_gain":0.0,"event_name":"FaceTrader","player_choice":"Trade","floor":11.0,"gold_loss":0.0,"damage_taken":0.0,"relics_obtained":["CultistMask"]},{"damage_healed":0.0,"max_hp_gain":0.0,"max_hp_loss":0.0,"gold_gain":0.0,"event_name":"Cursed Tome","player_choice":"Ignored","floor":20.0,"gold_loss":0.0,"damage_taken":0.0},{"damage_healed":0.0,"max_hp_gain":0.0,"max_hp_loss":0.0,"gold_gain":0.0,"event_name":"Duplicator","player_choice":"Copied","floor":22.0,"gold_loss":0.0,"damage_taken":0.0,"cards_obtained":["Scrawl"]},{"damage_healed":0,"gold_gain":0,"player_choice":"Ignored","damage_taken":0,"max_hp_gain":0,"max_hp_loss":0,"event_name":"Vampires","floor":30,"gold_loss":0}],"is_beta":false,"boss_relics":[{"not_picked":["Runic Dome","Ectoplasm"],"picked":"SacredBark"},{"not_picked":["Snecko Eye","Velvet Choker"],"picked":"Empty Cage"}],"items_purged_floors":[19,37,39],"is_endless":false,"potions_floor_spawned":[1,10,14,16,18,21,23,25,27,29,33,35,36,38,40,41],"killed_by":"Reptomancer","ascension_level":20}}