{"host":"no0bdlpxzp7bzzks","time":1613089340,"event":{"mods":["BaseMod","Better Match","Block Reminder","Colored Map","Curses Come First","DeckTracker","Filter the Spire","Highlight Path","Key Reminder","Minty Spire (QoL Compilation)","Permanent Neow","Relic Sorter","Relic Stats","StSLib","The Saiyan"],"gold_per_floor":[97,372,389,405,422,454,454,454,454],"floor_reached":8,"language":"ENG","playtime":668,"items_purged":[],"score":67,"play_id":"1b3825b6-ac61-46fb-b1fc-45bac8e740eb","local_time":"20210211182220","is_ascension_mode":true,"campfire_choices":[{"data":"Saiyan:Honing","floor":7.0,"key":"SMITH"}],"circlet_count":0,"master_deck":["Saiyan:SAIYA_Strike","Saiyan:SAIYA_Strike","Saiyan:SAIYA_Strike","Saiyan:SAIYA_Defend","Saiyan:SAIYA_Defend","Saiyan:SAIYA_Defend","Saiyan:EnergyBlast","Saiyan:KaioKen","Saiyan:RuthlessBlow","Regret","Saiyan:KameHameHa","Saiyan:KiExplosion","Saiyan:DragonFist","Saiyan:Honing+1"],"relics":["SaiyanSoul","SaiyanHeart","HornCleat"],"acts_visited":["Exordium"],"potions_floor_usage":[],"damage_taken":[{"damage":0.0,"enemies":"2 Louse","floor":1.0,"turns":2.0},{"damage":3.0,"enemies":"Cultist","floor":3.0,"turns":3.0},{"damage":4.0,"enemies":"Jaw Worm","floor":4.0,"turns":3.0},{"damage":23.0,"enemies":"Large Slime","floor":5.0,"turns":5.0},{"damage":6.0,"enemies":"3 Sentries","floor":6.0,"turns":5.0},{"damage":26,"enemies":"Lagavulin","floor":8,"turns":5}],"seed_played":"-7321106934880085016","potions_obtained":[{"floor":4.0,"key":"AttackPotion"},{"floor":6.0,"key":"Ancient Potion"}],"is_trial":false,"path_per_floor":["M","?","M","M","M","E","R","E"],"character_chosen":"SAIYAJIN","items_purchased":[],"campfire_rested":0,"item_purchase_floors":[],"current_hp_per_floor":[56,56,54,51,29,24,24,0,0],"gold":454,"neow_bonus":"REMOVE_TWO","is_daily":false,"chose_seed":false,"campfire_upgraded":1,"win_rate":0.0,"timestamp":1613089340,"path_taken":["M","?","?","M","M","E","R","E"],"items_purchased_type":[],"build_version":"2020-12-22","purchased_purges":0,"victory":false,"max_hp_per_floor":[56,56,57,58,59,60,60,61,61],"relic_stats":{"counters":[6,23],"obtain_stats":[{"HornCleat":6,"SaiyanSoul":0,"SaiyanHeart":0},{"HornCleat":5,"SaiyanSoul":0,"SaiyanHeart":0},{"HornCleat":18,"SaiyanSoul":0,"SaiyanHeart":0}]},"card_choices":[{"not_picked":["Saiyan:BigBangAttack","Saiyan:LastResort","Saiyan:PlotArmor"],"picked":"SKIP","floor":1.0},{"not_picked":["Saiyan:BackAttack","Saiyan:PlotArmor"],"picked":"Saiyan:KameHameHa","floor":3.0},{"not_picked":["Saiyan:Kienzan","Saiyan:Teleport"],"picked":"Saiyan:KiExplosion","floor":4.0},{"not_picked":["Saiyan:Planning","Saiyan:BigBangAttack"],"picked":"Saiyan:DragonFist","floor":5.0},{"not_picked":["Saiyan:FingerParry","Saiyan:Endure"],"picked":"Saiyan:Honing","floor":6.0}],"player_experience":194883,"relics_obtained":[{"floor":6.0,"key":"HornCleat"}],"event_choices":[{"damage_healed":0.0,"max_hp_gain":0.0,"max_hp_loss":0.0,"gold_gain":275.0,"event_name":"Golden Shrine","player_choice":"Desecrate","floor":2.0,"gold_loss":0.0,"damage_taken":0.0,"cards_obtained":["Regret"]}],"is_beta":false,"boss_relics":[],"items_purged_floors":[],"is_endless":false,"potions_floor_spawned":[4,6],"killed_by":"Lagavulin","ascension_level":3}}