{"host":"d3bsw5ou8fswq5qc","time":1613158173,"event":{"mods":["Aspiration","BaseMod","Colored Map","Conspire","Downfall","Duelist Mod","GifTheSpireLib","Googly Eyes","Minty Spire (QoL Compilation)","Replay The Spire","StSLib","Stuff the Spire","The Jungle"],"gold_per_floor":[118,118,118,128,128,158,158,169,223,254,269,304,304,113,113,213,213,224,73,56,68,86,86,100,100,175,175,194,194,194,194],"floor_reached":30,"language":"FRA","playtime":2974,"items_purged":["Defend_B","Strike_B"],"score":275,"play_id":"bbbbcfe0-070f-40e0-8f6f-baad159b29f4","local_time":"20210212202932","is_ascension_mode":false,"campfire_choices":[{"data":"Genetic Algorithm","floor":7,"key":"SMITH"},{"floor":15,"key":"REST"}],"circlet_count":0,"master_deck":["Strike_B+1","Strike_B+1","Strike_B+1","Defend_B+1","Defend_B+1","Defend_B+1","Zap+1","Dualcast","Beam Cell","Genetic Algorithm+1","Streamline","BasicCrystalCard+1","Seek","Loop","Glacier","Self Repair","Cold Snap+1","Creative AI","FTL+1","Gash","Gash","FTL+1","Doom and Gloom","Conserve Battery"],"relics":["Cracked Core","NeowsBlessing","aspiration:HatOfInfinitePower","Art of War","StuffTheSpire:Mouthbags","Replay:Mystery Machine","StuffTheSpire:ModemDavis","Golden Egg"],"acts_visited":["Exordium","TheCity"],"potions_floor_usage":[10,11,21,28,28],"damage_taken":[{"damage":0,"enemies":"Jaw Worm","floor":1,"turns":1},{"damage":0,"enemies":"2 Louse","floor":4,"turns":1},{"damage":0,"enemies":"3 Sentries","floor":6,"turns":1},{"damage":1,"enemies":"conspire:RoseBush","floor":8,"turns":2},{"damage":14,"enemies":"Lagavulin","floor":10,"turns":5},{"damage":21,"enemies":"Gremlin Gang","floor":11,"turns":5},{"damage":27,"enemies":"Gremlin Nob","floor":12,"turns":4},{"damage":21,"enemies":"The Guardian","floor":16,"turns":13},{"damage":14,"enemies":"Shell Parasite","floor":18,"turns":7},{"damage":13,"enemies":"2 Thieves","floor":20,"turns":4},{"damage":34,"enemies":"3 Cultists","floor":21,"turns":8},{"damage":19,"enemies":"Snake Plant","floor":22,"turns":5},{"damage":19,"enemies":"Shelled Parasite and Fungi","floor":24,"turns":5},{"damage":9,"enemies":"Centurion and Healer","floor":28,"turns":6},{"damage":16,"enemies":"Gremlin Leader","floor":30,"turns":2}],"seed_played":"-375325396009963970","potions_obtained":[{"floor":1,"key":"Regen Potion"},{"floor":4,"key":"BlessingOfTheForge"},{"floor":12,"key":"Dexterity Potion"},{"floor":16,"key":"DuplicationPotion"},{"floor":20,"key":"DuplicationPotion"},{"floor":22,"key":"SpeedPotion"}],"is_trial":false,"path_per_floor":["M","?","?","M","?","E","R","M","T","E","M","E","?","$","R","B",null,"M","$","M","M","M","R","M","?","T","?","M","?","E"],"character_chosen":"DEFECT","items_purchased":["Self Repair","Cold Snap+1","Gash"],"campfire_rested":1,"item_purchase_floors":[14,14,19],"current_hp_per_floor":[75,60,60,60,60,60,60,59,59,45,38,11,11,11,33,12,75,75,75,69,42,30,30,18,18,18,18,16,16,0,0],"gold":194,"neow_bonus":"THREE_ENEMY_KILL","is_daily":false,"chose_seed":false,"campfire_upgraded":1,"win_rate":0.0,"timestamp":1613158172,"path_taken":["M","?","?","?","?","E","R","M","T","E","M","E","?","$","R","BOSS","M","$","M","M","?","R","M","?","T","?","M","?","E"],"items_purchased_type":["Card","Card","Card"],"build_version":"2020-12-22","purchased_purges":2,"victory":false,"max_hp_per_floor":[75,75,75,75,75,75,75,75,75,75,75,75,75,75,75,75,75,75,75,75,75,75,75,75,75,75,75,75,75,75,75],"card_choices":[{"not_picked":["Tempest","ReplayTheSpireMod:GoodbyeWorld"],"picked":"BasicCrystalCard","floor":1},{"not_picked":["Lockon","StuffTheSpire:CleanHardDrive"],"picked":"Beam Cell","floor":4},{"not_picked":["Go for the Eyes","StuffTheSpire:Rend"],"picked":"Genetic Algorithm","floor":6},{"not_picked":["Redo","aspiration:Polymerization"],"picked":"Streamline","floor":8},{"not_picked":["Rebound","conspire:SharedLibrary"],"picked":"Seek","floor":10},{"not_picked":["Coolheaded","Stack"],"picked":"Loop","floor":11},{"not_picked":["Barrage","Streamline"],"picked":"Glacier","floor":12},{"not_picked":["ReplayTheSpireMod:Fabricate Wheel","Electrodynamics"],"picked":"Creative AI","floor":16},{"not_picked":["Loop","conspire:SharedLibrary"],"picked":"FTL+1","floor":18},{"not_picked":["ReplaySolidLightProjector","Streamline+1"],"picked":"Gash","floor":20},{"not_picked":["Compile Driver","Leap"],"picked":"FTL+1","floor":21},{"not_picked":["Ball Lightning","Double Energy"],"picked":"Doom and Gloom","floor":22},{"not_picked":["Chaos+1","BasicCrystalCard+1","Compile Driver"],"picked":"SKIP","floor":24},{"not_picked":["Barrage","StuffTheSpire:Rend"],"picked":"Conserve Battery","floor":28}],"player_experience":259150,"relics_obtained":[{"floor":6,"key":"aspiration:HatOfInfinitePower"},{"floor":9,"key":"Art of War"},{"floor":10,"key":"StuffTheSpire:Mouthbags"},{"floor":12,"key":"Replay:Mystery Machine"},{"floor":26,"key":"Golden Egg"}],"event_choices":[{"damage_healed":0,"gold_gain":0,"player_choice":"Entered Light","damage_taken":15,"max_hp_gain":0,"max_hp_loss":0,"event_name":"Shining Light","floor":2,"gold_loss":0,"cards_upgraded":["Strike_B","BasicCrystalCard"]},{"damage_healed":0,"gold_gain":0,"player_choice":"Ignored","damage_taken":0,"max_hp_gain":0,"max_hp_loss":0,"event_name":"NoteForYourself","floor":3,"gold_loss":0},{"damage_healed":0,"gold_gain":0,"player_choice":"Ignored","damage_taken":0,"max_hp_gain":0,"max_hp_loss":0,"event_name":"Golden Wing","floor":5,"gold_loss":0},{"damage_healed":0,"gold_gain":0,"player_choice":"Forge","damage_taken":0,"max_hp_gain":0,"max_hp_loss":0,"event_name":"Accursed Blacksmith","floor":13,"gold_loss":0,"cards_upgraded":["Zap"]},{"damage_healed":0,"gold_gain":0,"player_choice":"Leave","damage_taken":0,"max_hp_gain":0,"max_hp_loss":0,"event_name":"conspire:Investor","floor":25,"gold_loss":0},{"damage_healed":0,"gold_gain":0,"player_choice":"Ignored","damage_taken":0,"max_hp_gain":0,"max_hp_loss":0,"event_name":"Beggar","floor":27,"gold_loss":0},{"damage_healed":0,"gold_gain":0,"player_choice":"Simplicity","damage_taken":0,"max_hp_gain":0,"max_hp_loss":0,"event_name":"Back to Basics","floor":29,"gold_loss":0,"cards_upgraded":["Strike_B","Strike_B","Defend_B","Defend_B","Defend_B"]}],"is_beta":false,"boss_relics":[{"not_picked":["Cursed Key","StuffTheSpire:RunicHypercube"],"picked":"StuffTheSpire:ModemDavis"}],"items_purged_floors":[14,19],"is_endless":false,"potions_floor_spawned":[1,4,12,16,20,22],"killed_by":"Gremlin Leader","ascension_level":0}}