{"host":"sboty77psj7t2cnn","time":1613172361,"event":{"mods":["Aspiration","BaseMod","Beaked The Cultist","Better Match","Better Vampires","ChefMod","Colored Map","Conspire","Dio Mod","Downfall","Hermit","Hubris","Infinite Spire","Jorbs\u0027s Wanderer Trilogy","Minty Spire (QoL Compilation)","StSLib","The Witch"],"gold_per_floor":[99,119,133,147,147,162,189,202,221,251,261,271,291,322,334,429,429,429,443,443,456,441,441,441],"floor_reached":22,"language":"SPA","playtime":1413,"items_purged":[],"score":229,"play_id":"bff7a618-4b20-4886-81cb-997bf1313b47","local_time":"20210212172601","is_ascension_mode":false,"campfire_choices":[{"data":"hexamod:VolcanoVisage","floor":1,"key":"SMITH"},{"data":"hexamod:HeatShield","floor":18,"key":"SMITH"}],"circlet_count":0,"master_deck":["hexamod:Sear","hexamod:Float","hexamod:AdvancingGuard","hexamod:HauntingEcho","hexamod:ThermalTransfer","hexamod:VolcanoVisage+1","hexamod:ChargedBarrage","hexamod:ForkedFlame","hexamod:StepThrough","hexamod:GhostShield","hexamod:GhostShield","hexamod:ApocalypseNow","hexamod:HeatShield+1","hexamod:FlamesFromBeyond","hexamod:RainOfEmbers","hexamod:GhostShield","hexamod:RetreatToShadows+1","Ghostly","Ghostly","Ghostly","hexamod:CouncilsJustice","hexamod:CouncilsJustice","hexamod:CouncilsJustice","hexamod:GhostShield"],"relics":["Pandora\u0027s Box","Orichalcum","Lantern","infinitespire:Beetle Shell","aspiration:SecretTechniqueScroll"],"acts_visited":["Exordium","TheCity"],"potions_floor_usage":[6,10,13,21],"damage_taken":[{"damage":2,"enemies":"Cultist","floor":2,"turns":3},{"damage":0,"enemies":"2 Louse","floor":3,"turns":3},{"damage":0,"enemies":"Small Slimes","floor":4,"turns":3},{"damage":13,"enemies":"3 Louse","floor":6,"turns":4},{"damage":1,"enemies":"Exordium Wildlife","floor":8,"turns":4},{"damage":0,"enemies":"Blue Slaver","floor":9,"turns":3},{"damage":5,"enemies":"3 Sentries","floor":10,"turns":5},{"damage":1,"enemies":"2 Fungi Beasts","floor":11,"turns":3},{"damage":8,"enemies":"Large Slime","floor":12,"turns":6},{"damage":0,"enemies":"Gremlin Gang","floor":13,"turns":2},{"damage":10,"enemies":"Gremlin Nob","floor":14,"turns":4},{"damage":0,"enemies":"2 Fungi Beasts","floor":15,"turns":2},{"damage":3,"enemies":"SI_SHIV_ARCHETYPE","floor":16,"turns":10},{"damage":0,"enemies":"3 Byrds","floor":19,"turns":4},{"damage":7,"enemies":"Centurion and Healer","floor":21,"turns":5},{"damage":3,"enemies":"downfall:FleeingMerchant","floor":22,"turns":4}],"seed_played":"-3792537393307429619","potions_obtained":[{"floor":2,"key":"Regen Potion"},{"floor":3,"key":"ColorlessPotion"},{"floor":8,"key":"SkillPotion"},{"floor":11,"key":"Explosive Potion"},{"floor":12,"key":"FairyPotion"},{"floor":15,"key":"sneckomod:MuddlingPotion"}],"is_trial":false,"path_per_floor":["R","M","M","M","?","M","T","M","M","E","M","M","M","E","M","B",null,"R","M","?","M","$"],"character_chosen":"THE_SPIRIT","items_purchased":[],"campfire_rested":0,"item_purchase_floors":[],"current_hp_per_floor":[70,68,68,68,68,67,67,66,66,61,60,52,52,42,42,39,70,70,70,35,28,25,25,25],"gold":441,"neow_bonus":"BOSS_RELIC","is_daily":false,"chose_seed":false,"campfire_upgraded":2,"win_rate":0.0,"timestamp":1613172361,"path_taken":["R","M","M","?","?","M","T","M","M","E","M","M","?","E","M","BOSS","R","M","?","M","$"],"items_purchased_type":[],"build_version":"2020-12-22","purchased_purges":0,"victory":false,"max_hp_per_floor":[70,70,70,70,70,70,70,70,70,70,70,70,70,70,70,70,70,70,70,35,35,35,35,35],"card_choices":[{"not_picked":["hexamod:Haunt","hexamod:SpectersWail"],"picked":"hexamod:GhostShield","floor":2},{"not_picked":["hexamod:SpectersWail","hexamod:StepThrough"],"picked":"hexamod:GhostShield","floor":3},{"not_picked":["hexamod:BacktrackSmack","hexamod:TurnItUp","hexamod:SuperheatedStrike"],"picked":"SKIP","floor":4},{"not_picked":["hexamod:PowerFromBeyond","hexamod:InspiringFlames"],"picked":"hexamod:HeatShield","floor":6},{"not_picked":["hexamod:FastForward","hexamod:Hexaguard"],"picked":"hexamod:FlamesFromBeyond","floor":8},{"not_picked":["hexamod:ThermalTransfer","hexamod:GhostShield"],"picked":"hexamod:RainOfEmbers","floor":9},{"not_picked":["hexamod:EmpoweredFlame","hexamod:HauntingEcho","hexamod:Rewind"],"picked":"SKIP","floor":10},{"not_picked":["hexamod:SpectersWail","hexamod:ExtraCrispy","hexamod:HeatMetal"],"picked":"SKIP","floor":11},{"not_picked":["hexamod:SwordOfDarkness","hexamod:StepThrough","hexamod:InspiringFlames"],"picked":"SKIP","floor":12},{"not_picked":["hexamod:RainOfEmbers","hexamod:HeatMetal","hexamod:Rewind"],"picked":"SKIP","floor":13},{"not_picked":["hexamod:NightmareGuise","hexamod:SecondSeal"],"picked":"hexamod:GhostShield","floor":14},{"not_picked":["hexamod:SkipABeat","hexamod:HauntingEcho","hexamod:NightmareGuise"],"picked":"SKIP","floor":15},{"not_picked":["hexamod:HauntingEcho","hexamod:InspiringFlames"],"picked":"hexamod:RetreatToShadows+1","floor":19},{"not_picked":["hexamod:GhostLash","hexamod:SwordOfDarkness+1"],"picked":"hexamod:GhostShield","floor":21},{"not_picked":["hexamod:FastForward","hexamod:ShieldOfDarkness","hexamod:PowerFromBeyond"],"picked":"SKIP","floor":22}],"player_experience":418018,"relics_obtained":[{"floor":7,"key":"Orichalcum"},{"floor":10,"key":"Lantern"},{"floor":14,"key":"infinitespire:Beetle Shell"}],"event_choices":[],"is_beta":false,"boss_relics":[{"not_picked":["hubris:BlackHole","SacredBark"],"picked":"aspiration:SecretTechniqueScroll"}],"items_purged_floors":[],"is_endless":false,"potions_floor_spawned":[2,3,8,11,12,15,16,19],"ascension_level":0}}