{"host":"w4ub8crw9ou4a5am","time":1613151612,"event":{"mods":["2.2 Compatiblity","BaseMod","Challenge The Spire","Colored Powertips","Duelist Mod","Hermit","HololiveMod","Jorbs\u0027s Wanderer Trilogy","KinomotoSakuraMod(????)","Koishi","Marisa????????","Minty Spire (QoL Compilation)","Quick Restart","Rare Cards Sparkle","Reimu??????","Remilia??????","StSLib","The Animator","The Bug Knight","The Cursed","The Disciple","The Hierophant","The Jungle","The Marked","The Necromancer","The Senshi","The Servant 0.9.4","WarShipGirlsR/????R mod"],"gold_per_floor":[81,96,111,111,41,71,71,86,161,11,11,26,41,56,56,156,156,171,186,201,51,66,81,96,126,126,156,156,134,134,134,134,234,234,249,29,0,15,34,66,84,84,84,102,138,138,138,168,168,180,180],"floor_reached":50,"language":"ENG","playtime":6625,"items_purged":[],"score":776,"play_id":"033d797a-5915-4a5f-bfce-a97e48e6e029","local_time":"20210212124012","daily_mods":["Chimera","Blue Cards","DeadlyEvents"],"is_ascension_mode":false,"campfire_choices":[{"data":"Hololive_CallShiroganeNoel","floor":7,"key":"SMITH"},{"data":"Hololive_FlyingPonyTail","floor":11,"key":"SMITH"},{"data":"Hololive_StarCraft","floor":15,"key":"SMITH"},{"data":"Hololive_DurableLive","floor":28,"key":"SMITH"},{"data":"Hololive_Recruit","floor":30,"key":"SMITH"},{"data":"Hololive_CallMomosuzuNene+2","floor":32,"key":"SMITH"},{"floor":47,"key":"REST"},{"data":"Hololive_IdolExercise","floor":49,"key":"SMITH"}],"circlet_count":0,"master_deck":["Bash","Survivor","Zap","Eruption","Strike_R","Strike_G","Strike_B+1","Defend_R","Defend_G","Defend_P","Hololive_Breathe","Hololive_CallShiroganeNoel+1","Hololive_CallTokoyamiTowa","Hololive_CallRoboco","Hololive_ManjiGathering","Hololive_FlyingPonyTail+1","Hololive_CocoNews","Hololive_StarCraft+1","Hololive_CallYuzukiChoco","Hololive_CallFriendA","Hololive_Recruit+1","Hololive_CallMoonaHoshinova+1","Hololive_SummonFox","Hololive_CallDoris","Hololive_CocoNews+1","Hololive_Spy+1","Hololive_CallMomosuzuNene+13","Hololive_DurableLive+1","Hololive_HuntDinosaur","Hololive_StrengthChampion+2","Hololive_IdolExercise+1","CurseOfTheBell","Hololive_CallAkiRosenthal+1","Hololive_CallUruhaRushia+1","Hololive_RevenueBasedLive+1","Hololive_LuckPotion+1","Hololive_FlyingPonyTail+1","Hololive_CallShiroganeNoel+1","Hololive_CallAiraniIofifteen+1","Hololive_Trident+1","Writhe","Hololive_StrengthChampion+1"],"relics":["Hololive_TheStar","HollowMod:QueensCombRelic","Darkstone Periapt","Toolbox","Hololive_Finger","theSenshi:SailorFukuRelic","HollowMod:StagPassRelic","Pantograph","Sundial","MutagenicStrength","Calling Bell","Happy Flower","InkBottle","theSenshi:SpiralHeartMoonRodRelic","Whetstone","Red Mask","ScarletDevilRocket","Calipers","Oddly Smooth Stone","Turnip"],"acts_visited":["Exordium","TheCity","TheBeyond"],"potions_floor_usage":[14,27,40,40,44,45],"damage_taken":[{"damage":10,"enemies":"Small Slimes","floor":1,"turns":4},{"damage":4,"enemies":"Cultist","floor":2,"turns":3},{"damage":0,"enemies":"2 Louse","floor":3,"turns":2},{"damage":0,"enemies":"HollowMod:MossKnight","floor":6,"turns":5},{"damage":2,"enemies":"Exordium Wildlife","floor":8,"turns":5},{"damage":0,"enemies":"Exordium Thugs","floor":12,"turns":3},{"damage":0,"enemies":"3 Louse","floor":13,"turns":3},{"damage":4,"enemies":"Blue Slaver","floor":14,"turns":4},{"damage":0,"enemies":"Hexaghost","floor":16,"turns":4},{"damage":0,"enemies":"Chosen","floor":18,"turns":4},{"damage":0,"enemies":"2 Thieves","floor":19,"turns":4},{"damage":0,"enemies":"Centurion and Healer","floor":20,"turns":5},{"damage":0,"enemies":"Snake Plant","floor":22,"turns":2},{"damage":0,"enemies":"Chosen and Byrds","floor":23,"turns":3},{"damage":0,"enemies":"3 Cultists","floor":24,"turns":4},{"damage":0,"enemies":"theDuelist:KaibaA2","floor":25,"turns":4},{"damage":0,"enemies":"Book of Stabbing","floor":27,"turns":4},{"damage":0,"enemies":"Champ","floor":33,"turns":7},{"damage":0,"enemies":"3 Shapes","floor":35,"turns":5},{"damage":0,"enemies":"3 Darklings","floor":38,"turns":5},{"damage":17,"enemies":"4 Shapes","floor":39,"turns":5},{"damage":28,"enemies":"Nemesis","floor":40,"turns":7},{"damage":0,"enemies":"Sphere and 2 Shapes","floor":41,"turns":4},{"damage":0,"enemies":"Transient","floor":44,"turns":5},{"damage":16,"enemies":"HollowMod:StalkingDevout","floor":45,"turns":11},{"damage":1,"enemies":"Reptomancer","floor":48,"turns":7},{"damage":43,"enemies":"Awakened One","floor":50,"turns":5}],"seed_played":"-8399458303924539785","potions_obtained":[{"floor":2,"key":"GrandPatriotsElixir:ReiMu"},{"floor":3,"key":"Regen Potion"},{"floor":12,"key":"SpeedPotion"},{"floor":14,"key":"SteroidPotion"},{"floor":24,"key":"FairyPotion"},{"floor":33,"key":"Ancient Potion"},{"floor":38,"key":"GrandPatriotsElixir:ReiMu"},{"floor":41,"key":"EssenceOfSteel"},{"floor":44,"key":"BlessingOfTheForge"}],"is_trial":false,"path_per_floor":["M","M","M","?","$","E","R","M","T","$","R","M","M","M","R","B",null,"M","M","M","$","M","M","M","E","T","E","R","$","R","?","R","B",null,"M","$","?","M","M","E","M","$","T","M","E","?","R","E","R","B"],"character_chosen":"Hololive_HololiveCharacter","items_purchased":["Hololive_ManjiGathering","Toolbox","theSenshi:SailorFukuRelic","Hololive_StrengthChampion","Whetstone","Hololive_CallUruhaRushia"],"campfire_rested":1,"item_purchase_floors":[5,10,21,29,36,36],"current_hp_per_floor":[25,21,21,21,21,21,21,20,20,20,20,22,22,22,22,22,22,22,22,22,22,22,22,22,22,22,22,22,22,22,22,22,22,28,28,28,28,28,19,10,28,28,28,28,14,27,34,34,34,0,0],"gold":180,"neow_bonus":"","is_daily":true,"chose_seed":false,"campfire_upgraded":7,"win_rate":0.0,"timestamp":1613151612,"path_taken":["M","M","M","?","?","E","R","M","T","$","R","M","M","M","R","BOSS","M","M","M","$","M","M","M","E","T","E","R","$","R","?","R","BOSS","M","$","?","M","?","E","M","$","T","M","?","?","R","E","R","BOSS"],"items_purchased_type":["Card","Relic","Relic","Card","Relic","Card"],"build_version":"2020-12-22","purchased_purges":0,"victory":false,"max_hp_per_floor":[35,35,35,35,35,22,22,22,22,22,22,22,22,22,22,22,22,22,22,22,22,22,22,22,22,22,22,22,22,22,22,22,22,28,28,28,28,28,28,28,28,28,28,28,28,34,34,34,34,34,34],"card_choices":[{"not_picked":["Hololive_Sequa","Hololive_LuckPotion","Hololive_HuntDinosaur"],"picked":"Hololive_Breathe","floor":1},{"not_picked":["Hololive_Breathe","Hololive_StrengthChampion","Hololive_RevenueBasedLive"],"picked":"Hololive_CallShiroganeNoel","floor":2},{"not_picked":["Hololive_Recruit","Hololive_HuntDinosaur","Hololive_CallTokinoSora"],"picked":"Hololive_CallTokoyamiTowa","floor":3},{"not_picked":["Hololive_LuckPotion","Hololive_Drill","Hololive_Breathe"],"picked":"Hololive_FlyingPonyTail","floor":6},{"not_picked":["Hololive_Sequa","Hololive_OvertimeWork","Hololive_CallRosalyn"],"picked":"Hololive_CocoNews","floor":8},{"not_picked":["Hololive_Trident","Hololive_OvertimeWork","Hololive_LuckPotion"],"picked":"Hololive_StarCraft","floor":12},{"not_picked":["Hololive_Rebound","Hololive_CallArtia","Hololive_Trident"],"picked":"Hololive_CallYuzukiChoco","floor":13},{"not_picked":["Hololive_CallOmaruPolka","Hololive_StrengthChampion","Hololive_CallMurasakiShion"],"picked":"Hololive_CallFriendA","floor":14},{"not_picked":["Hololive_DiamondStrike","Hololive_IdolExercise","Hololive_Nanodesu"],"picked":"Hololive_Recruit","floor":16},{"not_picked":["Hololive_HuntDinosaur","Hololive_Sequa","Hololive_DevilCharm"],"picked":"Hololive_CallMoonaHoshinova+1","floor":18},{"not_picked":["Hololive_CocoNews","Hololive_CallTsunomakiWatame","Hololive_Rebound"],"picked":"Hololive_SummonFox","floor":19},{"not_picked":["Hololive_CallAZKi","Hololive_Psychosis","Hololive_CocoNews"],"picked":"Hololive_CallDoris","floor":20},{"not_picked":["Hololive_FlyingPonyTail","Hololive_CallYuzukiChoco","Hololive_Trident"],"picked":"Hololive_CocoNews+1","floor":22},{"not_picked":["Hololive_CallTokinoSora","Hololive_LuckPotion","Hololive_Trident+1"],"picked":"Hololive_Spy+1","floor":23},{"not_picked":["Hololive_CocoNews","Hololive_LuckPotion","Hololive_CallInugamiKorone"],"picked":"Hololive_CallMomosuzuNene","floor":24},{"not_picked":["Hololive_OvertimeWork","Hololive_Teleport+1","Hololive_CallSakuraMiko+1"],"picked":"Hololive_DurableLive","floor":25},{"not_picked":["Hololive_ManjiGathering","Hololive_CallFriendA","Hololive_Breathe"],"picked":"Hololive_HuntDinosaur","floor":27},{"not_picked":["Hololive_Thief","Hololive_ScarfAndHalo","Hololive_Recruit"],"picked":"Hololive_IdolExercise","floor":33},{"not_picked":["Hololive_Psychosis","Hololive_CallNekomataOkayu","Hololive_Trident+1"],"picked":"Hololive_CallAkiRosenthal+1","floor":35},{"not_picked":["Hololive_CallAmaneKanata+1","Hololive_CallArtia","Hololive_Psychosis"],"picked":"Hololive_RevenueBasedLive+1","floor":38},{"not_picked":["Hololive_CallYozoraMel","Hololive_CallManoAloe+1","Hololive_Rebound"],"picked":"Hololive_LuckPotion+1","floor":39},{"not_picked":["Hololive_CallMurasakiShion+1","Hololive_LuckPotion+1","Hololive_CallYuzukiChoco+1"],"picked":"Hololive_FlyingPonyTail+1","floor":40},{"not_picked":["Hololive_Breathe","Hololive_OvertimeWork","Hololive_ScarfAndHalo"],"picked":"Hololive_CallShiroganeNoel+1","floor":41},{"not_picked":["Hololive_RevenueBasedLive","Hololive_Drill+1","Hololive_OvertimeWork"],"picked":"Hololive_CallAiraniIofifteen+1","floor":44},{"not_picked":["Hololive_CocoNews+1","Hololive_ManjiGathering","Hololive_StrengthChampion"],"picked":"Hololive_Trident+1","floor":45},{"not_picked":["Hololive_CandyCastle","Hololive_CallNakiriAyame","Hololive_Sequa+1"],"picked":"Hololive_StrengthChampion+1","floor":48}],"player_experience":1716591,"relics_obtained":[{"floor":6,"key":"HollowMod:QueensCombRelic"},{"floor":9,"key":"Darkstone Periapt"},{"floor":25,"key":"HollowMod:StagPassRelic"},{"floor":26,"key":"Pantograph"},{"floor":27,"key":"Sundial"},{"floor":34,"key":"Happy Flower"},{"floor":34,"key":"InkBottle"},{"floor":34,"key":"theSenshi:SpiralHeartMoonRodRelic"},{"floor":40,"key":"ScarletDevilRocket"},{"floor":43,"key":"Calipers"},{"floor":45,"key":"Oddly Smooth Stone"},{"floor":48,"key":"Turnip"}],"event_choices":[{"damage_healed":0,"gold_gain":0,"player_choice":"1 cards matched","damage_taken":0,"max_hp_gain":0,"max_hp_loss":0,"event_name":"Match and Keep!","floor":4,"gold_loss":0,"cards_obtained":["Hololive_CallRoboco"]},{"damage_healed":0,"gold_gain":0,"player_choice":"Inject Mutagens","damage_taken":0,"relics_obtained":["MutagenicStrength"],"max_hp_gain":0,"max_hp_loss":0,"event_name":"Drug Dealer","floor":31,"gold_loss":0},{"damage_healed":0,"gold_gain":0,"player_choice":"Paid","damage_taken":0,"relics_obtained":["Red Mask"],"max_hp_gain":0,"max_hp_loss":0,"event_name":"Tomb of Lord Red Mask","floor":37,"gold_loss":29},{"damage_healed":7,"gold_gain":0,"player_choice":"Writhe","damage_taken":0,"max_hp_gain":0,"max_hp_loss":0,"event_name":"Winding Halls","floor":46,"gold_loss":0,"cards_obtained":["Writhe"]}],"is_beta":false,"boss_relics":[{"not_picked":["Snecko Eye","Fusion Hammer"],"picked":"Hololive_Finger"},{"not_picked":["Empty Cage","Tiny House"],"picked":"Calling Bell"}],"items_purged_floors":[],"is_endless":false,"potions_floor_spawned":[2,3,12,14,24,25,33,38,39,41,44],"killed_by":"Awakened One","ascension_level":0}}