{"host":"j5shy70asow5koz5","time":1613168434,"event":{"mods":["2.2 Compatiblity","Act Like it!","Arknights","BaseMod","Colored Map","Marisa£¨Ùöéë¡¡Øª×âÞÞ£©","Minty Spire (QoL Compilation)","Prisma Mod","StSLib","SuperFastMode","Td1madao Mod","The Disciple","The Gatherer","The Servant 0.9.4","Waifu the Spire"],"gold_per_floor":[110,110,125,125,200,229,229,239,239,239,272,291,291,241,241,337,337,353,353,364,375,20,20,33,33,111,130,130,159,159,174,174,276,276,296,7,7,18,18,18],"floor_reached":39,"language":"KOR","playtime":1236,"items_purged":[],"score":434,"play_id":"075306f8-8994-49ca-9c41-f2a2a489bb03","local_time":"20210213072034","is_ascension_mode":false,"campfire_choices":[{"data":"Eruption","floor":7.0,"key":"SMITH"},{"data":"CutThroughFate","floor":10.0,"key":"SMITH"},{"data":"EmptyFist","floor":13.0,"key":"SMITH"},{"data":"Vigilance","floor":15.0,"key":"SMITH"},{"data":"Establishment","floor":23.0,"key":"SMITH"},{"floor":28.0,"key":"REST"},{"data":"WindmillStrike","floor":30.0,"key":"SMITH"},{"data":"Crescendo","floor":32.0,"key":"SMITH"}],"circlet_count":0,"master_deck":["Strike_P","Strike_P","Defend_P","Defend_P","Defend_P","Defend_P","Eruption+1","Vigilance+1","Consecrate+1","CutThroughFate+1","EmptyFist+1","DevaForm","CurseOfTheBell","Protect+1","Crescendo+1","Establishment+1","WindmillStrike+1","EmptyFist+1","SignatureMove","WindmillStrike+1","PiercingWail"],"relics":["PureWater","NeowsBlessing","Prayer Wheel","Ancient Tea Set","Shuriken","Pen Nib","Calling Bell","Bronze Scales","Eternal Feather","Pocketwatch","Du-Vu Doll","Bottled Flame","Centennial Puzzle","Runic Pyramid","Matryoshka"],"acts_visited":["Exordium","TheCity","TheBeyond"],"potions_floor_usage":[33,33],"damage_taken":[{"damage":0.0,"enemies":"Small Slimes","floor":1.0,"turns":1.0},{"damage":0.0,"enemies":"2 Louse","floor":3.0,"turns":1.0},{"damage":0.0,"enemies":"Gremlin Nob","floor":6.0,"turns":1.0},{"damage":0.0,"enemies":"Cultist","floor":8.0,"turns":2.0},{"damage":16.0,"enemies":"3 Sentries","floor":11.0,"turns":5.0},{"damage":0.0,"enemies":"Large Slime","floor":12.0,"turns":2.0},{"damage":44.0,"enemies":"Hexaghost","floor":16.0,"turns":11.0},{"damage":27.0,"enemies":"Shell Parasite","floor":18.0,"turns":3.0},{"damage":0.0,"enemies":"Spheric Guardian","floor":20.0,"turns":2.0},{"damage":9.0,"enemies":"Centurion and Healer","floor":21.0,"turns":3.0},{"damage":16.0,"enemies":"Shelled Parasite and Fungi","floor":24.0,"turns":3.0},{"damage":0.0,"enemies":"Snecko","floor":27.0,"turns":3.0},{"damage":29.0,"enemies":"Slavers","floor":29.0,"turns":3.0},{"damage":1.0,"enemies":"Cultist and Chosen","floor":31.0,"turns":3.0},{"damage":41,"enemies":"Collector","floor":33,"turns":5},{"damage":20,"enemies":"3 Darklings","floor":35,"turns":5},{"damage":19,"enemies":"3 Shapes","floor":38,"turns":2},{"damage":13,"enemies":"Transient","floor":39,"turns":2}],"seed_played":"6436916220889533041","potions_obtained":[{"floor":1.0,"key":"GamblersBrew"},{"floor":3.0,"key":"Regen Potion"},{"floor":16.0,"key":"LiquidBronze"},{"floor":18.0,"key":"Weak Potion"},{"floor":20.0,"key":"LiquidBronze"},{"floor":29.0,"key":"LiquidBronze"}],"is_trial":false,"path_per_floor":["M","?","M","?","?","E","R","M","T","R","E","M","R","?","R","B",null,"M","?","M","M","$","R","M","?","T","M","R","E","R","M","R","B",null,"M","$","?","M","M"],"character_chosen":"WATCHER","items_purchased":["Du-Vu Doll","Fire Potion","Matryoshka","Energy Potion"],"campfire_rested":1,"item_purchase_floors":[22,22,36,36],"current_hp_per_floor":[72,72,72,69,58,58,58,58,58,58,42,42,42,42,42,13,72,45,45,45,36,36,45,29,29,29,29,59,30,39,38,47,6,72,52,52,52,33,20,20],"gold":18,"neow_bonus":"THREE_ENEMY_KILL","is_daily":false,"chose_seed":false,"campfire_upgraded":7,"win_rate":0.0,"timestamp":1613168434,"path_taken":["M","?","M","?","?","E","R","M","T","R","E","M","R","?","R","BOSS","M","?","M","M","$","R","M","?","T","M","R","E","R","M","R","BOSS","M","$","?","M","?"],"items_purchased_type":["Relic","Potion","Relic","Potion"],"build_version":"2020-12-22","purchased_purges":0,"victory":false,"max_hp_per_floor":[72,72,72,72,72,72,72,72,72,72,72,72,72,72,72,72,72,72,72,72,72,72,72,72,72,72,72,72,72,72,72,72,72,72,72,72,72,72,72,72],"card_choices":[{"not_picked":["EmptyMind","FearNoEvil"],"picked":"Consecrate","floor":1.0},{"not_picked":["BowlingBash","Conclude","Collect"],"picked":"SKIP","floor":3.0},{"not_picked":["Sanctity","Evaluate"],"picked":"CutThroughFate","floor":6.0},{"not_picked":["CarveReality","Fasting2","SandsOfTime"],"picked":"SKIP","floor":8.0},{"not_picked":["TalkToTheHand","Pray","Consecrate"],"picked":"SKIP","floor":8.0},{"not_picked":["Consecrate","CutThroughFate","TalkToTheHand"],"picked":"SKIP","floor":11.0},{"not_picked":["Tantrum","BowlingBash"],"picked":"EmptyFist","floor":12.0},{"not_picked":["JustLucky","FlyingSleeves","Collect"],"picked":"SKIP","floor":12.0},{"not_picked":["Scrawl","MasterReality"],"picked":"DevaForm","floor":16.0},{"not_picked":["WreathOfFlame","SashWhip"],"picked":"Protect+1","floor":18.0},{"not_picked":["PathToVictory","Halt+1","SashWhip+1"],"picked":"SKIP","floor":18.0},{"not_picked":["ThirdEye","CrushJoints","JustLucky"],"picked":"SKIP","floor":20.0},{"not_picked":["Consecrate","Vengeance","Weave"],"picked":"SKIP","floor":20.0},{"not_picked":["Pray+1","WaveOfTheHand+1"],"picked":"Crescendo","floor":21.0},{"not_picked":["LikeWater+1","Evaluate"],"picked":"Establishment","floor":21.0},{"not_picked":["CutThroughFate","PathToVictory"],"picked":"WindmillStrike","floor":24.0},{"not_picked":["JustLucky","FlyingSleeves+1","BowlingBash"],"picked":"SKIP","floor":24.0},{"not_picked":["ClearTheMind","SashWhip"],"picked":"EmptyFist+1","floor":27.0},{"not_picked":["ReachHeaven","WreathOfFlame","FlyingSleeves"],"picked":"SKIP","floor":27.0},{"not_picked":["Crescendo+1","BowlingBash","CutThroughFate"],"picked":"SKIP","floor":29.0},{"not_picked":["CarveReality+1","CrushJoints"],"picked":"SignatureMove","floor":31.0},{"not_picked":["WaveOfTheHand+1","CutThroughFate+1","FlurryOfBlows"],"picked":"SKIP","floor":31.0},{"not_picked":["Omniscience","Vault"],"picked":"Judgement","floor":33},{"not_picked":["Halt+1","FollowUp"],"picked":"WindmillStrike+1","floor":35},{"not_picked":["LikeWater","Evaluate","Worship"],"picked":"SKIP","floor":35},{"not_picked":["CarveReality","Evaluate+1","WreathOfFlame"],"picked":"SKIP","floor":38},{"not_picked":["Vengeance","Conclude","EmptyFist+1"],"picked":"SKIP","floor":38}],"player_experience":106563,"relics_obtained":[{"floor":6.0,"key":"Ancient Tea Set"},{"floor":9.0,"key":"Shuriken"},{"floor":11.0,"key":"Pen Nib"},{"floor":17.0,"key":"Bronze Scales"},{"floor":17.0,"key":"Eternal Feather"},{"floor":17.0,"key":"Pocketwatch"},{"floor":26.0,"key":"Bottled Flame"},{"floor":29.0,"key":"Centennial Puzzle"}],"event_choices":[{"damage_healed":0.0,"max_hp_gain":0.0,"max_hp_loss":0.0,"gold_gain":0.0,"event_name":"Living Wall","player_choice":"Grow","floor":2.0,"gold_loss":0.0,"damage_taken":0.0,"cards_upgraded":["Consecrate"]},{"damage_healed":0.0,"max_hp_gain":0.0,"max_hp_loss":0.0,"gold_gain":0.0,"event_name":"Scrap Ooze","player_choice":"Success","floor":4.0,"gold_loss":0.0,"damage_taken":3.0,"relics_obtained":["Prayer Wheel"]},{"damage_healed":0.0,"max_hp_gain":0.0,"max_hp_loss":0.0,"gold_gain":75.0,"event_name":"World of Goop","player_choice":"Gather Gold","floor":5.0,"gold_loss":0.0,"damage_taken":11.0},{"cards_removed":["Strike_P"],"damage_healed":0.0,"max_hp_gain":0.0,"max_hp_loss":0.0,"gold_gain":0.0,"event_name":"The Cleric","player_choice":"Card Removal","floor":14.0,"gold_loss":50.0,"damage_taken":0.0},{"cards_removed":["Strike_P"],"damage_healed":0.0,"max_hp_gain":0.0,"max_hp_loss":0.0,"gold_gain":0.0,"event_name":"Back to Basics","player_choice":"Elegance","floor":19.0,"gold_loss":0.0,"damage_taken":0.0},{"damage_healed":0.0,"max_hp_gain":0.0,"max_hp_loss":0.0,"gold_gain":0.0,"event_name":"Vampires","player_choice":"Ignored","floor":25.0,"gold_loss":0.0,"damage_taken":0.0},{"cards_removed":["Judgement"],"damage_healed":0,"gold_gain":0,"player_choice":"Took Card","damage_taken":0,"max_hp_gain":0,"max_hp_loss":0,"event_name":"NoteForYourself","floor":37,"gold_loss":0,"cards_obtained":["PiercingWail"]}],"is_beta":false,"boss_relics":[{"not_picked":["Velvet Choker","Tiny House"],"picked":"Calling Bell"},{"not_picked":["Black Star","SlaversCollar"],"picked":"Runic Pyramid"}],"items_purged_floors":[],"is_endless":false,"potions_floor_spawned":[1,3,16,18,20,29],"killed_by":"Transient","ascension_level":0}}