{"host":"sc0o2qwpf9j16a4i","time":1613136802,"event":{"mods":["AchievementEnabler","BaseMod","BetterRewards","Block Reminder","Colored Map","Colored Powertips","Custom Start","Highlight Path","Minty Spire (QoL Compilation)","Relic Stats"],"gold_per_floor":[111,111,111,125,135,164,183,183,183,27,27,39,51,68,68,173,173,187,200,219,230,230,230,8,18,18,45,45,55,55,55,55,156,156,174,184,197,197,71,97,97,97,97],"floor_reached":42,"language":"ENG","playtime":1418,"items_purged":["Regret","Pain"],"score":627,"play_id":"21555169-91f7-4360-bf3d-91a660f953a7","local_time":"20210212153322","daily_mods":["Draft","Uncertain Future","Terminal"],"is_ascension_mode":false,"campfire_choices":[{"data":"Crippling Poison","floor":11,"key":"SMITH"},{"data":"Leg Sweep","floor":15,"key":"SMITH"},{"data":"Adrenaline","floor":23,"key":"SMITH"},{"data":"After Image","floor":30,"key":"SMITH"},{"data":"PiercingWail","floor":32,"key":"SMITH"},{"data":"Adrenaline","floor":41,"key":"SMITH"}],"circlet_count":0,"master_deck":["Deadly Poison","Leg Sweep+1","Cloak And Dagger","Flying Knee","Deadly Poison","Cloak And Dagger","Bane","Catalyst+1","Cloak And Dagger","Crippling Poison+1","Cloak And Dagger","Sucker Punch","PiercingWail","Blade Dance","Poisoned Stab","Cloak And Dagger","Backflip","Deflect","Dash","Heel Hook","Terror","Deadly Poison","Adrenaline+1","PiercingWail+1","Backflip+1","Leg Sweep","Escape Plan+1","Deflect","After Image+1","Dagger Throw","Adrenaline+1","CurseOfTheBell","Terror+1","Backflip+1","Escape Plan+1","Dagger Throw+1","Acrobatics","Well Laid Plans"],"relics":["Ring of the Snake","Sundial","Mercury Hourglass","Singing Bowl","Paper Crane","Lee\u0027s Waffle","SacredBark","Prayer Wheel","Strange Spoon","MealTicket","Smiling Mask","GremlinMask","Calling Bell","Art of War","InkBottle","Ginger","WarpedTongs","Tingsha"],"acts_visited":["Exordium","TheCity","TheBeyond"],"potions_floor_usage":[16,27,31,33,33],"damage_taken":[{"damage":0,"enemies":"Jaw Worm","floor":1,"turns":3},{"damage":4,"enemies":"2 Louse","floor":4,"turns":2},{"damage":4,"enemies":"Small Slimes","floor":5,"turns":3},{"damage":4,"enemies":"3 Sentries","floor":6,"turns":6},{"damage":0,"enemies":"3 Louse","floor":7,"turns":2},{"damage":5,"enemies":"Blue Slaver","floor":12,"turns":3},{"damage":0,"enemies":"Looter","floor":13,"turns":2},{"damage":0,"enemies":"Lots of Slimes","floor":14,"turns":2},{"damage":3,"enemies":"The Guardian","floor":16,"turns":6},{"damage":0,"enemies":"3 Byrds","floor":18,"turns":3},{"damage":4,"enemies":"Spheric Guardian","floor":19,"turns":6},{"damage":3,"enemies":"Snake Plant","floor":20,"turns":4},{"damage":2,"enemies":"Shelled Parasite and Fungi","floor":21,"turns":5},{"damage":0,"enemies":"Chosen and Byrds","floor":25,"turns":5},{"damage":0,"enemies":"Gremlin Leader","floor":27,"turns":5},{"damage":0,"enemies":"3 Cultists","floor":29,"turns":4},{"damage":0,"enemies":"Champ","floor":33,"turns":12},{"damage":6,"enemies":"3 Shapes","floor":35,"turns":3},{"damage":0,"enemies":"Orb Walker","floor":36,"turns":4},{"damage":0,"enemies":"Transient","floor":37,"turns":5},{"damage":6,"enemies":"Reptomancer","floor":40,"turns":7},{"damage":0,"enemies":"3 Darklings","floor":42,"turns":1}],"seed_played":"-5905117241714935434","potions_obtained":[{"floor":5,"key":"SkillPotion"},{"floor":6,"key":"SmokeBomb"},{"floor":7,"key":"GamblersBrew"},{"floor":14,"key":"DistilledChaos"},{"floor":21,"key":"CunningPotion"},{"floor":25,"key":"Dexterity Potion"},{"floor":27,"key":"SkillPotion"},{"floor":29,"key":"Fruit Juice"},{"floor":36,"key":"FearPotion"},{"floor":40,"key":"SteroidPotion"}],"is_trial":true,"path_per_floor":["M","?","?","M","M","E","M","?","T","$","R","M","M","M","R","B",null,"M","M","M","M","T","R","$","M","T","E","?","M","R","?","R","B",null,"M","M","M","?","$","E","R","M"],"character_chosen":"THE_SILENT","items_purchased":["Lee\u0027s Waffle","Strange Spoon","Well Laid Plans"],"campfire_rested":0,"item_purchase_floors":[10,24,39],"current_hp_per_floor":[68,67,66,62,58,54,54,54,54,66,65,60,60,62,62,59,61,60,58,55,53,53,53,53,55,55,55,54,53,52,61,60,59,58,52,52,54,54,55,51,51,51,51],"gold":97,"neow_bonus":"","is_daily":false,"chose_seed":false,"campfire_upgraded":6,"win_rate":0.0,"timestamp":1613136802,"path_taken":["M","?","?","M","M","E","M","?","T","$","R","M","M","M","R","BOSS","M","M","M","M","?","R","$","M","T","E","?","M","R","?","R","BOSS","M","?","M","?","$","E","R","M"],"items_purchased_type":["Relic","Relic","Card"],"build_version":"2020-12-22","purchased_purges":2,"victory":false,"max_hp_per_floor":[68,67,66,65,64,63,62,61,60,66,65,64,63,64,63,62,61,60,61,60,59,58,57,56,57,56,55,54,53,52,61,60,59,58,57,56,57,56,55,56,55,55,55],"relic_stats":{"Lee\u0027s Waffle":13,"Singing Bowl":10,"counters":[22,91],"Tingsha":[0],"Ginger":[7],"Smiling Mask":50,"Mercury Hourglass":[336],"WarpedTongs":[8],"Strange Spoon":[38],"Sundial":[6],"Prayer Wheel":5,"MealTicket":2,"Art of War":[2],"obtain_stats":[{"Lee\u0027s Waffle":10,"Singing Bowl":8,"SacredBark":17,"GremlinMask":31,"Tingsha":40,"Ginger":34,"Paper Crane":9,"Smiling Mask":27,"Mercury Hourglass":6,"WarpedTongs":38,"Calling Bell":34,"Strange Spoon":24,"Sundial":2,"Prayer Wheel":22,"MealTicket":26,"Art of War":34,"InkBottle":34,"Ring of the Snake":0},{"Lee\u0027s Waffle":5,"Singing Bowl":5,"SacredBark":9,"GremlinMask":16,"Tingsha":21,"Ginger":17,"Paper Crane":5,"Smiling Mask":15,"Mercury Hourglass":4,"WarpedTongs":20,"Calling Bell":17,"Strange Spoon":13,"Sundial":1,"Prayer Wheel":13,"MealTicket":14,"Art of War":17,"InkBottle":17,"Ring of the Snake":0},{"Lee\u0027s Waffle":16,"Singing Bowl":16,"SacredBark":28,"GremlinMask":59,"Tingsha":90,"Ginger":71,"Paper Crane":16,"Smiling Mask":55,"Mercury Hourglass":14,"WarpedTongs":83,"Calling Bell":71,"Strange Spoon":45,"Sundial":3,"Prayer Wheel":45,"MealTicket":50,"Art of War":71,"InkBottle":71,"Ring of the Snake":0}],"InkBottle":[10],"Ring of the Snake":[44]},"card_choices":[{"not_picked":["Flying Knee","Outmaneuver"],"picked":"Deadly Poison","floor":0},{"not_picked":["Prepared","Bane"],"picked":"Leg Sweep","floor":0},{"not_picked":["Prepared","Setup"],"picked":"Cloak And Dagger","floor":0},{"not_picked":["Heel Hook","Deflect"],"picked":"Flying Knee","floor":0},{"not_picked":["Endless Agony","Poisoned Stab"],"picked":"Deadly Poison","floor":0},{"not_picked":["Deflect","Backflip"],"picked":"Cloak And Dagger","floor":0},{"not_picked":["Blade Dance","Deflect"],"picked":"Bane","floor":0},{"not_picked":["Sucker Punch","Underhanded Strike"],"picked":"Catalyst","floor":0},{"not_picked":["Bane","Reflex"],"picked":"Cloak And Dagger","floor":0},{"not_picked":["Blade Dance","Tactician"],"picked":"Crippling Poison","floor":0},{"not_picked":["Backflip","Blur"],"picked":"Cloak And Dagger","floor":0},{"not_picked":["Backflip","Dodge and Roll"],"picked":"Sucker Punch","floor":0},{"not_picked":["Prepared","Backflip"],"picked":"PiercingWail","floor":0},{"not_picked":["Concentrate","Outmaneuver"],"picked":"Blade Dance","floor":0},{"not_picked":["Dagger Spray","Dagger Throw"],"picked":"Poisoned Stab","floor":0},{"not_picked":["Outmaneuver","Acrobatics"],"picked":"Cloak And Dagger","floor":1},{"not_picked":["Predator","Dagger Spray"],"picked":"Backflip","floor":4},{"not_picked":["Predator","Crippling Poison"],"picked":"Deflect","floor":5},{"not_picked":["Backflip","Underhanded Strike"],"picked":"Dash","floor":6},{"not_picked":["Outmaneuver","Choke"],"picked":"Heel Hook","floor":7},{"not_picked":["Tools of the Trade","Riddle With Holes"],"picked":"Terror","floor":12},{"not_picked":["Outmaneuver","Prepared"],"picked":"Deadly Poison","floor":13},{"not_picked":["Cloak And Dagger","Slice","Underhanded Strike"],"picked":"Singing Bowl","floor":14},{"not_picked":["Bullet Time","Die Die Die"],"picked":"Adrenaline","floor":16},{"not_picked":["Outmaneuver","Eviscerate+1"],"picked":"PiercingWail","floor":18},{"not_picked":["Cloak And Dagger","Slice","Flying Knee+1"],"picked":"Singing Bowl","floor":19},{"not_picked":["Sucker Punch","Underhanded Strike+1"],"picked":"Backflip+1","floor":20},{"not_picked":["Deflect","Outmaneuver"],"picked":"Leg Sweep","floor":21},{"not_picked":["Doppelganger","Dagger Spray","Concentrate"],"picked":"Singing Bowl","floor":25},{"not_picked":["Dagger Throw+1","Bane+1"],"picked":"Escape Plan+1","floor":25},{"not_picked":["Masterful Stab+1","Calculated Gamble"],"picked":"Deflect","floor":27},{"not_picked":["Dagger Spray","Sucker Punch"],"picked":"After Image","floor":29},{"not_picked":["Bane","Blade Dance"],"picked":"Dagger Throw","floor":29},{"not_picked":["Malaise","Envenom"],"picked":"Adrenaline","floor":33},{"not_picked":["Flying Knee+1","Finisher"],"picked":"Terror+1","floor":35},{"not_picked":["Acrobatics","Endless Agony"],"picked":"Backflip+1","floor":35},{"not_picked":["Quick Slash","Slice"],"picked":"Escape Plan+1","floor":36},{"not_picked":["Outmaneuver","Heel Hook+1"],"picked":"Dagger Throw+1","floor":36},{"not_picked":["Flying Knee","Finisher+1"],"picked":"Acrobatics","floor":37},{"not_picked":["Cloak And Dagger+1","Flying Knee","Endless Agony"],"picked":"Singing Bowl","floor":37},{"not_picked":["Acrobatics","Endless Agony+1","Tactician+1"],"picked":"Singing Bowl","floor":40}],"player_experience":1362301,"relics_obtained":[{"floor":6,"key":"Mercury Hourglass"},{"floor":9,"key":"Paper Crane"},{"floor":22,"key":"Prayer Wheel"},{"floor":26,"key":"MealTicket"},{"floor":27,"key":"Smiling Mask"},{"floor":34,"key":"Art of War"},{"floor":34,"key":"InkBottle"},{"floor":34,"key":"Ginger"},{"floor":40,"key":"Tingsha"}],"event_choices":[{"damage_healed":0,"gold_gain":0,"player_choice":"Box","damage_taken":0,"relics_obtained":["Sundial"],"max_hp_gain":0,"max_hp_loss":0,"event_name":"Big Fish","floor":2,"gold_loss":0,"cards_obtained":["Regret"]},{"damage_healed":0,"gold_gain":0,"player_choice":"Grow","damage_taken":0,"max_hp_gain":0,"max_hp_loss":0,"event_name":"Living Wall","floor":3,"gold_loss":0,"cards_upgraded":["Catalyst"]},{"damage_healed":0,"gold_gain":0,"player_choice":"Gave Potion","damage_taken":0,"relics_obtained":["Singing Bowl"],"max_hp_gain":0,"max_hp_loss":0,"event_name":"WeMeetAgain","floor":8,"gold_loss":0},{"damage_healed":0,"gold_gain":0,"player_choice":"Trade","damage_taken":0,"relics_obtained":["GremlinMask"],"max_hp_gain":0,"max_hp_loss":0,"event_name":"FaceTrader","floor":31,"gold_loss":0},{"damage_healed":0,"gold_gain":0,"player_choice":"Rummage","damage_taken":0,"relics_obtained":["WarpedTongs"],"max_hp_gain":0,"max_hp_loss":0,"event_name":"Accursed Blacksmith","floor":38,"gold_loss":0,"cards_obtained":["Pain"]}],"is_beta":false,"boss_relics":[{"not_picked":["Ectoplasm","WristBlade"],"picked":"SacredBark"},{"not_picked":["Ring of the Serpent","Philosopher\u0027s Stone"],"picked":"Calling Bell"}],"items_purged_floors":[24,39],"is_endless":false,"potions_floor_spawned":[5,6,7,14,21,25,27,29,36,40],"killed_by":"3 Darklings","ascension_level":0}}