{"host":"cb9xh4d0ss8ax8yb","time":1613106337,"event":{"mods":["100% Spire Juice","BaseMod","Good Game Mod","Jess\u0027s Bottle","Minty Spire (QoL Compilation)","StSLib","The Cursed","The Dragon Tamer","The Gatherer"],"gold_per_floor":[214,224,71,71,71,105,105,118,118,129,149,18,30,65,65,169,169,181,194,194,209,220,255,255,286,286,286,297,329,329,353,353,452,452,464,464,464,239,90,125,125,156,156,156,172,42,0,45,45,45,45,45,45,79,79],"floor_reached":56,"language":"KOR","playtime":3292,"items_purged":[],"score":2021,"play_id":"9790cf34-3334-4774-a1e4-92d941896d61","local_time":"20210212140537","is_ascension_mode":true,"campfire_choices":[{"data":"TheCursedMod:ManaBullet","floor":7,"key":"SMITH"},{"data":"TheCursedMod:CircleOfWindfury","floor":15,"key":"SMITH"},{"data":"TheCursedMod:HellfireBreathing","floor":24,"key":"SMITH"},{"data":"TheCursedMod:ForbiddenAlchemy","floor":27,"key":"SMITH"},{"data":"TheCursedMod:CircleOfFlame","floor":30,"key":"SMITH"},{"data":"TheCursedMod:CleanUpWorkshop","floor":32,"key":"SMITH"},{"data":"TheCursedMod:CircleOfCorruption","floor":41,"key":"SMITH"},{"data":"Finesse","floor":44,"key":"SMITH"},{"floor":49,"key":"RECALL"},{"data":"TheCursedMod:Wield","floor":52,"key":"SMITH"}],"circlet_count":0,"master_deck":["TheCursedMod:CursedWand+1","TheCursedMod:CleanUpWorkshop+1","TheCursedMod:CursedShiv+1","TheCursedMod:Wield+1","TheCursedMod:ManaBullet+1","TheCursedMod:CircleOfFlame+1","TheCursedMod:CircleOfWindfury+1","TheCursedMod:CircleOfCorruption+1","TheCursedMod:CircleOfAbyss","Finesse+1","TheCursedMod:HellfireBreathing+1","TheCursedMod:CircleOfBlood","TheCursedMod:ForbiddenAlchemy+1","TheCursedMod:SurpriseAttack"],"relics":["TheCursedMod:MagicCandle","REME:ComplimentaryCards","Membership Card","Matryoshka","Juzu Bracelet","Regal Pillow","Odd Mushroom","Gremlin Horn","Potion Belt","Runic Dome","MutagenicStrength","Lantern","Bottled Lightning","Dream Catcher","Blue Candle","Strawberry","MealTicket","Runic Pyramid","Mercury Hourglass","Anchor","TheCursedMod:SoulVessel","Vajra","Bronze Scales","Whetstone","Centennial Puzzle","Singing Bowl","Pear","Red Mask","CaptainsWheel","Mango"],"acts_visited":["Exordium","TheCity","TheBeyond","TheEnding"],"potions_floor_usage":[11,14,16,16,18,21,21,21,22,23,23,25,25,25,25,28,28,28,29,29,29,33,33,33,33,33,35,42,42,42,42,45,45,48,48,50,50,50,50,50,50,50,54,54,55,55,55,55,55,55,55,55,55,55,55,55,55,55],"damage_taken":[{"damage":0,"enemies":"Jaw Worm","floor":1,"turns":1},{"damage":0,"enemies":"Small Slimes","floor":2,"turns":1},{"damage":0,"enemies":"Gremlin Nob","floor":6,"turns":2},{"damage":0,"enemies":"2 Louse","floor":8,"turns":1},{"damage":0,"enemies":"Blue Slaver","floor":10,"turns":1},{"damage":0,"enemies":"The Mushroom Lair","floor":11,"turns":1},{"damage":0,"enemies":"Exordium Wildlife","floor":13,"turns":1},{"damage":3,"enemies":"Lagavulin","floor":14,"turns":4},{"damage":0,"enemies":"Slime Boss","floor":16,"turns":1},{"damage":0,"enemies":"3 Byrds","floor":18,"turns":2},{"damage":4,"enemies":"Chosen","floor":19,"turns":3},{"damage":17,"enemies":"Snake Plant","floor":21,"turns":3},{"damage":0,"enemies":"Snecko","floor":22,"turns":1},{"damage":0,"enemies":"Slavers","floor":23,"turns":1},{"damage":0,"enemies":"Gremlin Leader","floor":25,"turns":2},{"damage":0,"enemies":"3 Cultists","floor":28,"turns":1},{"damage":0,"enemies":"Slavers","floor":29,"turns":1},{"damage":2,"enemies":"Collector","floor":33,"turns":2},{"damage":0,"enemies":"3 Shapes","floor":35,"turns":1},{"damage":0,"enemies":"Reptomancer","floor":40,"turns":2},{"damage":0,"enemies":"Nemesis","floor":42,"turns":1},{"damage":0,"enemies":"Orb Walker","floor":45,"turns":1},{"damage":0,"enemies":"2 Orb Walkers","floor":48,"turns":1},{"damage":0,"enemies":"Time Eater","floor":50,"turns":2},{"damage":0,"enemies":"Shield and Spear","floor":54,"turns":1},{"damage":7,"enemies":"The Heart","floor":55,"turns":4}],"seed_played":"-4960384806902877692","potions_obtained":[{"floor":8,"key":"PowerPotion"},{"floor":10,"key":"AttackPotion"},{"floor":11,"key":"Weak Potion"},{"floor":13,"key":"BlessingOfTheForge"},{"floor":14,"key":"Fire Potion"},{"floor":21,"key":"SkillPotion"},{"floor":23,"key":"PowerPotion"},{"floor":33,"key":"Strength Potion"},{"floor":40,"key":"DuplicationPotion"},{"floor":45,"key":"SteroidPotion"}],"is_trial":false,"path_per_floor":["M","M","$","?","?","E","R","M","T","M","?","$","M","E","R","B",null,"M","M","?","M","M","E","R","E","T","R","M","E","R","T","R","B",null,"M","?","?","$","$","E","R","E","T","R","M","$","?","?","R","B",null,"R","$","E","B",null],"character_chosen":"THE_CURSED","items_purchased":["Membership Card","Gremlin Horn","Anchor","TheCursedMod:SoulVessel","Vajra","Bronze Scales","Pear"],"campfire_rested":0,"item_purchase_floors":[3,12,38,38,39,39,46],"current_hp_per_floor":[75,75,75,68,68,68,68,68,68,68,68,68,68,72,72,75,75,75,71,71,58,66,75,75,75,75,75,75,82,82,82,82,80,82,82,82,82,82,82,82,82,82,82,82,82,92,92,94,94,94,94,94,94,110,110],"gold":79,"neow_bonus":"HUNDRED_GOLD","is_daily":false,"chose_seed":false,"campfire_upgraded":9,"win_rate":0.0,"timestamp":1613106337,"path_taken":["M","M","$","?","?","E","R","M","T","M","?","?","M","E","R","BOSS","M","M","?","M","M","E","R","E","T","R","M","E","R","?","R","BOSS","M","?","?","?","$","E","R","E","T","R","M","$","?","?","R","BOSS","R","$","E","BOSS"],"items_purchased_type":["Relic","Relic","Relic","Relic","Relic","Relic","Relic"],"build_version":"2020-12-22","purchased_purges":0,"victory":true,"max_hp_per_floor":[75,75,75,75,75,75,75,75,75,75,75,75,75,75,75,75,75,75,75,75,75,75,75,75,75,75,75,75,82,82,82,82,82,82,82,82,82,82,82,82,82,82,82,82,82,92,92,94,94,94,94,94,94,110,110],"card_choices":[{"not_picked":["TheCursedMod:CircleOfCorruption","TheCursedMod:SpitefulPlan","TheCursedMod:DoubleShield"],"picked":"SKIP","floor":1},{"not_picked":["TheCursedMod:PrepareRite","TheCursedMod:SpitefulPray","TheCursedMod:AbyssShockwave"],"picked":"SKIP","floor":2},{"not_picked":["TheCursedMod:Stigma","TheCursedMod:ShockAndAwe","TheCursedMod:FleshFromBone"],"picked":"SKIP","floor":6},{"not_picked":["TheCursedMod:CircleOfCorruption","TheCursedMod:ReleasedStrength"],"picked":"TheCursedMod:HellfireBreathing","floor":8},{"not_picked":["TheCursedMod:CursedBoomerang","TheCursedMod:SmokeScreen","TheCursedMod:Torture"],"picked":"SKIP","floor":10},{"not_picked":["TheCursedMod:Grudge","TheCursedMod:Obscuration"],"picked":"TheCursedMod:CircleOfBlood","floor":13},{"not_picked":["TheCursedMod:TroublousMinions","TheCursedMod:RavingStaff","TheCursedMod:SpitefulPlan"],"picked":"SKIP","floor":14},{"not_picked":["TheCursedMod:AntiAging","TheCursedMod:ParallelWorld"],"picked":"TheCursedMod:ForbiddenAlchemy","floor":16},{"not_picked":["TheCursedMod:Torture","TheCursedMod:AbyssShockwave","TheCursedMod:Wield"],"picked":"SKIP","floor":18},{"not_picked":["TheCursedMod:CursedAmulet","TheCursedMod:CursedBlade","TheCursedMod:DoubleShield+1"],"picked":"SKIP","floor":19},{"not_picked":["TheCursedMod:TacticalStrike","TheCursedMod:Grudge","TheCursedMod:VitalStrike"],"picked":"SKIP","floor":21},{"not_picked":["TheCursedMod:PrepareRite","TheCursedMod:VitalStrike","TheCursedMod:ReleasedStrength"],"picked":"SKIP","floor":22},{"not_picked":["TheCursedMod:DoubleShield","TheCursedMod:OutForBlood","TheCursedMod:CursedSpellbook"],"picked":"SKIP","floor":23},{"not_picked":["TheCursedMod:CircleOfWindfury","TheCursedMod:AshesToAshes","TheCursedMod:CursedAmulet"],"picked":"SKIP","floor":25},{"not_picked":["TheCursedMod:SoulCrush","TheCursedMod:CursedAmulet","TheCursedMod:CircleOfFocus"],"picked":"SKIP","floor":28},{"not_picked":["TheCursedMod:SpitefulStrike","TheCursedMod:CursedStaff","TheCursedMod:CursedBoomerang+1"],"picked":"SKIP","floor":29},{"not_picked":["TheCursedMod:PrepareRite+1","TheCursedMod:RapidMovement+1","TheCursedMod:Torture+1"],"picked":"SKIP","floor":35},{"not_picked":["TheCursedMod:FuryStrike+1","TheCursedMod:Stretching+1","TheCursedMod:CursedMace+1"],"picked":"SKIP","floor":40},{"not_picked":["TheCursedMod:TacticalStrike","TheCursedMod:CircleOfBlood","TheCursedMod:PrepareRite+1"],"picked":"SKIP","floor":42},{"not_picked":["TheCursedMod:ParallelWorld","TheCursedMod:RavingStaff+1"],"picked":"TheCursedMod:SurpriseAttack","floor":45},{"not_picked":["TheCursedMod:SmokeScreen+1","TheCursedMod:WearCloak+1","TheCursedMod:SaltUponWound"],"picked":"Singing Bowl","floor":48},{"not_picked":["TheCursedMod:CursedBlade+1","TheCursedMod:CursedMace","TheCursedMod:RavingStaff+1"],"picked":"Singing Bowl","floor":54}],"player_experience":496051,"relics_obtained":[{"floor":6,"key":"Juzu Bracelet"},{"floor":9,"key":"Regal Pillow"},{"floor":11,"key":"Odd Mushroom"},{"floor":14,"key":"Potion Belt"},{"floor":23,"key":"Lantern"},{"floor":25,"key":"Bottled Lightning"},{"floor":26,"key":"Dream Catcher"},{"floor":26,"key":"Blue Candle"},{"floor":29,"key":"Strawberry"},{"floor":31,"key":"MealTicket"},{"floor":40,"key":"Whetstone"},{"floor":42,"key":"Centennial Puzzle"},{"floor":43,"key":"Singing Bowl"},{"floor":48,"key":"CaptainsWheel"},{"floor":54,"key":"Mango"}],"event_choices":[{"damage_healed":0,"gold_gain":0,"player_choice":"Success","damage_taken":7,"relics_obtained":["Matryoshka"],"max_hp_gain":0,"max_hp_loss":0,"event_name":"Scrap Ooze","floor":4,"gold_loss":0},{"damage_healed":0,"gold_gain":0,"player_choice":"Ignored","damage_taken":0,"max_hp_gain":0,"max_hp_loss":0,"event_name":"Golden Wing","floor":5,"gold_loss":0},{"damage_healed":0,"gold_gain":0,"player_choice":"Fought Mushrooms","damage_taken":0,"max_hp_gain":0,"max_hp_loss":0,"event_name":"Mushrooms","floor":11,"gold_loss":0},{"damage_healed":0,"gold_gain":0,"player_choice":"Inject Mutagens","damage_taken":0,"relics_obtained":["MutagenicStrength"],"max_hp_gain":0,"max_hp_loss":0,"event_name":"Drug Dealer","floor":20,"gold_loss":0},{"damage_healed":0,"gold_gain":0,"player_choice":"Gave Potion","damage_taken":0,"relics_obtained":["Mercury Hourglass"],"max_hp_gain":0,"max_hp_loss":0,"event_name":"WeMeetAgain","floor":36,"gold_loss":0},{"damage_healed":0,"gold_gain":0,"player_choice":"0 cards matched","damage_taken":0,"max_hp_gain":0,"max_hp_loss":0,"event_name":"Match and Keep!","floor":37,"gold_loss":0,"cards_obtained":[]},{"damage_healed":0,"gold_gain":0,"player_choice":"Paid","damage_taken":0,"relics_obtained":["Red Mask"],"max_hp_gain":0,"max_hp_loss":0,"event_name":"Tomb of Lord Red Mask","floor":47,"gold_loss":42},{"damage_healed":0,"gold_gain":0,"player_choice":"Fight","damage_taken":0,"max_hp_gain":0,"max_hp_loss":0,"event_name":"Mysterious Sphere","floor":48,"gold_loss":0}],"is_beta":false,"boss_relics":[{"not_picked":["Astrolabe","Velvet Choker"],"picked":"Runic Dome"},{"not_picked":["Pandora\u0027s Box","SacredBark"],"picked":"Runic Pyramid"}],"items_purged_floors":[],"is_endless":false,"potions_floor_spawned":[8,10,11,13,14,21,23,33,40,45],"ascension_level":3}}