{"host":"tiwza2kisyyrpq7h","time":1613146404,"event":{"mods":["BaseMod","Colored Powertips","Minty Spire (QoL Compilation)","Quick Restart","Rare Cards Sparkle","Shop Mod","StSLib","SuperFastMode","The Servant 0.9.4","óô»ðÖ¸ÄÏ"],"gold_per_floor":[10,27,27,43,55,80,80,80,80,80,105,165,215,340,340,417,417,437,447,497,95,145,179,179,211,211,242,242,252,302,337,337,337,337],"floor_reached":33,"language":"ZHS","playtime":1277,"items_purged":["Poisoned Stab"],"score":737,"play_id":"a1aeaf79-eaaa-4cb7-81e3-a9eb4d259cc8","local_time":"20210213001324","is_ascension_mode":true,"campfire_choices":[{"data":"Blade Dance","floor":7.0,"key":"SMITH"},{"data":"Caltrops","floor":10.0,"key":"SMITH"},{"data":"Burst","floor":15.0,"key":"SMITH"},{"data":"Accuracy","floor":24.0,"key":"SMITH"},{"floor":28.0,"key":"REST"},{"data":"After Image","floor":32.0,"key":"SMITH"}],"circlet_count":0,"master_deck":["AscendersBane","Survivor","Neutralize","Reflex","Noxious Fumes","Caltrops+1","Blade Dance+1","Acrobatics","Deflect","Burst+1","After Image+1","Choke","Envenom","Setup","Glass Knife","Bane","All Out Attack","Riddle With Holes","Skewer","Terror","Cloak And Dagger","Accuracy+1","Footwork","Leg Sweep","Footwork","Shame","Blade Dance","Outmaneuver","Phantasmal Killer","Backflip"],"relics":["Ring of the Snake","Ginger","Meat on the Bone","SsserpentHead","Kunai","Ninja Scroll","Pandora\u0027s Box","Lee\u0027s Waffle","Strawberry","Regal Pillow","Anchor","Oddly Smooth Stone","Pantograph","Boot"],"acts_visited":["Exordium","TheCity"],"potions_floor_usage":[33],"damage_taken":[{"damage":2.0,"enemies":"Small Slimes","floor":1.0,"turns":5.0},{"damage":1.0,"enemies":"2 Louse","floor":2.0,"turns":3.0},{"damage":7.0,"enemies":"Cultist","floor":4.0,"turns":4.0},{"damage":11.0,"enemies":"Large Slime","floor":5.0,"turns":7.0},{"damage":0.0,"enemies":"Gremlin Nob","floor":6.0,"turns":3.0},{"damage":9.0,"enemies":"Lagavulin","floor":11.0,"turns":7.0},{"damage":0.0,"enemies":"3 Louse","floor":12.0,"turns":3.0},{"damage":3.0,"enemies":"Hexaghost","floor":16.0,"turns":10.0},{"damage":11.0,"enemies":"2 Thieves","floor":18.0,"turns":4.0},{"damage":19.0,"enemies":"Shell Parasite","floor":19.0,"turns":6.0},{"damage":32.0,"enemies":"Slavers","floor":23.0,"turns":3.0},{"damage":35.0,"enemies":"Gremlin Leader","floor":25.0,"turns":9.0},{"damage":29.0,"enemies":"Book of Stabbing","floor":27.0,"turns":6.0},{"damage":19.0,"enemies":"Shelled Parasite and Fungi","floor":29.0,"turns":6.0},{"damage":19.0,"enemies":"Slavers","floor":31.0,"turns":8.0},{"damage":84,"enemies":"Automaton","floor":33,"turns":6}],"seed_played":"2025264857254841529","potions_obtained":[{"floor":1.0,"key":"Fruit Juice"},{"floor":4.0,"key":"Poison Potion"},{"floor":5.0,"key":"FearPotion"},{"floor":12.0,"key":"GamblersBrew"},{"floor":18.0,"key":"Explosive Potion"},{"floor":31.0,"key":"Dexterity Potion"}],"is_trial":false,"path_per_floor":["M","M","?","M","M","E","R","?","T","R","E","M","?","?","R","B",null,"M","M","?","$","?","E","R","E","T","E","R","M","?","E","R","B"],"character_chosen":"THE_SILENT","items_purchased":["Lee\u0027s Waffle","Leg Sweep","Footwork"],"campfire_rested":1,"item_purchase_floors":[21,21,21],"current_hp_per_floor":[62,61,61,54,43,43,43,43,43,43,46,46,25,14,14,23,59,48,41,41,78,85,53,53,30,30,13,53,46,46,39,39,0,0],"gold":337,"neow_bonus":"ONE_RARE_RELIC","is_daily":false,"chose_seed":false,"campfire_upgraded":5,"win_rate":0.0,"timestamp":1613146404,"path_taken":["M","M","?","M","M","E","R","?","T","R","E","?","?","?","R","BOSS","M","M","?","$","?","E","R","E","T","E","R","M","?","E","R","BOSS"],"items_purchased_type":["Relic","Card","Card"],"build_version":"2020-12-22","purchased_purges":1,"victory":false,"max_hp_per_floor":[71,71,71,71,71,71,71,71,71,71,71,71,71,71,71,71,71,71,71,71,78,85,85,85,85,85,85,85,85,85,85,85,85,85],"card_choices":[{"not_picked":["Quick Slash","Distraction"],"picked":"Reflex","floor":1.0},{"not_picked":["Accuracy","Bane"],"picked":"Noxious Fumes","floor":2.0},{"not_picked":["Predator","Acrobatics"],"picked":"Caltrops","floor":4.0},{"not_picked":["Underhanded Strike","All Out Attack"],"picked":"Blade Dance","floor":5.0},{"not_picked":["Prepared","Finisher"],"picked":"Acrobatics","floor":6.0},{"not_picked":["Acrobatics","Riddle With Holes"],"picked":"Deflect","floor":11.0},{"not_picked":["Acrobatics","Masterful Stab"],"picked":"Burst","floor":12.0},{"not_picked":["Tools of the Trade","Venomology"],"picked":"After Image","floor":16.0},{"not_picked":["Reflex","Heel Hook+1"],"picked":"Cloak And Dagger","floor":18.0},{"not_picked":["Dagger Spray","Backstab"],"picked":"Accuracy","floor":19.0},{"not_picked":["Quick Slash","Noxious Fumes"],"picked":"Blade Dance","floor":23.0},{"not_picked":["Bane","Backstab"],"picked":"Outmaneuver","floor":25.0},{"not_picked":["Cloak And Dagger","Accuracy"],"picked":"Phantasmal Killer","floor":27.0},{"not_picked":["Prepared","Deflect"],"picked":"Backflip","floor":29.0},{"not_picked":["Outmaneuver+1","Dagger Throw","Flying Knee"],"picked":"SKIP","floor":31.0}],"player_experience":977064,"relics_obtained":[{"floor":6.0,"key":"Meat on the Bone"},{"floor":9.0,"key":"Kunai"},{"floor":11.0,"key":"Ninja Scroll"},{"floor":23.0,"key":"Regal Pillow"},{"floor":25.0,"key":"Anchor"},{"floor":26.0,"key":"Oddly Smooth Stone"},{"floor":27.0,"key":"Pantograph"},{"floor":31.0,"key":"Boot"}],"event_choices":[{"damage_healed":0.0,"max_hp_gain":0.0,"max_hp_loss":0.0,"gold_gain":0.0,"cards_transformed":["Strike_G"],"event_name":"Living Wall","player_choice":"Change","floor":3.0,"gold_loss":0.0,"damage_taken":0.0,"cards_obtained":["Poisoned Stab"]},{"damage_healed":0.0,"max_hp_gain":0.0,"max_hp_loss":0.0,"gold_gain":0.0,"event_name":"FaceTrader","player_choice":"Trade","floor":8.0,"gold_loss":0.0,"damage_taken":0.0,"relics_obtained":["SsserpentHead"]},{"damage_healed":0.0,"max_hp_gain":0.0,"max_hp_loss":0.0,"gold_gain":0.0,"event_name":"Shining Light","player_choice":"Entered Light","floor":13.0,"gold_loss":0.0,"damage_taken":21.0,"cards_upgraded":["Defend_G","Strike_G"]},{"damage_healed":0.0,"max_hp_gain":0.0,"max_hp_loss":0.0,"gold_gain":75.0,"event_name":"World of Goop","player_choice":"Gather Gold","floor":14.0,"gold_loss":0.0,"damage_taken":11.0},{"damage_healed":0.0,"max_hp_gain":0.0,"max_hp_loss":0.0,"gold_gain":0.0,"event_name":"The Library","player_choice":"Read","floor":20.0,"gold_loss":0.0,"damage_taken":0.0,"cards_obtained":["Footwork"]},{"damage_healed":0.0,"max_hp_gain":0.0,"max_hp_loss":0.0,"gold_gain":0.0,"event_name":"Addict","player_choice":"Stole Relic","floor":22.0,"gold_loss":0.0,"damage_taken":0.0,"relics_obtained":["Strawberry"],"cards_obtained":["Shame"]},{"damage_healed":0.0,"max_hp_gain":0.0,"max_hp_loss":0.0,"gold_gain":0.0,"event_name":"Vampires","player_choice":"Ignored","floor":30.0,"gold_loss":0.0,"damage_taken":0.0}],"is_beta":false,"boss_relics":[{"not_picked":["Velvet Choker","Runic Pyramid"],"picked":"Pandora\u0027s Box"}],"items_purged_floors":[21],"is_endless":false,"potions_floor_spawned":[1,4,5,12,18,31],"killed_by":"Automaton","ascension_level":20}}