{"host":"bf5upntvbdompq33","time":1613165856,"event":{"mods":["BaseMod","Bestiary","Colored Map","Colored Powertips","Curses Come First","Minty Spire (QoL Compilation)","StSLib","ojb\u0027s Info Mod"],"gold_per_floor":[116,126,126,301,301,326,326,361,411,411,411],"floor_reached":10,"language":"ENG","playtime":841,"items_purged":[],"score":149,"play_id":"aab0e5a0-01aa-43ed-aeba-39662881571d","local_time":"20210212143736","is_ascension_mode":true,"campfire_choices":[{"data":"Regret","floor":7,"key":"PURGE"}],"circlet_count":0,"master_deck":["AscendersBane","Strike_G","Strike_G","Strike_G","Strike_G","Strike_G","Defend_G","Defend_G","Defend_G","Defend_G","Defend_G","Survivor","Neutralize","Deadly Poison","Deflect","Doubt","Adrenaline","Envenom"],"relics":["Ring of the Snake","NeowsBlessing","Blood Vial","Peace Pipe","Gremlin Horn","Akabeko","Omamori"],"acts_visited":["Exordium"],"potions_floor_usage":[],"damage_taken":[{"damage":0.0,"enemies":"Cultist","floor":1.0,"turns":1.0},{"damage":0.0,"enemies":"2 Louse","floor":2.0,"turns":1.0},{"damage":0,"enemies":"Gremlin Nob","floor":6,"turns":1},{"damage":42,"enemies":"3 Sentries","floor":8,"turns":19},{"damage":36,"enemies":"Lagavulin","floor":10,"turns":5}],"seed_played":"5725155279179512145","potions_obtained":[{"floor":2.0,"key":"CultistPotion"}],"is_trial":false,"path_per_floor":["M","M","?","?","T","E","R","E","T","E"],"character_chosen":"THE_SILENT","items_purchased":[],"campfire_rested":0,"item_purchase_floors":[],"current_hp_per_floor":[63,63,63,63,63,65,65,25,25,0,0],"gold":411,"neow_bonus":"THREE_ENEMY_KILL","is_daily":false,"chose_seed":false,"campfire_upgraded":0,"win_rate":0.0,"timestamp":1613165856,"path_taken":["M","M","?","?","?","E","R","E","T","E"],"items_purchased_type":[],"build_version":"2020-12-22","purchased_purges":0,"victory":false,"max_hp_per_floor":[70,70,70,70,70,70,70,70,70,70,70],"card_choices":[{"not_picked":["Underhanded Strike","Backflip"],"picked":"Deadly Poison","floor":1.0},{"not_picked":["Outmaneuver","Dodge and Roll"],"picked":"Deflect","floor":2.0},{"not_picked":["Phantasmal Killer","Tactician"],"picked":"Adrenaline","floor":6},{"not_picked":["Poisoned Stab","Crippling Poison"],"picked":"Envenom","floor":8}],"player_experience":1546346,"relics_obtained":[{"floor":5,"key":"Peace Pipe"},{"floor":6,"key":"Gremlin Horn"},{"floor":8,"key":"Akabeko"},{"floor":9,"key":"Omamori"}],"event_choices":[{"damage_healed":0,"gold_gain":0,"player_choice":"Box","damage_taken":0,"relics_obtained":["Blood Vial"],"max_hp_gain":0,"max_hp_loss":0,"event_name":"Big Fish","floor":3,"gold_loss":0,"cards_obtained":["Regret"]},{"damage_healed":0,"gold_gain":175,"player_choice":"AGREE","damage_taken":0,"max_hp_gain":0,"max_hp_loss":0,"event_name":"Liars Game","floor":4,"gold_loss":0,"cards_obtained":["Doubt"]}],"is_beta":false,"boss_relics":[],"items_purged_floors":[],"is_endless":false,"potions_floor_spawned":[2],"killed_by":"Lagavulin","ascension_level":10}}