{"host":"qljq6nt1bltq73k9","time":1613129346,"event":{"mods":["BaseMod","Colored Map","Colored Powertips","Downfall","Minty Spire (QoL Compilation)","Quick Restart","Replay The Spire","StSLib","[IsaacMod]ÒÔÈö¼âËþ"],"gold_per_floor":[99,115,100014,100164,100184,99050,99101,99116,99145,99145,97048,97061,95752,95767,95785,95890,95890,95890,95890,95890,94794,94794,94814,94814,94835,94835,94847,94858,94590,94590,94590,94610,94715,94715,94715,94731,94781,94020,94020,94048,94048,94067,94067,94087,94087,94098,93225,93245,93265,93265],"floor_reached":51,"language":"ZHS","playtime":5063,"items_purged":["downfall:Icky","hexamod:Strike","hexamod:Defend","hexamod:Strike","hexamod:Defend","Writhe","hexamod:Strike"],"score":808,"play_id":"f2433580-3c3e-48c4-ac4c-a2ab21dc4807","local_time":"20210212192906","is_ascension_mode":false,"campfire_choices":[{"data":"hexamod:Sear","floor":1.0,"key":"SMITH"},{"data":"ReplayUltimateDefense","floor":10.0,"key":"SMITH"},{"data":"Replay:SS_forest_2","floor":18.0,"key":"SMITH"},{"floor":26.0,"key":"REST"},{"data":"hexamod:TimeOfNeed","floor":30.0,"key":"SMITH"},{"floor":45,"key":"REST"}],"circlet_count":0,"master_deck":["hexamod:Defend","hexamod:Sear+1","hexamod:EtherealExpedition","hexamod:Incineration","hexamod:GhostOfSpireFuture","hexamod:VolcanoVisage","Specialist","ReplayUltimateDefense+1","hexamod:PowerFromBeyond","hexamod:Toasty","AbeCurse","hexamod:RadiantFlame+1","expansioncontent:QuickStudy","hexamod:GhostOfSpirePresent","Replay:SS_forest_2+1","hexamod:EtherealExpedition","hexamod:TimeOfNeed+1","hexamod:UnlimitedPower","hexamod:ApocalypticArmor","hexamod:NightmareStrike","hexamod:RadiantFlame+1","hexamod:EmpoweredFlame","Slimebound:CheckThePlaybook","downfall:Icky","hexamod:ParanormalForm","hexamod:HeatMetal+1","hexamod:GhostOfSpirePast+1","hexamod:Hexaguard","hexamod:DynamicBlow","Terror+1","Caltrops"],"relics":["hexamod:SpiritBrand","HushsDoor","Chaos","Replay:PocketPolymizer","ReplayTheSpireMod:Ninjato","Cauldron","UnicornStump","EdensBlessing","StrikeDummy","Abe\u0027s Treasure","hexamod:RecyclingMachine","GuppysHead","Replay:Kaleidoscope","ReplayTheSpireMod:TigerMarble","Vajra","hexamod:SoulConsumer","Bottled Lightning","Simple Rune","HowToJump","Dream Catcher","BlankCard","hexamod:TheBrokenSeal","PreservedInsect","Bag of Preparation","PrismaticShard","Pocketwatch","Orichalcum","hexamod:BolsterEngine","Divine Protection","OrangePellets","Replay:Ringing Soul","BlankCard"],"acts_visited":["Exordium","TheCity","TheBeyond"],"potions_floor_usage":[43,48,50],"damage_taken":[{"damage":6.0,"enemies":"Jaw Worm","floor":2.0,"turns":3.0},{"damage":1.0,"enemies":"2 Louse","floor":3.0,"turns":3.0},{"damage":0.0,"enemies":"Cultist","floor":5.0,"turns":4.0},{"damage":0.0,"enemies":"downfall:FleeingMerchant","floor":6.0,"turns":4.0},{"damage":2.0,"enemies":"3 Louse","floor":8.0,"turns":4.0},{"damage":1.0,"enemies":"3 Sentries","floor":9.0,"turns":3.0},{"damage":0.0,"enemies":"downfall:FleeingMerchant","floor":11.0,"turns":4.0},{"damage":6.0,"enemies":"2 Fungi Beasts","floor":12.0,"turns":3.0},{"damage":1.0,"enemies":"downfall:FleeingMerchant","floor":13.0,"turns":4.0},{"damage":11.0,"enemies":"Exordium Thugs","floor":14.0,"turns":3.0},{"damage":0.0,"enemies":"Exordium Wildlife","floor":15.0,"turns":1.0},{"damage":0.0,"enemies":"SI_SHIV_ARCHETYPE","floor":16.0,"turns":6.0},{"damage":17.0,"enemies":"downfall:FleeingMerchant","floor":21.0,"turns":4.0},{"damage":11.0,"enemies":"Chosen","floor":23.0,"turns":4.0},{"damage":30.0,"enemies":"Snake Plant","floor":25.0,"turns":4.0},{"damage":0.0,"enemies":"Snecko","floor":27.0,"turns":2.0},{"damage":10.0,"enemies":"Cultist and Chosen","floor":28.0,"turns":4.0},{"damage":14.0,"enemies":"downfall:FleeingMerchant","floor":29.0,"turns":4.0},{"damage":23.0,"enemies":"Chosen and Byrds","floor":32.0,"turns":6.0},{"damage":23.0,"enemies":"IC_MUSHROOM_ARCHETYPE","floor":33.0,"turns":7.0},{"damage":57.0,"enemies":"3 Darklings","floor":36.0,"turns":5.0},{"damage":3.0,"enemies":"3 Darklings","floor":37.0,"turns":6.0},{"damage":12.0,"enemies":"Giant Head","floor":40.0,"turns":5.0},{"damage":3.0,"enemies":"3 Shapes","floor":42.0,"turns":4.0},{"damage":0,"enemies":"Spire Growth","floor":43,"turns":1},{"damage":5,"enemies":"Sphere and 2 Shapes","floor":44,"turns":3},{"damage":14,"enemies":"Jaw Worm Horde","floor":46,"turns":4},{"damage":0,"enemies":"Spire Growth","floor":48,"turns":4},{"damage":20,"enemies":"Maw","floor":49,"turns":6},{"damage":24,"enemies":"DF_ARCHETYPE_ORBS","floor":50,"turns":10}],"seed_played":"-401972806398544909","potions_obtained":[{"floor":2.0,"key":"LiquidMemories"},{"floor":6.0,"key":"DistilledChaos"},{"floor":6.0,"key":"Flashbang"},{"floor":14.0,"key":"DuplicationPotion"},{"floor":21.0,"key":"Cursed Concoction"},{"floor":25.0,"key":"DistilledChaos"},{"floor":29.0,"key":"bronze:BurnAndBuffPotion"},{"floor":40.0,"key":"SmokeBomb"},{"floor":42.0,"key":"Energy Potion"},{"floor":44,"key":"Guardian:BlockOnCardUsePotion"}],"is_trial":false,"path_per_floor":["R","M","M","?","M","$","T","M","E","R","$","M","$","M","M","B",null,"R","?","?","$","T","M","T","M","R","M","M","$","R","?","M","B",null,"R_BF","M","?","$","?","E","T","M","M","M","R","M","$","M","M","B",null],"character_chosen":"THE_SPIRIT","items_purchased":["Replay:PocketPolymizer","ReplayTheSpireMod:Ninjato","Specialist","ReplayUltimateDefense","hexamod:ThirdSeal","Cauldron","EdensBlessing","StrikeDummy","EntropicBrew","Bomb","Abe\u0027s Treasure","hexamod:RadiantFlame","expansioncontent:QuickStudy","hexamod:RecyclingMachine","GuppysHead","Replay:Kaleidoscope","hexamod:GhostOfSpirePresent","Replay:SS_forest_2","Fruit Juice","Fire Potion","hexamod:SixthSeal","hexamod:SoulConsumer","DistilledChaos","Bottled Lightning","Diplopia","Dream Catcher","BlankCard","PrismaticShard","Pocketwatch","hexamod:Hexaguard","hexamod:DynamicBlow","Divine Protection","OrangePellets","Replay:Ringing Soul"],"campfire_rested":2,"item_purchase_floors":[6,6,6,6,6,6,11,11,11,11,11,11,11,13,13,13,13,13,13,13,17,21,21,21,21,29,29,38,38,38,38,47,47,47],"current_hp_per_floor":[77,71,70,70,70,70,70,68,67,67,67,61,72,61,61,68,78,78,78,63,53,53,53,53,34,58,58,55,52,52,52,93,74,93,93,36,37,37,37,29,29,30,30,29,56,42,42,46,30,10],"gold":93265,"neow_bonus":"TEN_PERCENT_HP_BONUS","is_daily":false,"chose_seed":false,"campfire_upgraded":4,"win_rate":0.0,"timestamp":1613129346,"path_taken":["R","M","M","?","M","$","T","?","E","R","$","M","$","M","M","BOSS","R","?","?","$","?","M","T","M","R","M","M","$","R","?","M","BOSS","R_BF","M","?","$","?","E","T","M","M","M","R","?","$","M","M","BOSS"],"items_purchased_type":["Relic","Relic","Card","Card","Card","Relic","Relic","Relic","Potion","Card","Relic","Card","Card","Relic","Relic","Relic","Card","Card","Potion","Potion","Card","Relic","Potion","Relic","Relic","Relic","Relic","Relic","Relic","Card","Card","Relic","Relic","Relic"],"build_version":"2020-12-22","purchased_purges":7,"victory":true,"max_hp_per_floor":[77,77,77,77,77,77,77,77,77,77,77,77,82,82,82,82,78,78,78,83,83,83,83,83,83,83,83,83,83,83,83,93,93,93,93,93,93,93,93,93,93,93,93,93,93,93,93,93,93,93],"card_choices":[{"not_picked":[],"picked":"Bomb","floor":0.0},{"not_picked":["hexamod:BacktrackSmack","hexamod:SpectralSpark"],"picked":"hexamod:EtherealExpedition","floor":2.0},{"not_picked":["hexamod:BacktrackSmack","hexamod:SwordOfDarkness"],"picked":"hexamod:Incineration","floor":3.0},{"not_picked":["hexamod:SwordOfDarkness","hexamod:GhostShield"],"picked":"hexamod:GhostOfSpireFuture","floor":5.0},{"not_picked":["hexamod:Haunt","hexamod:ThermalTransfer"],"picked":"hexamod:VolcanoVisage","floor":6.0},{"not_picked":["hexamod:ThermalTransfer","hexamod:CatchUp","hexamod:BacktrackSmack"],"picked":"SKIP","floor":8.0},{"not_picked":["hexamod:NightmareGuise","hexamod:HeatMetal","hexamod:SwordOfDarkness"],"picked":"SKIP","floor":9.0},{"not_picked":["hexamod:CatchUp","hexamod:Hexaguard"],"picked":"hexamod:Toasty","floor":11.0},{"not_picked":["hexamod:SpectralSpark","hexamod:ThermalTransfer","hexamod:Hexaguard"],"picked":"SKIP","floor":11.0},{"not_picked":["hexamod:FastForward","hexamod:HauntingEcho"],"picked":"hexamod:FirstSeal","floor":12.0},{"not_picked":["hexamod:SwordOfDarkness","hexamod:BurningTouch","hexamod:RetreatToShadows"],"picked":"SKIP","floor":12.0},{"not_picked":["hexamod:AdvancingGuard","hexamod:ShieldOfDarkness"],"picked":"hexamod:FourthSeal","floor":13.0},{"not_picked":["hexamod:BacktrackSmack","hexamod:FastForward","hexamod:SuperheatedStrike"],"picked":"SKIP","floor":13.0},{"not_picked":["hexamod:RecurringNightmare","hexamod:PhantomCloak"],"picked":"hexamod:EtherealExpedition","floor":14.0},{"not_picked":["hexamod:GhostShield","hexamod:HauntingEcho"],"picked":"hexamod:TimeOfNeed","floor":14.0},{"not_picked":["hexamod:InspiringFlames","hexamod:FlamesFromBeyond","hexamod:ThermalTransfer"],"picked":"SKIP","floor":15.0},{"not_picked":["hexamod:VolcanoVisage","hexamod:GhostOfSpirePresent"],"picked":"hexamod:UnlimitedPower","floor":16.0},{"not_picked":["hexamod:TurnItUp","hexamod:Toasty"],"picked":"hexamod:ApocalypticArmor","floor":16.0},{"not_picked":["hexamod:HauntingEcho+1","hexamod:NightmareStrike"],"picked":"hexamod:RadiantFlame+1","floor":21.0},{"not_picked":["hexamod:RecurringNightmare","hexamod:FastForward"],"picked":"hexamod:SecondSeal","floor":23.0},{"not_picked":["hexamod:FastForward","hexamod:Firestarter+1","hexamod:ThermalTransfer"],"picked":"SKIP","floor":25.0},{"not_picked":["hexamod:SuperheatedStrike","hexamod:PowerFromBeyond","hexamod:BacktrackSmack"],"picked":"SKIP","floor":25.0},{"not_picked":["hexamod:NightmareStrike","hexamod:ThermalTransfer","hexamod:BurningTouch"],"picked":"SKIP","floor":27.0},{"not_picked":["hexamod:NecessarySacrifice","hexamod:ChargedBarrage"],"picked":"hexamod:FifthSeal","floor":28.0},{"not_picked":["hexamod:BurningTouch","hexamod:SpectersWail","hexamod:SwordOfDarkness"],"picked":"SKIP","floor":29.0},{"not_picked":["hexamod:GhostShield","hexamod:FastForward+1","hexamod:BacktrackSmack"],"picked":"SKIP","floor":32.0},{"not_picked":["hexamod:UnleashSpirits","hexamod:TurnItUp"],"picked":"hexamod:ParanormalForm","floor":33.0},{"not_picked":["hexamod:BurningTouch","hexamod:Hexaguard"],"picked":"hexamod:HeatMetal+1","floor":36.0},{"not_picked":["hexamod:SpectralSpark+1","hexamod:FlamesFromBeyond"],"picked":"hexamod:GhostOfSpirePast+1","floor":37.0},{"not_picked":["Distribution+1","hexamod:SwordOfDarkness","champ:AdrenalArmor+1"],"picked":"SKIP","floor":40.0},{"not_picked":["Distribution","sneckomod:SlitherStrike"],"picked":"Terror+1","floor":42.0},{"not_picked":["DeceiveReality","Guardian:Reroute"],"picked":"Caltrops","floor":44},{"not_picked":["champ:RapidStrikes","BattleHymn+1","sneckomod:QuickMove+1"],"picked":"SKIP","floor":46},{"not_picked":["Acrobatics","champ:PreciseThrust","hexamod:RainOfEmbers+1"],"picked":"SKIP","floor":48},{"not_picked":["EmptyBody+1","champ:HeartStrike+1","hexamod:BacktrackSmack+1"],"picked":"SKIP","floor":49}],"player_experience":474208,"relics_obtained":[{"floor":9.0,"key":"UnicornStump"},{"floor":22.0,"key":"Simple Rune"},{"floor":24.0,"key":"HowToJump"},{"floor":37.0,"key":"Bag of Preparation"},{"floor":40.0,"key":"Orichalcum"},{"floor":41.0,"key":"hexamod:BolsterEngine"}],"event_choices":[],"is_beta":false,"boss_relics":[{"not_picked":["Replay:WaspNest","Sundial"],"picked":"ReplayTheSpireMod:TigerMarble"},{"not_picked":[]},{"not_picked":["Thread and Needle","Bronze Scales"],"picked":"PreservedInsect"},{"not_picked":[]}],"items_purged_floors":[6,11,13,21,29,38,47],"is_endless":false,"potions_floor_spawned":[2,12,14,15,23,25,33,40,42,43,44],"ascension_level":0}}