{"host":"8rqsnaeml9gxb0kp","time":1613095420,"event":{"mods":["AchievementEnabler","BaseMod","Dark Map","Minty Spire (QoL Compilation)","Relic Stats","StSLib","slay the spire mod where everything is the same but ironclad has a cowboy hat"],"gold_per_floor":[116,134,62,82,82,82,107,119,154,182,194,506,518,298,298,399,399,409,409,45,97,107,107,107,107],"floor_reached":24,"language":"ENG","playtime":1363,"items_purged":[],"score":202,"play_id":"69a69b7b-83fa-4df0-b7ef-94bb061ff77e","local_time":"20210211180340","is_ascension_mode":true,"campfire_choices":[{"data":"Echo Form","floor":6.0,"key":"SMITH"},{"floor":8.0,"key":"REST"},{"data":"Doom and Gloom","floor":11.0,"key":"SMITH"},{"floor":13.0,"key":"REST"},{"data":"Hologram","floor":15.0,"key":"SMITH"},{"data":"Sunder","floor":23,"key":"SMITH"}],"circlet_count":0,"master_deck":["Strike_B","Strike_B","Strike_B","Strike_B","Defend_B","Defend_B","Defend_B","Zap","Dualcast","Echo Form+1","Self Repair","Loop","Doom and Gloom+1","Sweeping Beam","Heatsinks","Go for the Eyes","Leap","Biased Cognition","Hologram+1","Rip and Tear","Biased Cognition","Doom and Gloom+1","Self Repair","Coolheaded","Conserve Battery+1","Coolheaded+1","Seek","Capacitor","Sunder+1"],"relics":["Cracked Core","MawBank","Tiny Chest","Old Coin","Inserter","Orrery","Juzu Bracelet","Vajra"],"acts_visited":["Exordium","TheCity"],"potions_floor_usage":[24],"damage_taken":[{"damage":8.0,"enemies":"Jaw Worm","floor":1.0,"turns":3.0},{"damage":6.0,"enemies":"Cultist","floor":2.0,"turns":3.0},{"damage":22.0,"enemies":"Small Slimes","floor":4.0,"turns":4.0},{"damage":49.0,"enemies":"3 Sentries","floor":7.0,"turns":5.0},{"damage":7.0,"enemies":"2 Fungi Beasts","floor":10.0,"turns":3.0},{"damage":16.0,"enemies":"Slime Boss","floor":16.0,"turns":8.0},{"damage":51.0,"enemies":"2 Thieves","floor":18.0,"turns":5.0},{"damage":28,"enemies":"Shell Parasite","floor":22,"turns":10},{"damage":40,"enemies":"Slavers","floor":24,"turns":2}],"seed_played":"-5861543622293365236","potions_obtained":[{"floor":1.0,"key":"FocusPotion"},{"floor":4.0,"key":"Strength Potion"},{"floor":18.0,"key":"Energy Potion"}],"is_trial":false,"path_per_floor":["M","M","$","M","?","R","E","R","T","M","R","?","R","$","R","B",null,"M","?","$","T","M","R","E"],"character_chosen":"DEFECT","items_purchased":["Doom and Gloom","Biased Cognition","Hologram","Rip and Tear","Self Repair","Orrery","Juzu Bracelet"],"campfire_rested":2,"item_purchase_floors":[3,14,14,14,20,20,20],"current_hp_per_floor":[67,68,68,60,60,60,18,40,40,40,40,37,59,59,59,50,75,38,38,38,38,38,38,0,0],"gold":107,"neow_bonus":"ONE_RANDOM_RARE_CARD","is_daily":false,"chose_seed":false,"campfire_upgraded":4,"win_rate":0.0,"timestamp":1613095420,"path_taken":["M","M","$","M","?","R","E","R","T","?","R","?","R","$","R","BOSS","M","?","$","?","M","R","E"],"items_purchased_type":["Card","Card","Card","Card","Card","Relic","Relic"],"build_version":"2020-12-22","purchased_purges":0,"victory":false,"max_hp_per_floor":[75,75,75,75,75,75,75,75,75,75,75,75,75,75,75,75,75,75,75,75,75,75,75,75,75],"relic_stats":{"Inserter":[8],"counters":[9,43],"Tiny Chest":1,"Juzu Bracelet":0,"MawBank":84,"obtain_stats":[{"Inserter":17,"Orrery":20,"Vajra":21,"Tiny Chest":9,"Juzu Bracelet":20,"Cracked Core":0,"MawBank":7,"Old Coin":12},{"Inserter":6,"Orrery":7,"Vajra":7,"Tiny Chest":4,"Juzu Bracelet":7,"Cracked Core":0,"MawBank":4,"Old Coin":5},{"Inserter":26,"Orrery":31,"Vajra":31,"Tiny Chest":15,"Juzu Bracelet":31,"Cracked Core":0,"MawBank":15,"Old Coin":18}]},"card_choices":[{"not_picked":["Coolheaded","Capacitor"],"picked":"Self Repair","floor":1.0},{"not_picked":["Redo","Gash"],"picked":"Loop","floor":2.0},{"not_picked":["White Noise","Redo"],"picked":"Sweeping Beam","floor":4.0},{"not_picked":["Steam","Hello World"],"picked":"Go for the Eyes","floor":7.0},{"not_picked":["Hello World","Gash"],"picked":"Leap","floor":10.0},{"not_picked":["Creative AI","Hyperbeam"],"picked":"Biased Cognition","floor":16.0},{"not_picked":["Melter","Hologram"],"picked":"Doom and Gloom","floor":18.0},{"not_picked":["All For One","Steam Power"],"picked":"Coolheaded","floor":20.0},{"not_picked":["Coolheaded","Hologram"],"picked":"Conserve Battery+1","floor":20.0},{"not_picked":["Aggregate","Leap"],"picked":"Coolheaded+1","floor":20.0},{"not_picked":["White Noise","Rip and Tear"],"picked":"Seek","floor":20.0},{"not_picked":["Beam Cell","Melter"],"picked":"Capacitor","floor":20.0},{"not_picked":["Ball Lightning","Streamline+1"],"picked":"Sunder","floor":22}],"player_experience":204095,"relics_obtained":[{"floor":7.0,"key":"MawBank"},{"floor":9.0,"key":"Tiny Chest"},{"floor":21.0,"key":"Vajra"}],"event_choices":[{"damage_healed":0.0,"max_hp_gain":0.0,"max_hp_loss":0.0,"gold_gain":0.0,"cards_transformed":["Defend_B"],"event_name":"Transmorgrifier","player_choice":"Transformed","floor":5.0,"gold_loss":0.0,"damage_taken":0.0,"cards_obtained":["Heatsinks"]},{"damage_healed":0.0,"max_hp_gain":0.0,"max_hp_loss":0.0,"gold_gain":0.0,"event_name":"Scrap Ooze","player_choice":"Success","floor":12.0,"gold_loss":0.0,"damage_taken":3.0,"relics_obtained":["Old Coin"]},{"damage_healed":0.0,"max_hp_gain":0.0,"max_hp_loss":0.0,"gold_gain":0.0,"event_name":"Accursed Blacksmith","player_choice":"Forge","floor":19.0,"gold_loss":0.0,"damage_taken":0.0,"cards_upgraded":["Doom and Gloom"]}],"is_beta":false,"boss_relics":[{"not_picked":["Snecko Eye","FrozenCore"],"picked":"Inserter"}],"items_purged_floors":[],"is_endless":false,"potions_floor_spawned":[1,4,18],"killed_by":"Slavers","ascension_level":1}}