{"host":"phy652c7lim9lcu2","time":1613127829,"event":{"mods":["BaseMod","Colored Powertips","Downfall","Googly Eyes","Minty Spire (QoL Compilation)","Relic Stats","Spicy Shops","StSLib","everything is the same but u backflip on backflip"],"gold_per_floor":[363,381,341,24,34,68,68,79,79,79,97,109,109,141,141,243,243,255,268,284,34,49,49,96,96,96,126,1,12,39,39,39,144,144,158,175,191,191,191],"floor_reached":38,"language":"ENG","playtime":1163,"items_purged":["Defend_R","Strike_R","Strike_R"],"score":717,"play_id":"c9c99090-f3d1-4c37-ad0d-5c8e1d22053b","local_time":"20210212210349","is_ascension_mode":true,"campfire_choices":[{"data":"1","floor":7,"key":"LIFT"},{"data":"2","floor":10,"key":"LIFT"},{"data":"3","floor":13,"key":"LIFT"},{"data":"Bash","floor":15,"key":"SMITH"},{"data":"Heavy Blade","floor":23,"key":"SMITH"},{"data":"Demon Form","floor":25,"key":"SMITH"},{"data":"Clothesline","floor":32,"key":"SMITH"}],"circlet_count":0,"master_deck":["AscendersBane","Strike_R","Defend_R+1","Defend_R","Bash+1","Flex+1","Iron Wave","Pommel Strike","Cleave","Demon Form+1","Shrug It Off+1","Bloodletting+1","Immolate+1","Heavy Blade+1","Fire Breathing","Clothesline+1","Feel No Pain+1","Double Tap","Heavy Blade+1"],"relics":["Burning Blood","Girya","Oddly Smooth Stone","Magic Flower","Torii","Mango","Astrolabe","Orichalcum","Mercury Hourglass","War Paint","Bottled Lightning","Regal Pillow","SlaversCollar"],"acts_visited":["Exordium","TheCity","TheBeyond"],"potions_floor_usage":[6,14,30,36],"damage_taken":[{"damage":13,"enemies":"2 Louse","floor":1,"turns":3},{"damage":1,"enemies":"Cultist","floor":2,"turns":3},{"damage":0,"enemies":"Small Slimes","floor":5,"turns":3},{"damage":16,"enemies":"3 Sentries","floor":6,"turns":8},{"damage":10,"enemies":"Looter","floor":8,"turns":3},{"damage":1,"enemies":"Exordium Wildlife","floor":11,"turns":3},{"damage":1,"enemies":"3 Louse","floor":12,"turns":2},{"damage":24,"enemies":"Lagavulin","floor":14,"turns":5},{"damage":46,"enemies":"The Guardian","floor":16,"turns":10},{"damage":21,"enemies":"3 Byrds","floor":18,"turns":4},{"damage":3,"enemies":"Chosen","floor":19,"turns":3},{"damage":18,"enemies":"Snake Plant","floor":20,"turns":3},{"damage":13,"enemies":"Snecko","floor":22,"turns":3},{"damage":3,"enemies":"Gremlin Leader","floor":27,"turns":4},{"damage":20,"enemies":"Shelled Parasite and Fungi","floor":29,"turns":4},{"damage":12,"enemies":"Book of Stabbing","floor":30,"turns":4},{"damage":30,"enemies":"Automaton","floor":33,"turns":6},{"damage":15,"enemies":"Orb Walker","floor":35,"turns":4},{"damage":3,"enemies":"3 Darklings","floor":36,"turns":3},{"damage":29,"enemies":"Jaw Worm Horde","floor":37,"turns":3},{"damage":58,"enemies":"Writhing Mass","floor":38,"turns":5}],"seed_played":"3431180136873860169","potions_obtained":[{"floor":2,"key":"champ:CounterPotion"},{"floor":3,"key":"EssenceOfSteel"},{"floor":3,"key":"Fire Potion"},{"floor":3,"key":"ElixirPotion"},{"floor":5,"key":"PowerPotion"},{"floor":6,"key":"Weak Potion"},{"floor":20,"key":"Guardian:BlockOnCardUsePotion"},{"floor":29,"key":"SkillPotion"},{"floor":33,"key":"ColorlessPotion"},{"floor":36,"key":"Dexterity Potion"}],"is_trial":false,"path_per_floor":["M","M","?","$","M","E","R","M","T","R","M","M","R","E","R","B",null,"M","M","M","$","M","R","T","R","T","E","$","M","E","?","R","B",null,"M","M","M","M"],"character_chosen":"IRONCLAD","items_purchased":["Girya","Oddly Smooth Stone","Clothesline"],"campfire_rested":0,"item_purchase_floors":[4,4,21],"current_hp_per_floor":[44,49,49,49,55,45,45,44,44,44,52,60,60,59,59,22,76,64,70,61,61,57,57,57,57,57,63,63,52,49,49,49,28,78,72,78,58,0,0],"gold":191,"neow_bonus":"TWO_FIFTY_GOLD","is_daily":false,"chose_seed":false,"campfire_upgraded":4,"win_rate":0.0,"timestamp":1613127829,"path_taken":["M","M","?","$","M","E","R","M","T","R","M","M","R","E","R","BOSS","M","M","M","$","M","R","?","R","T","E","$","M","E","?","R","BOSS","M","M","M","M"],"items_purchased_type":["Relic","Relic","Card"],"build_version":"2020-12-22","purchased_purges":3,"victory":false,"max_hp_per_floor":[80,80,80,80,80,80,80,80,80,80,80,80,80,94,94,94,94,94,94,94,94,94,94,94,94,94,94,94,94,94,94,94,94,94,94,94,94,94,94],"relic_stats":{"Regal Pillow":0,"Torii":49,"counters":[21,86],"Astrolabe":["Shrug It Off","Bloodletting","Immolate"],"Magic Flower":[48],"Orichalcum":[102],"War Paint":["Defend_R","Flex"],"obtain_stats":[{"Girya":4,"Regal Pillow":31,"Torii":9,"Astrolabe":17,"Oddly Smooth Stone":4,"Magic Flower":6,"Mango":14,"Orichalcum":24,"War Paint":27,"Burning Blood":0,"Mercury Hourglass":26,"SlaversCollar":34,"Bottled Lightning":30},{"Girya":2,"Regal Pillow":16,"Torii":5,"Astrolabe":9,"Oddly Smooth Stone":2,"Magic Flower":4,"Mango":8,"Orichalcum":13,"War Paint":14,"Burning Blood":0,"Mercury Hourglass":13,"SlaversCollar":17,"Bottled Lightning":16},{"Girya":6,"Regal Pillow":65,"Torii":20,"Astrolabe":40,"Oddly Smooth Stone":6,"Magic Flower":17,"Mango":30,"Orichalcum":53,"War Paint":57,"Burning Blood":0,"Mercury Hourglass":53,"SlaversCollar":71,"Bottled Lightning":65}],"Burning Blood":168,"Mercury Hourglass":[104]},"card_choices":[{"not_picked":["Perfected Strike","True Grit"],"picked":"Flex","floor":1},{"not_picked":["Feel No Pain","Headbutt"],"picked":"Iron Wave","floor":2},{"not_picked":["Sword Boomerang","Evolve"],"picked":"Pommel Strike","floor":5},{"not_picked":["Clothesline","Ghostly Armor","Warcry"],"picked":"SKIP","floor":6},{"not_picked":["Headbutt","Twin Strike"],"picked":"Cleave","floor":8},{"not_picked":["Perfected Strike","Havoc","Exhume"],"picked":"SKIP","floor":11},{"not_picked":["Flex","Sever Soul","Power Through"],"picked":"SKIP","floor":12},{"not_picked":["Ghostly Armor","Power Through","Rupture"],"picked":"SKIP","floor":14},{"not_picked":["Impervious","Juggernaut"],"picked":"Demon Form","floor":16},{"not_picked":["Armaments","Wild Strike"],"picked":"Heavy Blade","floor":18},{"not_picked":["Armaments","Dropkick"],"picked":"Fire Breathing","floor":19},{"not_picked":["Dropkick","Reckless Charge+1","Rage"],"picked":"SKIP","floor":20},{"not_picked":["Rampage","Anger"],"picked":"Feel No Pain+1","floor":22},{"not_picked":["Havoc","Thunderclap+1","Warcry"],"picked":"SKIP","floor":27},{"not_picked":["Armaments","Twin Strike","Clothesline"],"picked":"SKIP","floor":29},{"not_picked":["Clash","Infernal Blade","Sentinel"],"picked":"SKIP","floor":30},{"not_picked":["Impervious","Barricade"],"picked":"Double Tap","floor":33},{"not_picked":["Flame Barrier","Iron Wave+1"],"picked":"Heavy Blade+1","floor":35},{"not_picked":["Body Slam","Iron Wave+1","Rupture+1"],"picked":"SKIP","floor":36},{"not_picked":["Iron Wave","Searing Blow","Headbutt"],"picked":"SKIP","floor":37}],"player_experience":325615,"relics_obtained":[{"floor":6,"key":"Magic Flower"},{"floor":9,"key":"Torii"},{"floor":14,"key":"Mango"},{"floor":24,"key":"Orichalcum"},{"floor":26,"key":"Mercury Hourglass"},{"floor":27,"key":"War Paint"},{"floor":30,"key":"Bottled Lightning"}],"event_choices":[{"damage_healed":0,"gold_gain":0,"player_choice":"Bought 3 Potions","damage_taken":0,"max_hp_gain":0,"max_hp_loss":0,"event_name":"The Woman in Blue","floor":3,"gold_loss":0},{"damage_healed":0,"gold_gain":0,"player_choice":"Opened","damage_taken":0,"relics_obtained":["Regal Pillow"],"max_hp_gain":0,"max_hp_loss":0,"event_name":"The Mausoleum","floor":31,"gold_loss":0}],"is_beta":false,"boss_relics":[{"not_picked":["Snecko Eye","SacredBark"],"picked":"Astrolabe"},{"not_picked":["Pandora\u0027s Box","Black Blood"],"picked":"SlaversCollar"}],"items_purged_floors":[4,21,28],"is_endless":false,"potions_floor_spawned":[2,5,6,11,20,29,33,35,36,37],"killed_by":"Writhing Mass","ascension_level":10}}