{"host":"y0i0tbisecj7yjyn","time":1613113178,"event":{"mods":["AchievementEnabler","AlwaysNeverKeys","BaseMod","BetterRewards","Colored Map","Colored Powertips","Curses Come First","Disable Question Mark Monsters","Displayed Cursed Tome","Highlight Path","Keyboard Shortcuts","Minty Spire (QoL Compilation)","Quick Restart","Random Character Button","Rare Cards Sparkle","StSLib","SuperFastMode","Transform Curses","Weighted Paths"],"gold_per_floor":[113,113,124,141,153,153,153,153],"floor_reached":7,"language":"ENG","playtime":432,"items_purged":[],"score":47,"play_id":"9c7c2b0e-d010-4ee2-b18f-3814e1b538d7","local_time":"20210212005938","is_ascension_mode":true,"campfire_choices":[{"data":"Body Slam","floor":6,"key":"SMITH"}],"circlet_count":0,"master_deck":["Strike_R","Strike_R","Strike_R","Strike_R","Strike_R","Defend_R","Defend_R","Defend_R","Defend_R","Bash","Body Slam","Decay","Panacea","Intimidate","Body Slam+1"],"relics":["Burning Blood"],"acts_visited":["Exordium"],"potions_floor_usage":[],"damage_taken":[{"damage":0,"enemies":"Small Slimes","floor":1,"turns":3},{"damage":7,"enemies":"Cultist","floor":3,"turns":4},{"damage":17,"enemies":"2 Louse","floor":4,"turns":3},{"damage":16,"enemies":"Looter","floor":5,"turns":4},{"damage":58,"enemies":"Lagavulin","floor":7,"turns":7}],"seed_played":"-7623653458383641964","potions_obtained":[{"floor":0,"key":"LiquidMemories"},{"floor":0,"key":"EssenceOfSteel"},{"floor":0,"key":"BlessingOfTheForge"},{"floor":1,"key":"Explosive Potion"}],"is_trial":false,"path_per_floor":["M","?","M","M","M","R","E"],"character_chosen":"IRONCLAD","items_purchased":[],"campfire_rested":0,"item_purchase_floors":[],"current_hp_per_floor":[80,80,79,68,58,58,0,0],"gold":153,"neow_bonus":"THREE_SMALL_POTIONS","is_daily":false,"chose_seed":false,"campfire_upgraded":1,"win_rate":0.0,"timestamp":1613113178,"path_taken":["M","?","M","?","?","R","E"],"items_purchased_type":[],"build_version":"2020-12-22","purchased_purges":0,"victory":false,"max_hp_per_floor":[80,80,80,80,80,80,80,80],"card_choices":[{"not_picked":["Sever Soul","Iron Wave"],"picked":"Body Slam","floor":1},{"not_picked":["Twin Strike","Clothesline","Thunderclap"],"picked":"SKIP","floor":3},{"not_picked":["Carnage","Power Through"],"picked":"Intimidate","floor":4},{"not_picked":["Wild Strike","Searing Blow"],"picked":"Body Slam","floor":5}],"player_experience":436350,"relics_obtained":[],"event_choices":[{"damage_healed":0,"gold_gain":0,"player_choice":"2 cards matched","damage_taken":0,"max_hp_gain":0,"max_hp_loss":0,"event_name":"Match and Keep!","floor":2,"gold_loss":0,"cards_obtained":["Decay","Panacea"]}],"is_beta":false,"boss_relics":[],"items_purged_floors":[],"is_endless":false,"potions_floor_spawned":[1,4,5],"killed_by":"Lagavulin","ascension_level":2}}