{"host":"1poy056mauca3bbh","time":1613168537,"event":{"mods":["Ascension Unlocker","BaseMod","Bestiary","Block Reminder","Colored Map","Colored Powertips","Curses Come First","Highlight Path","Minty Spire (QoL Compilation)","Permanent Neow","Quick Restart","Rare Cards Sparkle","Relic Stats","Smile Girya","StSLib","UnlockEverythingMod"],"gold_per_floor":[118,193,28,43,57,57,57,84,84,84,84,96,96,109,109,109,109],"floor_reached":16,"language":"ENG","playtime":548,"items_purged":[],"score":200,"play_id":"bed2f39f-e4a1-4d62-b972-67ea69094061","local_time":"20210212172217","is_ascension_mode":true,"campfire_choices":[{"floor":6.0,"key":"REST"},{"floor":13.0,"key":"REST"},{"floor":15.0,"key":"REST"}],"circlet_count":0,"master_deck":["AscendersBane","Strike_B","Strike_B","Strike_B","Defend_B","Defend_B","Defend_B","Zap","Dualcast","Double Energy","Turbo","Tempest","Ball Lightning","Cold Snap","FTL"],"relics":["Snecko Eye","Toolbox","Pear","MealTicket","Blood Vial"],"acts_visited":["Exordium"],"potions_floor_usage":[16,16,16,16],"damage_taken":[{"damage":4.0,"enemies":"Small Slimes","floor":1.0,"turns":4.0},{"damage":0.0,"enemies":"Jaw Worm","floor":4.0,"turns":3.0},{"damage":0.0,"enemies":"Cultist","floor":5.0,"turns":3.0},{"damage":10.0,"enemies":"3 Sentries","floor":8.0,"turns":3.0},{"damage":23.0,"enemies":"3 Louse","floor":12.0,"turns":3.0},{"damage":9.0,"enemies":"2 Fungi Beasts","floor":14.0,"turns":3.0},{"damage":64,"enemies":"Slime Boss","floor":16,"turns":7}],"seed_played":"-4035318059527578981","potions_obtained":[{"floor":5.0,"key":"EntropicBrew"},{"floor":12.0,"key":"PotionOfCapacity"}],"is_trial":false,"path_per_floor":["M","?","$","M","M","R","?","E","T","?","?","M","R","M","R","B"],"character_chosen":"DEFECT","items_purchased":["Toolbox"],"campfire_rested":3,"item_purchase_floors":[3],"current_hp_per_floor":[60,49,49,49,49,70,70,70,70,44,37,16,40,33,57,0,0],"gold":109,"neow_bonus":"BOSS_RELIC","is_daily":false,"chose_seed":false,"campfire_upgraded":0,"win_rate":0.0,"timestamp":1613168537,"path_taken":["M","?","$","M","M","R","?","E","T","?","?","?","R","M","R","BOSS"],"items_purchased_type":["Relic"],"build_version":"2020-12-22","purchased_purges":0,"victory":false,"max_hp_per_floor":[71,71,71,71,71,71,71,81,81,81,81,81,81,81,81,81,81],"relic_stats":{"Blood Vial":6,"counters":[7,26],"Snecko Eye":[46,42,50,31],"MealTicket":0,"obtain_stats":[{"Blood Vial":10,"Pear":8,"Snecko Eye":0,"Toolbox":3,"MealTicket":9,"Cracked Core":0},{"Blood Vial":4,"Pear":4,"Snecko Eye":0,"Toolbox":1,"MealTicket":4,"Cracked Core":0},{"Blood Vial":13,"Pear":13,"Snecko Eye":0,"Toolbox":4,"MealTicket":13,"Cracked Core":0}]},"card_choices":[{"not_picked":["Sweeping Beam","White Noise"],"picked":"Double Energy","floor":1.0},{"not_picked":["BootSequence","Stack"],"picked":"Turbo","floor":4.0},{"not_picked":["Lockon","Darkness"],"picked":"Tempest","floor":5.0},{"not_picked":["Leap","Barrage","Compile Driver"],"picked":"SKIP","floor":8.0},{"not_picked":["Gash","Redo"],"picked":"Cold Snap","floor":12.0},{"not_picked":["Go for the Eyes","Static Discharge"],"picked":"FTL","floor":14.0}],"player_experience":143822,"relics_obtained":[{"floor":8.0,"key":"Pear"},{"floor":9.0,"key":"MealTicket"}],"event_choices":[{"damage_healed":0.0,"max_hp_gain":0.0,"max_hp_loss":0.0,"gold_gain":75.0,"event_name":"World of Goop","player_choice":"Gather Gold","floor":2.0,"gold_loss":0.0,"damage_taken":11.0},{"damage_healed":0.0,"max_hp_gain":0.0,"max_hp_loss":0.0,"gold_gain":0.0,"cards_transformed":["Strike_B"],"event_name":"Living Wall","player_choice":"Change","floor":7.0,"gold_loss":0.0,"damage_taken":0.0,"cards_obtained":["Ball Lightning"]},{"damage_healed":0.0,"max_hp_gain":0.0,"max_hp_loss":0.0,"gold_gain":0.0,"event_name":"Scrap Ooze","player_choice":"Success","floor":10.0,"gold_loss":0.0,"damage_taken":26.0,"relics_obtained":["Blood Vial"]},{"cards_removed":["Defend_B"],"damage_healed":0.0,"max_hp_gain":0.0,"max_hp_loss":0.0,"gold_gain":0.0,"event_name":"Golden Wing","player_choice":"Card Removal","floor":11.0,"gold_loss":0.0,"damage_taken":7.0}],"is_beta":false,"boss_relics":[],"items_purged_floors":[],"is_endless":false,"potions_floor_spawned":[5,12],"killed_by":"Slime Boss","ascension_level":20}}