{"host":"2dp3t1i5s6bd92af","time":1613158547,"event":{"mods":["ATMod(ªü½@Mod)","BaseMod","Colored Powertips","Minty Spire (QoL Compilation)","StSLib","The Alterego","The Animator","The Disciple","The Necromancer"],"gold_per_floor":[110,122,122,142,162,162,162],"floor_reached":6,"language":"ZHS","playtime":485,"items_purged":[],"score":38,"play_id":"f7e50956-4f44-4665-be85-710bf254ae75","local_time":"20210213033547","is_ascension_mode":false,"campfire_choices":[],"circlet_count":0,"master_deck":["alterego_mod:Strike","alterego_mod:Strike","alterego_mod:Strike","alterego_mod:Strike","alterego_mod:Defend","alterego_mod:Defend","alterego_mod:Defend","alterego_mod:Defend","alterego_mod:Impale","alterego_mod:BigMeatyClaws","alterego_mod:BrynhildrsRune","AT_EmpoweredMortalDraw","alterego_mod:Punishment","alterego_mod:DeftHands","alterego_mod:MagicResistance","alterego_mod:Bunnysuit"],"relics":["alterego_mod:MasochisticConstitution","AT_ATBox","NeowsBlessing","AT_RabadonDeathcap"],"acts_visited":["Exordium"],"potions_floor_usage":[6],"damage_taken":[{"damage":3.0,"enemies":"Jaw Worm","floor":1.0,"turns":2.0},{"damage":7.0,"enemies":"2 Louse","floor":2.0,"turns":5.0},{"damage":3.0,"enemies":"Cultist","floor":4.0,"turns":4.0},{"damage":6,"enemies":"Looter","floor":5,"turns":3},{"damage":24,"enemies":"3 Sentries","floor":6,"turns":12}],"seed_played":"-231469921109180357","potions_obtained":[{"floor":2.0,"key":"Energy Potion"}],"is_trial":false,"path_per_floor":["M","M","?","M","M","E"],"character_chosen":"The_Alterego","items_purchased":[],"campfire_rested":0,"item_purchase_floors":[],"current_hp_per_floor":[71,65,40,45,47,30,30],"gold":162,"neow_bonus":"THREE_ENEMY_KILL","is_daily":false,"chose_seed":false,"campfire_upgraded":0,"win_rate":0.0,"timestamp":1613158547,"path_taken":["M","M","?","M","M","E"],"items_purchased_type":[],"build_version":"2020-12-22","purchased_purges":0,"victory":false,"max_hp_per_floor":[71,72,72,73,74,74,74],"card_choices":[{"not_picked":["alterego_mod:BiFurious","alterego_mod:Clap"],"picked":"alterego_mod:Punishment","floor":1.0},{"not_picked":["alterego_mod:SuperDuperMasochism","alterego_mod:Crossover"],"picked":"alterego_mod:DeftHands","floor":2.0},{"not_picked":["alterego_mod:Rip","alterego_mod:Cooking"],"picked":"alterego_mod:MagicResistance","floor":4.0},{"not_picked":["alterego_mod:Lingerie","alterego_mod:BusterCard"],"picked":"alterego_mod:Bunnysuit","floor":5}],"player_experience":450480,"relics_obtained":[],"event_choices":[{"damage_healed":0.0,"max_hp_gain":0.0,"max_hp_loss":0.0,"gold_gain":0.0,"event_name":"Scrap Ooze","player_choice":"Success","floor":3.0,"gold_loss":0.0,"damage_taken":25.0,"relics_obtained":["AT_RabadonDeathcap"]}],"is_beta":false,"boss_relics":[],"items_purged_floors":[],"is_endless":false,"potions_floor_spawned":[2],"killed_by":"3 Sentries","ascension_level":0}}