{"host":"mvk4cyf8p31hksyn","time":1613143582,"event":{"mods":["BaseMod","Block Reminder","Colored Map","Highlight Path","Minty Spire (QoL Compilation)","Relic Sorter"],"gold_per_floor":[114,129,148,5,58,86,86,120,173,207,207,217,248,148,148,249,249,264,9,20,35,35,62,62,93,93,104,116,146,146,181,181,278,278,295,309,328,122,134,159,159,189,189,223,235,299,311,352,364,376,388,400,34,64,64],"floor_reached":56,"language":"ENG","playtime":3434,"items_purged":["Strike_R","Strike_R","Strike_R","Strike_R"],"score":1601,"play_id":"9dd1749a-d1d0-41a4-8b46-da1be22202fa","local_time":"20210212162622","is_ascension_mode":true,"campfire_choices":[{"data":"Bash","floor":7,"key":"SMITH"},{"floor":11,"key":"REST"},{"data":"Inflame","floor":15,"key":"SMITH"},{"floor":30,"key":"RECALL"},{"floor":32,"key":"REST"},{"floor":41,"key":"REST"},{"floor":45,"key":"REST"},{"floor":49,"key":"REST"},{"floor":52,"key":"REST"}],"circlet_count":0,"master_deck":["Strike_R","Defend_R","Defend_R+1","Defend_R","Defend_R+1","Bash+1","Pummel+1","Thunderclap","Dropkick+1","Spot Weakness+1","Dropkick","Shrug It Off+1","Inflame+1","Impervious+1","Feed","Burning Pact+1","Apotheosis+1","Rage+1","Battle Trance+1","Dark Embrace+1","True Grit+1","Offering+1","True Grit+1","Dark Embrace+1","Double Tap+1","Exhume+1","Flash of Steel","Panacea+1","Discovery+1","Berserk+1","Evolve+1","Dark Embrace+1","Dark Embrace+1","Impervious+1","Evolve+1","Seeing Red+1","Burning Pact+1"],"relics":["Burning Blood","Bronze Scales","Art of War","Toxic Egg 2","Calipers","Ancient Tea Set","Ginger","Frozen Egg 2","Fusion Hammer","Whetstone","Prayer Wheel","Bottled Lightning","War Paint","Mummified Hand","Black Star","Red Skull","Bottled Tornado","Self Forming Clay","Pantograph","Regal Pillow","MawBank","StoneCalendar","Orichalcum","Incense Burner","Orrery","Happy Flower","Oddly Smooth Stone"],"acts_visited":["Exordium","TheCity","TheBeyond","TheEnding"],"potions_floor_usage":[6,8,10,25,30,31,33,50,55,55],"damage_taken":[{"damage":6,"enemies":"Cultist","floor":1,"turns":3},{"damage":5,"enemies":"Small Slimes","floor":2,"turns":4},{"damage":2,"enemies":"2 Louse","floor":3,"turns":2},{"damage":34,"enemies":"Lagavulin","floor":6,"turns":7},{"damage":18,"enemies":"Gremlin Nob","floor":8,"turns":3},{"damage":16,"enemies":"Lagavulin","floor":10,"turns":5},{"damage":0,"enemies":"Lots of Slimes","floor":12,"turns":3},{"damage":3,"enemies":"Gremlin Nob","floor":13,"turns":3},{"damage":14,"enemies":"Slime Boss","floor":16,"turns":6},{"damage":0,"enemies":"3 Byrds","floor":18,"turns":4},{"damage":7,"enemies":"Shell Parasite","floor":20,"turns":4},{"damage":0,"enemies":"Snake Plant","floor":21,"turns":2},{"damage":22,"enemies":"Book of Stabbing","floor":23,"turns":4},{"damage":30,"enemies":"Slavers","floor":25,"turns":5},{"damage":0,"enemies":"Cultist and Chosen","floor":27,"turns":3},{"damage":0,"enemies":"Snecko","floor":28,"turns":3},{"damage":12,"enemies":"Book of Stabbing","floor":29,"turns":5},{"damage":7,"enemies":"Gremlin Leader","floor":31,"turns":5},{"damage":51,"enemies":"Automaton","floor":33,"turns":9},{"damage":0,"enemies":"3 Shapes","floor":35,"turns":6},{"damage":6,"enemies":"3 Darklings","floor":36,"turns":3},{"damage":16,"enemies":"Sphere and 2 Shapes","floor":37,"turns":6},{"damage":6,"enemies":"4 Shapes","floor":39,"turns":4},{"damage":9,"enemies":"Reptomancer","floor":40,"turns":5},{"damage":42,"enemies":"Nemesis","floor":42,"turns":7},{"damage":26,"enemies":"Reptomancer","floor":44,"turns":4},{"damage":6,"enemies":"2 Orb Walkers","floor":46,"turns":3},{"damage":12,"enemies":"Giant Head","floor":48,"turns":2},{"damage":13,"enemies":"Time Eater","floor":50,"turns":9},{"damage":7,"enemies":"Shield and Spear","floor":54,"turns":4},{"damage":4,"enemies":"The Heart","floor":55,"turns":5}],"seed_played":"-203264335408802656","potions_obtained":[{"floor":2,"key":"Weak Potion"},{"floor":3,"key":"DistilledChaos"},{"floor":8,"key":"ColorlessPotion"},{"floor":12,"key":"Weak Potion"},{"floor":13,"key":"Swift Potion"},{"floor":16,"key":"Swift Potion"},{"floor":24,"key":"Regen Potion"},{"floor":25,"key":"SkillPotion"},{"floor":29,"key":"Fruit Juice"},{"floor":33,"key":"BlessingOfTheForge"},{"floor":35,"key":"SmokeBomb"},{"floor":40,"key":"DistilledChaos"},{"floor":44,"key":"Strength Potion"},{"floor":48,"key":"Fruit Juice"}],"is_trial":false,"path_per_floor":["M","M","M","$","T","E","R","E","T","E","R","M","E","$","R","B",null,"M","$","M","M","$","E","?","E","T","M","M","E","R","E","R","B",null,"M","M","M","$","M","E","R","E","T","E","R","?","?","E","R","B",null,"R","$","E","B",null],"character_chosen":"IRONCLAD","items_purchased":["Dropkick","Apotheosis+1","Rage+1","Dark Embrace+1","Evolve+1","Orrery"],"campfire_rested":6,"item_purchase_floors":[4,19,19,38,53,53],"current_hp_per_floor":[80,80,80,80,80,52,52,40,40,30,54,60,63,63,63,55,80,80,80,83,84,84,68,68,61,61,71,81,75,80,83,104,63,108,112,112,106,106,110,107,120,84,84,64,115,119,109,103,124,122,129,129,129,132,137],"gold":64,"neow_bonus":"RANDOM_COMMON_RELIC","is_daily":false,"chose_seed":false,"campfire_upgraded":2,"win_rate":0.0,"timestamp":1613143582,"path_taken":["M","?","?","$","?","E","R","E","T","E","R","M","E","$","R","BOSS","M","$","?","M","?","E","?","E","T","?","M","E","R","E","R","BOSS","M","M","M","$","M","E","R","E","T","E","R","?","?","E","R","BOSS","R","$","E","BOSS"],"items_purchased_type":["Card","Card","Card","Card","Card","Relic"],"build_version":"2020-12-22","purchased_purges":4,"victory":true,"max_hp_per_floor":[80,80,80,80,80,80,80,80,80,80,80,80,80,80,80,80,80,80,80,84,84,84,84,84,87,87,91,95,95,100,104,104,108,108,112,112,116,116,120,120,120,120,120,120,120,124,124,124,124,129,129,129,129,133,137],"card_choices":[{"not_picked":["True Grit","Evolve"],"picked":"Pummel","floor":1},{"not_picked":["Intimidate","Infernal Blade"],"picked":"Thunderclap","floor":2},{"not_picked":["Dual Wield","Anger","Hemokinesis"],"picked":"SKIP","floor":3},{"not_picked":["Warcry+1","Heavy Blade"],"picked":"Spot Weakness+1","floor":6},{"not_picked":["Twin Strike","Heavy Blade"],"picked":"Dropkick","floor":8},{"not_picked":["Immolate","Clash"],"picked":"Shrug It Off+1","floor":10},{"not_picked":["Perfected Strike","Iron Wave"],"picked":"Inflame","floor":12},{"not_picked":["Intimidate+1","Havoc+1"],"picked":"Impervious+1","floor":13},{"not_picked":["Bludgeon","Brutality+1"],"picked":"Feed","floor":16},{"not_picked":["Clothesline","Warcry+1"],"picked":"Burning Pact+1","floor":18},{"not_picked":["Clash","Twin Strike","Flex+1"],"picked":"SKIP","floor":20},{"not_picked":["Body Slam","Juggernaut+1"],"picked":"Battle Trance+1","floor":21},{"not_picked":["Reckless Charge+1","Seeing Red+1","Twin Strike"],"picked":"SKIP","floor":23},{"not_picked":["Body Slam+1","Wild Strike+1","Flex+1"],"picked":"SKIP","floor":25},{"not_picked":["Anger","Cleave","Rupture+1"],"picked":"SKIP","floor":27},{"not_picked":["Blood for Blood","Pommel Strike","Sword Boomerang"],"picked":"SKIP","floor":27},{"not_picked":["Offering+1","Wild Strike"],"picked":"Dark Embrace+1","floor":28},{"not_picked":["Entrench+1","Rage+1","Clothesline+1"],"picked":"SKIP","floor":28},{"not_picked":["Carnage","Headbutt","Shrug It Off+1"],"picked":"SKIP","floor":29},{"not_picked":["Carnage","Headbutt","Shrug It Off+1"],"picked":"SKIP","floor":29},{"not_picked":["Barricade+1","Pommel Strike+1"],"picked":"True Grit+1","floor":31},{"not_picked":["Berserk+1","Bludgeon"],"picked":"Offering+1","floor":33},{"not_picked":["Sever Soul","Iron Wave","Seeing Red+1"],"picked":"SKIP","floor":35},{"not_picked":["Twin Strike","Thunderclap+1","Combust+1"],"picked":"SKIP","floor":35},{"not_picked":["Thunderclap+1","Clothesline","Havoc+1"],"picked":"SKIP","floor":36},{"not_picked":["Wild Strike+1","Pommel Strike","Flex+1"],"picked":"SKIP","floor":36},{"not_picked":["Pommel Strike","Sword Boomerang"],"picked":"True Grit+1","floor":37},{"not_picked":["Warcry+1","Body Slam+1","Metallicize+1"],"picked":"SKIP","floor":37},{"not_picked":["Pummel","Armaments+1"],"picked":"Double Tap+1","floor":39},{"not_picked":["Cleave","Anger+1","Metallicize+1"],"picked":"SKIP","floor":39},{"not_picked":["Intimidate+1","Searing Blow+1","Pommel Strike+1"],"picked":"SKIP","floor":40},{"not_picked":["Clothesline","Pommel Strike","Flex+1"],"picked":"SKIP","floor":42},{"not_picked":["Perfected Strike","Cleave+1"],"picked":"Exhume+1","floor":44},{"not_picked":["Mind Blast","Apotheosis+1"],"picked":"Flash of Steel","floor":47},{"not_picked":["Sadistic Nature+1","Panache+1"],"picked":"Panacea+1","floor":47},{"not_picked":["Madness+1","Apotheosis+1"],"picked":"Discovery+1","floor":47},{"not_picked":["Armaments+1","Body Slam"],"picked":"Berserk+1","floor":48},{"not_picked":["Infernal Blade+1","Warcry+1"],"picked":"Dark Embrace+1","floor":53},{"not_picked":["Anger+1","Infernal Blade+1"],"picked":"Dark Embrace+1","floor":53},{"not_picked":["Intimidate+1","Dropkick+1"],"picked":"Impervious+1","floor":53},{"not_picked":["Rupture+1","Thunderclap+1"],"picked":"Evolve+1","floor":53},{"not_picked":["Twin Strike+1","True Grit+1"],"picked":"Seeing Red+1","floor":53},{"not_picked":["Bloodletting+1","Shrug It Off+1"],"picked":"Burning Pact+1","floor":54}],"player_experience":852857,"relics_obtained":[{"floor":5,"key":"Art of War"},{"floor":6,"key":"Toxic Egg 2"},{"floor":8,"key":"Calipers"},{"floor":9,"key":"Ancient Tea Set"},{"floor":10,"key":"Ginger"},{"floor":13,"key":"Frozen Egg 2"},{"floor":23,"key":"Whetstone"},{"floor":25,"key":"Prayer Wheel"},{"floor":26,"key":"Bottled Lightning"},{"floor":29,"key":"War Paint"},{"floor":31,"key":"Mummified Hand"},{"floor":40,"key":"Red Skull"},{"floor":40,"key":"Bottled Tornado"},{"floor":42,"key":"Self Forming Clay"},{"floor":42,"key":"Pantograph"},{"floor":44,"key":"Regal Pillow"},{"floor":44,"key":"MawBank"},{"floor":46,"key":"StoneCalendar"},{"floor":48,"key":"Orichalcum"},{"floor":48,"key":"Incense Burner"},{"floor":54,"key":"Happy Flower"},{"floor":54,"key":"Oddly Smooth Stone"}],"event_choices":[{"damage_healed":0,"gold_gain":0,"player_choice":"Got Potions","damage_taken":0,"max_hp_gain":0,"max_hp_loss":0,"event_name":"Lab","floor":24,"gold_loss":0},{"damage_healed":0,"gold_gain":0,"player_choice":"Fight","damage_taken":0,"max_hp_gain":0,"max_hp_loss":0,"event_name":"Mysterious Sphere","floor":46,"gold_loss":0},{"damage_healed":0,"gold_gain":0,"player_choice":"Memory 3","damage_taken":10,"max_hp_gain":0,"max_hp_loss":0,"event_name":"SensoryStone","floor":47,"gold_loss":0}],"is_beta":false,"boss_relics":[{"not_picked":["Pandora\u0027s Box","Snecko Eye"],"picked":"Fusion Hammer"},{"not_picked":["SacredBark","Cursed Key"],"picked":"Black Star"}],"items_purged_floors":[4,14,38,53],"is_endless":false,"potions_floor_spawned":[2,3,8,12,13,16,25,29,33,35,40,44,46,48],"ascension_level":1}}