{"host":"5y2vm16xfq9gfmb2","time":1613172168,"event":{"mods":["AchievementEnabler","BaseMod","Better Third Choice","Colored Map","Colored Powertips","DeckTracker","Marisa????????","Minty Spire (QoL Compilation)","Rare Cards Sparkle","Relic Stats","StSLib","The Alterego","The Animator","The Marked","The Servant 0.9.4"],"gold_per_floor":[122,122,137,153,182,182,193,220,220,53,88,88,363,35,35,151,151,163,163,163,213,235,76,76,76,76,101,121,166,166,192,192,308,333,371,121,262,283,326,383,398,398,398,416,416,21,21,42,42,54,54,54,472,530,589,694,528,67,71,71],"floor_reached":59,"language":"ENG","playtime":5116,"items_purged":[],"score":792,"play_id":"1c4b801c-8fb9-4ee2-8b55-ab6499625082","local_time":"20210212182248","is_ascension_mode":false,"campfire_choices":[{"floor":6,"key":"REST"},{"data":"animator:Tatsumaki","floor":12,"key":"SMITH"},{"floor":15,"key":"REST"},{"data":"animator:Shiro","floor":24,"key":"SMITH"},{"floor":30,"key":"RECALL"},{"floor":32,"key":"REST"},{"floor":42,"key":"REST"},{"floor":49,"key":"REST"},{"data":"animator:HigakiRinne","floor":52,"key":"SMITH"}],"circlet_count":0,"master_deck":["animator:Strike_Konosuba+1","animator:Defend_Konosuba+1","animator:Strike+1","animator:Strike+1","animator:Defend","animator:Defend","animator:Defend+1","animator:Kazuma+1","animator:Aqua","animator:AcuraShin","animator:Caster","animator:AcuraAkari","animator:Tatsumaki+1","animator:Darkness","animator:Vanir","animator:Chris","animator:Entoma+6","animator:Shizu","Regret","animator:Mitsurugi","animator:Shiro","animator:YunYun","animator:Greed+1","animator:MetalKnight","animator:Sora","animator:Aqua","animator:Vesta","animator:Verdia","animator:SakuraMatou+1","animator:Gilgamesh+3","animator:Benimaru","animator:QuestionMark+1","animator:Millim+4","animator:GazelDwargon","animator:DolaStephanie+1","animator:Evileye+1","animator:HigakiRinne","animator:Evileye+1","animator:Shizu+1","animator:Hibiki"],"relics":["animator:TheEgnaroPiece","animator:AncientMedallion"],"acts_visited":["Exordium","TheCity","TheBeyond","TheEnding","EYB:TheUnnamedReign"],"potions_floor_usage":[50,50,59,59],"damage_taken":[{"damage":2.0,"enemies":"Jaw Worm","floor":1.0,"turns":5.0},{"damage":4.0,"enemies":"Cultist","floor":3.0,"turns":4.0},{"damage":9,"enemies":"Small Slimes","floor":4,"turns":4},{"damage":22,"enemies":"Gremlin Gang","floor":5,"turns":5},{"damage":5,"enemies":"3 Louse","floor":7,"turns":3},{"damage":15,"enemies":"Red Slaver","floor":8,"turns":5},{"damage":8,"enemies":"Looter","floor":11,"turns":3},{"damage":40,"enemies":"The Guardian","floor":16,"turns":7},{"damage":16,"enemies":"Spheric Guardian","floor":18,"turns":4},{"damage":0,"enemies":"Shell Parasite","floor":22,"turns":6},{"damage":11,"enemies":"Centurion and Healer","floor":27,"turns":7},{"damage":0,"enemies":"Snake Plant","floor":28,"turns":4},{"damage":0,"enemies":"Snecko","floor":29,"turns":5},{"damage":13,"enemies":"3 Cultists","floor":31,"turns":6},{"damage":43,"enemies":"Automaton","floor":33,"turns":11},{"damage":21,"enemies":"3 Shapes","floor":35,"turns":4},{"damage":6,"enemies":"Orb Walker","floor":38,"turns":3},{"damage":3,"enemies":"Transient","floor":39,"turns":5},{"damage":48,"enemies":"Reptomancer","floor":40,"turns":8},{"damage":9,"enemies":"Sphere and 2 Shapes","floor":41,"turns":4},{"damage":12,"enemies":"Writhing Mass","floor":44,"turns":4},{"damage":20,"enemies":"Spire Growth","floor":48,"turns":4},{"damage":82,"enemies":"Time Eater","floor":50,"turns":13},{"damage":99,"enemies":"animator:TRIPLE_SHAPES_WEAK","floor":54,"turns":10},{"damage":6,"enemies":"animator:UNNAMED_CULTIST_1","floor":55,"turns":11},{"damage":42,"enemies":"animator:LARGE_WISP","floor":59,"turns":3}],"seed_played":"-3204685339239415875","potions_obtained":[{"floor":1.0,"key":"Dexterity Potion"},{"floor":3,"key":"Swift Potion"},{"floor":8,"key":"SteroidPotion"},{"floor":31,"key":"Explosive Potion"},{"floor":37,"key":"FairyPotion"},{"floor":54,"key":"animator:FalseLifePotion"},{"floor":55,"key":"animator:FalseLifePotion"}],"is_trial":false,"path_per_floor":["M","?","M","M","M","R","M","M","T","$","M","R","?","$","R","B",null,"M","?","?","T","M","$","R","?","T","M","M","M","R","M","R","B",null,"M","$","?","M","M","E","M","R","T","M","?","$","?","M","R","B",null,"R","??","M","M","T","?","$","M"],"character_chosen":"THE_ANIMATOR","items_purchased":["animator:Entoma","animator:CerealBox","Toolbox","Orichalcum","animator:Mitsurugi","animator:Sora","Question Card","Bottled Lightning","HandDrill","animator:Millim","animator:Hibiki","animator:AncientMedallion"],"campfire_rested":5,"item_purchase_floors":[10,10,14,14,14,23,36,46,46,58,58,58],"current_hp_per_floor":[48,48,47,38,18,38,34,21,21,41,37,37,37,37,58,20,70,55,55,55,55,58,58,58,58,58,50,56,60,60,51,73,35,76,57,57,57,54,53,36,32,57,57,50,50,50,39,26,52,4,89,89,98,15,17,17,17,17,0,0],"gold":71,"neow_bonus":"THREE_RARE_CARDS","is_daily":false,"chose_seed":false,"campfire_upgraded":3,"win_rate":0.0,"timestamp":1613172168,"path_taken":["M","?","?","M","M","R","M","M","T","$","M","R","?","?","R","BOSS","M","?","?","?","?","$","R","?","T","?","M","M","R","M","R","BOSS","M","$","?","M","M","E","M","R","T","?","?","$","?","M","R","BOSS","R","??","M","M","T","?","$","M"],"items_purchased_type":["Card","Relic","Relic","Relic","Card","Card","Relic","Relic","Relic","Card","Card","Relic"],"build_version":"2020-12-22","purchased_purges":0,"victory":false,"max_hp_per_floor":[66,66,67,67,67,67,68,68,68,68,70,70,70,70,70,70,70,71,71,71,71,71,71,71,71,71,71,72,74,74,76,76,76,76,78,78,78,81,81,83,85,85,85,87,87,87,87,89,89,89,89,89,98,98,98,98,98,98,98,98],"relic_stats":{"counters":[26,147],"obtain_stats":[{"animator:TheMissingPiece":0,"Velvet Choker":17,"CloakClasp":26,"Whetstone":9,"Orichalcum":14,"War Paint":21,"Question Card":36,"animator:CerealBox":10,"Mercury Hourglass":37,"animator:TheEgnaroPiece":53,"animator:CursedBlade":34,"animator:PurgingStone":0,"animator:AncientMedallion":53,"Ornamental Fan":40,"Toolbox":14,"animator:LivingPicture":0,"HandDrill":46,"Bottled Lightning":46},{"animator:TheMissingPiece":0,"Velvet Choker":8,"CloakClasp":10,"Whetstone":6,"Orichalcum":7,"War Paint":9,"Question Card":16,"animator:CerealBox":6,"Mercury Hourglass":16,"animator:TheEgnaroPiece":23,"animator:CursedBlade":15,"animator:PurgingStone":0,"animator:AncientMedallion":23,"Ornamental Fan":19,"Toolbox":7,"animator:LivingPicture":0,"HandDrill":21,"Bottled Lightning":21},{"animator:TheMissingPiece":0,"Velvet Choker":36,"CloakClasp":46,"Whetstone":26,"Orichalcum":29,"War Paint":40,"Question Card":83,"animator:CerealBox":26,"Mercury Hourglass":83,"animator:TheEgnaroPiece":123,"animator:CursedBlade":79,"animator:PurgingStone":0,"animator:AncientMedallion":123,"Ornamental Fan":99,"Toolbox":29,"animator:LivingPicture":0,"HandDrill":107,"Bottled Lightning":107}]},"card_choices":[{"not_picked":["animator:Boros","animator:Biyorigo"],"picked":"animator:AcuraShin","floor":0.0},{"not_picked":["animator:Shalltear","animator:WinryRockbell"],"picked":"animator:Caster","floor":1.0},{"not_picked":["animator:Hakurou","animator:MumenRider"],"picked":"animator:AcuraAkari","floor":3},{"not_picked":["animator:Millim","animator:Demiurge"],"picked":"animator:Tatsumaki","floor":4},{"not_picked":["animator:Verdia","animator:Mitsurugi"],"picked":"animator:Darkness","floor":5},{"not_picked":["animator:Millim","animator:RoyMustang"],"picked":"animator:Vanir","floor":7},{"not_picked":["animator:ElricAlphonse","animator:ChaikaBohdan"],"picked":"animator:Chris","floor":8},{"not_picked":["animator:Pride","animator:EmiyaShirou"],"picked":"animator:Shizu","floor":11},{"not_picked":["animator:Greed","animator:Father"],"picked":"animator:Shiro","floor":16},{"not_picked":["animator:Verdia","animator:Aqua"],"picked":"animator:YunYun","floor":18},{"not_picked":["animator:Azekura+1","animator:Shalltear"],"picked":"animator:MetalKnight+1","floor":22},{"not_picked":["animator:MumenRider","animator:Kazuma+1"],"picked":"animator:Aqua","floor":27},{"not_picked":["animator:Rider","animator:Gillette"],"picked":"animator:Vesta","floor":28},{"not_picked":["animator:Aqua","animator:Mitsurugi"],"picked":"animator:Verdia","floor":29},{"not_picked":["animator:UneriGinkaku","animator:Tatsumaki"],"picked":"animator:SakuraMatou","floor":31},{"not_picked":["animator:Shizu","animator:Ainz"],"picked":"animator:Gilgamesh","floor":33},{"not_picked":["animator:TsurugaMeisai+1","animator:Verdia"],"picked":"animator:Benimaru+1","floor":35},{"not_picked":["animator:HououinKyouma","animator:Kuroyukihime","animator:MisakiNakahara"],"picked":"animator:QuestionMark","floor":37},{"not_picked":["animator:Cocytus","animator:FielNirvalen+1","animator:DolaRiku"],"picked":"animator:Millim+1","floor":38},{"not_picked":["animator:Vesta","animator:Benimaru","animator:Shuna"],"picked":"animator:GazelDwargon","floor":39},{"not_picked":["animator:Gluttony","animator:AcuraAkari+1","animator:AcuraTooru"],"picked":"animator:DolaStephanie","floor":40},{"not_picked":["animator:Gluttony+1","animator:Kazuma","animator:RinTohsaka"],"picked":"animator:Evileye","floor":41},{"not_picked":["animator:Tatsumaki","animator:Illya+1","animator:DolaRiku"],"picked":"animator:Eris","floor":44},{"not_picked":["animator:Sebas","animator:Entoma","animator:Cocytus"],"picked":"animator:Evileye","floor":48},{"not_picked":["animator:MumenRider","animator:Caster"],"picked":"animator:Shizu","floor":54},{"not_picked":["animator:DolaCouronne","animator:ShinjiMatou+1"],"picked":"animator:Millim+1","floor":55}],"player_experience":60339,"relics_obtained":[{"floor":9,"key":"Whetstone"},{"floor":21,"key":"War Paint"},{"floor":26,"key":"CloakClasp"},{"floor":37,"key":"Mercury Hourglass"},{"floor":40,"key":"Ornamental Fan"},{"floor":53,"key":"animator:TheEgnaroPiece"},{"floor":53,"key":"animator:AncientMedallion"},{"floor":56,"key":"animator:AncientMedallion"},{"floor":57,"key":"animator:AncientMedallion"}],"event_choices":[{"damage_healed":0.0,"max_hp_gain":0.0,"max_hp_loss":0.0,"gold_gain":0.0,"event_name":"Accursed Blacksmith","player_choice":"Forge","floor":2.0,"gold_loss":0.0,"damage_taken":0.0,"cards_upgraded":["animator:AcuraShin"]},{"damage_healed":0,"gold_gain":275,"player_choice":"Desecrate","damage_taken":0,"max_hp_gain":0,"max_hp_loss":0,"event_name":"Golden Shrine","floor":13,"gold_loss":0,"cards_obtained":["Regret"]},{"damage_healed":0,"gold_gain":0,"player_choice":"Read","damage_taken":0,"max_hp_gain":0,"max_hp_loss":0,"event_name":"The Library","floor":19,"gold_loss":0,"cards_obtained":["animator:Greed"]},{"damage_healed":0,"gold_gain":0,"player_choice":"Simplicity","damage_taken":0,"max_hp_gain":0,"max_hp_loss":7,"event_name":"betterThird:BetterWriting","floor":20,"gold_loss":0},{"damage_healed":0,"gold_gain":0,"player_choice":"Upgraded","damage_taken":0,"max_hp_gain":0,"max_hp_loss":0,"event_name":"Upgrade Shrine","floor":25,"gold_loss":0,"cards_upgraded":["animator:AcuraAkari"]},{"damage_healed":0,"gold_gain":0,"player_choice":"Random: Red","damage_taken":0,"max_hp_gain":0,"max_hp_loss":0,"event_name":"betterThird:BetterPortal","floor":37,"gold_loss":0},{"cards_removed":["animator:Strike"],"damage_healed":0,"gold_gain":0,"player_choice":"Removed Attack","damage_taken":0,"max_hp_gain":0,"max_hp_loss":0,"event_name":"Falling","floor":45,"gold_loss":0},{"damage_healed":0,"gold_gain":0,"player_choice":"Embrace Madness","damage_taken":11,"max_hp_gain":0,"max_hp_loss":0,"event_name":"Winding Halls","floor":47,"gold_loss":0,"cards_obtained":["animator:HigakiRinne"]}],"is_beta":false,"boss_relics":[{"not_picked":["animator:HolyGrailRelic","animator:VividPicture"],"picked":"Velvet Choker"},{"not_picked":["Mark of Pain","SacredBark"],"picked":"animator:CursedBlade"}],"items_purged_floors":[],"is_endless":false,"potions_floor_spawned":[1,3,8,31,33,40,48],"killed_by":"animator:LARGE_WISP","ascension_level":0}}