{"host":"qp7xs8nuzfsyommi","time":1613134136,"event":{"mods":["2.2 Compatiblity","BaseMod","Colored Powertips","DeckTracker","Highlight Path","Minty Spire (QoL Compilation)","Permanent Neow","Quick Restart","StSLib"],"gold_per_floor":[111,261,5,16,27,27,76,95,119,119,119,150,150,178,178,249,249,262,312,312,78,59,59,8,25,52,52,52,87,87,7,7,84,84,100,117,142,57,67,67,81,81,131,143,155,184,22,33,33,33,33],"floor_reached":50,"language":"ENG","playtime":4146,"items_purged":["Doubt"],"score":982,"play_id":"102b2fc6-da0e-4304-8a3a-52d3c3028e30","local_time":"20210212074856","is_ascension_mode":true,"campfire_choices":[{"data":"Zap","floor":6.0,"key":"SMITH"},{"floor":11.0,"key":"REST"},{"floor":13.0,"key":"REST"},{"floor":15.0,"key":"REST"},{"floor":23.0,"key":"RECALL"},{"floor":30,"key":"REST"},{"floor":32,"key":"REST"},{"data":"Machine Learning","floor":40,"key":"SMITH"},{"data":"Turbo","floor":42,"key":"SMITH"},{"data":"Coolheaded","floor":44,"key":"SMITH"},{"data":"Streamline","floor":49,"key":"SMITH"}],"circlet_count":0,"master_deck":["AscendersBane","Zap+1","Dualcast+1","FTL+1","Scrape+1","Redo+1","Trip+1","Ball Lightning+1","Coolheaded+1","Gash","Glacier","BootSequence","Machine Learning+1","Seek","Echo Form","Fusion+1","Static Discharge","Auto Shields","Self Repair","Blind","Steam+1","Impatience","Sweeping Beam","Bite","Bite","Bite","Bite","Bite","Redo+1","Reboot","Stack","Compile Driver","Turbo+1","Gash","Meteor Strike","Streamline+1"],"relics":["Astrolabe","Membership Card","Whetstone","Lantern","Regal Pillow","Juzu Bracelet","Pandora\u0027s Box","ClockworkSouvenir","Bag of Preparation","Tiny Chest","War Paint","Nuclear Battery","Torii","Lee\u0027s Waffle","MawBank","Kunai","Boot"],"acts_visited":["Exordium","TheCity","TheBeyond"],"potions_floor_usage":[29,29,29,35,50],"damage_taken":[{"damage":9.0,"enemies":"Small Slimes","floor":1.0,"turns":3.0},{"damage":0.0,"enemies":"Jaw Worm","floor":4.0,"turns":1.0},{"damage":0.0,"enemies":"Cultist","floor":5.0,"turns":2.0},{"damage":18.0,"enemies":"Exordium Thugs","floor":8.0,"turns":4.0},{"damage":38.0,"enemies":"3 Sentries","floor":12.0,"turns":9.0},{"damage":43.0,"enemies":"Gremlin Nob","floor":14.0,"turns":4.0},{"damage":19.0,"enemies":"Hexaghost","floor":16.0,"turns":12.0},{"damage":15.0,"enemies":"Chosen","floor":18.0,"turns":7.0},{"damage":12.0,"enemies":"2 Thieves","floor":22.0,"turns":4.0},{"damage":45.0,"enemies":"Sentry and Sphere","floor":25.0,"turns":8.0},{"damage":29,"enemies":"Gremlin Leader","floor":29,"turns":4},{"damage":100,"enemies":"Automaton","floor":33,"turns":12},{"damage":24,"enemies":"3 Darklings","floor":35,"turns":5},{"damage":7,"enemies":"Orb Walker","floor":36,"turns":4},{"damage":38,"enemies":"Mind Bloom Boss Battle","floor":37,"turns":10},{"damage":10,"enemies":"3 Darklings","floor":39,"turns":5},{"damage":13,"enemies":"Jaw Worm Horde","floor":41,"turns":4},{"damage":9,"enemies":"Sphere and 2 Shapes","floor":46,"turns":6},{"damage":0,"enemies":"3 Darklings","floor":48,"turns":5},{"damage":100,"enemies":"Awakened One","floor":50,"turns":9}],"seed_played":"-5561114613132531764","potions_obtained":[{"floor":1.0,"key":"FearPotion"},{"floor":5.0,"key":"PotionOfCapacity"},{"floor":18.0,"key":"LiquidBronze"},{"floor":25.0,"key":"EntropicBrew"},{"floor":29,"key":"Strength Potion"},{"floor":33,"key":"ColorlessPotion"},{"floor":35,"key":"GamblersBrew"},{"floor":36,"key":"SteroidPotion"}],"is_trial":false,"path_per_floor":["M","?","$","M","M","R","T","M","T","T","R","E","R","E","R","B",null,"M","?","?","$","M","R","$","M","T","?","?","E","R","$","R","B",null,"M","M","?","$","M","R","M","R","T","R","T","M","$","M","R","B"],"character_chosen":"DEFECT","items_purchased":["Membership Card","Trip","Ball Lightning","ClockworkSouvenir","Self Repair","Blind","Bag of Preparation","Impatience","War Paint","Lee\u0027s Waffle","Gash","Meteor Strike","Boot"],"campfire_rested":5,"item_purchase_floors":[3,3,3,21,21,21,21,24,31,38,47,47,47],"current_hp_per_floor":[55,55,55,55,55,55,55,37,37,37,71,33,69,26,62,45,65,52,52,52,52,56,56,56,27,27,27,27,22,58,58,71,20,58,60,71,71,78,77,77,78,78,78,78,78,78,78,78,78,0,0],"gold":33,"neow_bonus":"BOSS_RELIC","is_daily":false,"chose_seed":false,"campfire_upgraded":5,"win_rate":0.0,"timestamp":1613134136,"path_taken":["M","?","$","M","M","R","?","?","T","?","R","E","R","E","R","BOSS","M","?","?","$","M","R","$","M","T","?","?","E","R","?","R","BOSS","M","M","?","$","M","R","M","R","T","R","?","M","$","M","R","BOSS"],"items_purchased_type":["Relic","Card","Card","Relic","Card","Card","Relic","Card","Relic","Relic","Card","Card","Relic"],"build_version":"2020-12-22","purchased_purges":1,"victory":false,"max_hp_per_floor":[71,71,71,71,71,71,71,71,71,71,71,71,71,71,71,71,71,71,71,71,71,71,71,71,71,71,71,71,71,71,71,71,71,71,71,71,71,78,78,78,78,78,78,78,78,78,78,78,78,78,78],"card_choices":[{"not_picked":["Capacitor","Rebound","Heatsinks"],"picked":"SKIP","floor":1.0},{"not_picked":["Rebound","Stack"],"picked":"Coolheaded","floor":4.0},{"not_picked":["Ball Lightning","Darkness","Stack"],"picked":"SKIP","floor":5.0},{"not_picked":["Biased Cognition","Coolheaded"],"picked":"Gash","floor":8.0},{"not_picked":["Recycle","Undo"],"picked":"Glacier","floor":12.0},{"not_picked":["Cold Snap","Aggregate"],"picked":"BootSequence","floor":14.0},{"not_picked":["Hyperbeam","Seek"],"picked":"Machine Learning","floor":16.0},{"not_picked":["Consume","Darkness","Reprogram"],"picked":"SKIP","floor":18.0},{"not_picked":["Hologram","Compile Driver+1"],"picked":"Steam+1","floor":22.0},{"not_picked":["Steam","Rebound+1"],"picked":"Sweeping Beam","floor":25.0},{"not_picked":["Beam Cell+1","Cold Snap"],"picked":"Redo+1","floor":29},{"not_picked":["Electrodynamics","Creative AI"],"picked":"Reboot","floor":33},{"not_picked":["Compile Driver","White Noise"],"picked":"Stack","floor":35},{"not_picked":["Cold Snap","Stack+1"],"picked":"Compile Driver","floor":36},{"not_picked":["Ball Lightning","Rebound","Storm"],"picked":"SKIP","floor":39},{"not_picked":["Compile Driver","Storm+1"],"picked":"Turbo","floor":41},{"not_picked":["Genetic Algorithm+1","Cold Snap","FTL+1"],"picked":"SKIP","floor":46},{"not_picked":["Redo+1","Defragment"],"picked":"Streamline","floor":48}],"player_experience":1878985,"relics_obtained":[{"floor":7.0,"key":"Whetstone"},{"floor":9.0,"key":"Lantern"},{"floor":10.0,"key":"Regal Pillow"},{"floor":12.0,"key":"Juzu Bracelet"},{"floor":14.0,"key":"Blood Vial"},{"floor":29,"key":"Tiny Chest"},{"floor":37,"key":"Torii"},{"floor":43,"key":"MawBank"},{"floor":45,"key":"Kunai"}],"event_choices":[{"damage_healed":0.0,"max_hp_gain":0.0,"max_hp_loss":0.0,"gold_gain":150.0,"event_name":"Liars Game","player_choice":"AGREE","floor":2.0,"gold_loss":0.0,"damage_taken":0.0,"cards_obtained":["Doubt"]},{"damage_healed":0.0,"max_hp_gain":0.0,"max_hp_loss":0.0,"gold_gain":50.0,"event_name":"Nest","player_choice":"Stole From Cult","floor":19.0,"gold_loss":0.0,"damage_taken":0.0},{"damage_healed":0.0,"max_hp_gain":0.0,"max_hp_loss":0.0,"gold_gain":0.0,"event_name":"Upgrade Shrine","player_choice":"Upgraded","floor":20.0,"gold_loss":0.0,"damage_taken":0.0,"cards_upgraded":["Dualcast"]},{"damage_healed":0.0,"max_hp_gain":0.0,"max_hp_loss":0.0,"gold_gain":0.0,"event_name":"Cursed Tome","player_choice":"Ignored","floor":27.0,"gold_loss":0.0,"damage_taken":0.0},{"damage_healed":0.0,"max_hp_gain":0.0,"max_hp_loss":0.0,"gold_gain":0.0,"event_name":"Vampires","player_choice":"Became a vampire (Vial)","floor":28.0,"relics_lost":["Blood Vial"],"gold_loss":0.0,"damage_taken":0.0,"cards_obtained":["Bite","Bite","Bite","Bite","Bite"]},{"damage_healed":0,"gold_gain":0,"player_choice":"Fight","damage_taken":0,"max_hp_gain":0,"max_hp_loss":0,"event_name":"MindBloom","floor":37,"gold_loss":0}],"is_beta":false,"boss_relics":[{"not_picked":["SlaversCollar","Runic Pyramid"],"picked":"Pandora\u0027s Box"},{"not_picked":["Inserter","Empty Cage"],"picked":"Nuclear Battery"}],"items_purged_floors":[3],"is_endless":false,"potions_floor_spawned":[1,5,18,25,29,33,35,36,41],"killed_by":"Awakened One","ascension_level":20}}