{"host":"djoj10dqzzvtkauc","time":1613146510,"event":{"mods":["2.2 Compatiblity","BaseMod","Colored Map","DeckTracker","Highlight Path","Keyboard Shortcuts","Marisa£¨Ùöéë¡¡Øª×âÞÞ£©","Minty Spire (QoL Compilation)","Permanent Neow","Quick Restart","Random Character Button","StSLib","SuperFastMode","everything is the same but u backflip on backflip"],"gold_per_floor":[114,134,149,164,164,194,194,36,63,91,91,121,141,1,1,72,72,90,115,95,114,131,131,131,131,185,185,197,212,212,227,227,304,354,365,375,375,375],"floor_reached":37,"language":"KOR","playtime":1539,"items_purged":["Strike_G"],"score":684,"play_id":"606474af-bc33-4ff1-becc-c3c6bb675d50","local_time":"20210213011510","is_ascension_mode":true,"campfire_choices":[{"data":"Cloak And Dagger","floor":7.0,"key":"SMITH"},{"data":"Well Laid Plans","floor":11.0,"key":"SMITH"},{"floor":15.0,"key":"REST"},{"data":"A Thousand Cuts","floor":23.0,"key":"SMITH"},{"data":"Accuracy","floor":25.0,"key":"SMITH"},{"data":"Footwork","floor":27.0,"key":"SMITH"},{"data":"Finisher","floor":30.0,"key":"SMITH"},{"floor":32,"key":"REST"}],"circlet_count":0,"master_deck":["AscendersBane","Strike_G","Strike_G","Defend_G","Defend_G","Defend_G","Defend_G","Defend_G+1","Survivor","Neutralize","Predator","Poisoned Stab","PiercingWail","Cloak And Dagger+1","Bouncing Flask","Well Laid Plans+1","Dagger Throw","A Thousand Cuts+1","Footwork+1","Escape Plan","Deflect","Slice","Bullet Time","Finisher+1","Dodge and Roll","Unload","Accuracy+1","Outmaneuver+1","Leg Sweep","Prepared","Corpse Explosion","Noxious Fumes","Blade Dance","Backflip+1"],"relics":["Ring of the Snake","NlothsMask","Bag of Preparation","Regal Pillow","Potion Belt","Sozu","Nunchaku","PreservedInsect","Tiny House"],"acts_visited":["Exordium","TheCity","TheBeyond"],"potions_floor_usage":[33],"damage_taken":[{"damage":0.0,"enemies":"2 Louse","floor":1.0,"turns":5.0},{"damage":0.0,"enemies":"Cultist","floor":2.0,"turns":4.0},{"damage":0.0,"enemies":"Small Slimes","floor":3.0,"turns":3.0},{"damage":1.0,"enemies":"2 Fungi Beasts","floor":4.0,"turns":3.0},{"damage":18.0,"enemies":"3 Sentries","floor":6.0,"turns":11.0},{"damage":8.0,"enemies":"Gremlin Nob","floor":10.0,"turns":3.0},{"damage":20.0,"enemies":"3 Sentries","floor":12.0,"turns":9.0},{"damage":9.0,"enemies":"Exordium Thugs","floor":13.0,"turns":7.0},{"damage":13.0,"enemies":"Hexaghost","floor":16.0,"turns":10.0},{"damage":0.0,"enemies":"Chosen","floor":18.0,"turns":5.0},{"damage":4.0,"enemies":"Spheric Guardian","floor":21.0,"turns":5.0},{"damage":14.0,"enemies":"3 Cultists","floor":22.0,"turns":5.0},{"damage":3.0,"enemies":"Cultist and Chosen","floor":28.0,"turns":3.0},{"damage":0.0,"enemies":"Shelled Parasite and Fungi","floor":29.0,"turns":6.0},{"damage":17,"enemies":"Centurion and Healer","floor":31,"turns":6},{"damage":45,"enemies":"Champ","floor":33,"turns":16},{"damage":27,"enemies":"3 Darklings","floor":35,"turns":5},{"damage":0,"enemies":"3 Shapes","floor":36,"turns":4},{"damage":17,"enemies":"Sphere and 2 Shapes","floor":37,"turns":4}],"seed_played":"1427909944309519501","potions_obtained":[{"floor":4.0,"key":"PowerPotion"},{"floor":6.0,"key":"SteroidPotion"},{"floor":12.0,"key":"Poison Potion"},{"floor":13.0,"key":"FearPotion"},{"floor":16.0,"key":"BlessingOfTheForge"}],"is_trial":false,"path_per_floor":["M","M","M","M","?","E","R","$","T","E","R","E","M","$","R","B",null,"M","T","?","M","M","R","?","R","T","R","M","M","R","M","R","B",null,"M","M","M"],"character_chosen":"THE_SILENT","items_purchased":["Well Laid Plans","Fire Potion","Escape Plan","Deflect","Slice"],"campfire_rested":2,"item_purchase_floors":[8,8,14,14,14],"current_hp_per_floor":[59,59,59,58,58,40,40,40,40,32,32,12,3,3,36,23,51,51,51,51,47,33,33,33,33,33,33,30,30,30,13,46,1,50,23,23,6,6],"gold":375,"neow_bonus":"REMOVE_TWO","is_daily":false,"chose_seed":false,"campfire_upgraded":6,"win_rate":0.0,"timestamp":1613146510,"path_taken":["M","M","M","M","?","E","R","?","T","E","R","E","M","$","R","BOSS","M","?","?","?","M","R","?","R","T","R","M","M","R","M","R","BOSS","M","M","M"],"items_purchased_type":["Card","Potion","Card","Card","Card"],"build_version":"2020-12-22","purchased_purges":1,"victory":false,"max_hp_per_floor":[60,60,60,60,60,60,60,60,60,60,60,60,60,60,60,60,60,60,60,60,60,60,60,60,60,60,60,60,60,60,60,60,60,65,65,65,65,65],"card_choices":[{"not_picked":["Outmaneuver","Backflip"],"picked":"Predator","floor":1.0},{"not_picked":["Outmaneuver","Concentrate"],"picked":"Poisoned Stab","floor":2.0},{"not_picked":["Reflex","Blade Dance"],"picked":"PiercingWail","floor":3.0},{"not_picked":["Underhanded Strike","Accuracy"],"picked":"Cloak And Dagger","floor":4.0},{"not_picked":["Caltrops","Expertise"],"picked":"Bouncing Flask","floor":6.0},{"not_picked":["Riddle With Holes","Deflect"],"picked":"Dagger Throw","floor":10.0},{"not_picked":["Endless Agony","Escape Plan"],"picked":"A Thousand Cuts","floor":12.0},{"not_picked":["Blade Dance","Deadly Poison"],"picked":"Footwork","floor":13.0},{"not_picked":["Glass Knife","Wraith Form v2"],"picked":"Bullet Time","floor":16.0},{"not_picked":["Dagger Throw","Quick Slash"],"picked":"Finisher","floor":18.0},{"not_picked":["Sucker Punch","Slice"],"picked":"Dodge and Roll","floor":21.0},{"not_picked":["Calculated Gamble","Sucker Punch"],"picked":"Unload","floor":22.0},{"not_picked":["Dagger Spray","Bane"],"picked":"Outmaneuver+1","floor":28.0},{"not_picked":["A Thousand Cuts","Endless Agony"],"picked":"Leg Sweep","floor":29.0},{"not_picked":["Acrobatics","Outmaneuver"],"picked":"Prepared","floor":31},{"not_picked":["Glass Knife","Burst"],"picked":"Corpse Explosion","floor":33},{"not_picked":["Riddle With Holes","Outmaneuver"],"picked":"Noxious Fumes","floor":34},{"not_picked":["Prepared","Finisher"],"picked":"Blade Dance","floor":35},{"not_picked":["Escape Plan","Blade Dance"],"picked":"Backflip+1","floor":36}],"player_experience":235006,"relics_obtained":[{"floor":6.0,"key":"Bag of Preparation"},{"floor":10.0,"key":"Regal Pillow"},{"floor":12.0,"key":"Potion Belt"},{"floor":19.0,"key":"Nunchaku"},{"floor":26.0,"key":"PreservedInsect"}],"event_choices":[{"damage_healed":0.0,"max_hp_gain":0.0,"max_hp_loss":0.0,"gold_gain":0.0,"event_name":"FaceTrader","player_choice":"Trade","floor":5.0,"gold_loss":0.0,"damage_taken":0.0,"relics_obtained":["NlothsMask"]},{"damage_healed":0.0,"max_hp_gain":0.0,"max_hp_loss":0.0,"gold_gain":0.0,"event_name":"The Woman in Blue","player_choice":"Bought 1 Potion","floor":20.0,"gold_loss":0.0,"damage_taken":0.0},{"damage_healed":0.0,"max_hp_gain":0.0,"max_hp_loss":0.0,"gold_gain":0.0,"event_name":"The Library","player_choice":"Read","floor":24.0,"gold_loss":0.0,"damage_taken":0.0,"cards_obtained":["Accuracy"]}],"is_beta":false,"boss_relics":[{"not_picked":["Runic Pyramid","Busted Crown"],"picked":"Sozu"},{"not_picked":["Philosopher\u0027s Stone","Coffee Dripper"],"picked":"Tiny House"}],"items_purged_floors":[8],"is_endless":false,"potions_floor_spawned":[4,6,12,13,16,21,22,33,35,36],"killed_by":"Sphere and 2 Shapes","ascension_level":15}}