{"host":"j5shy70asow5koz5","time":1613125464,"event":{"mods":["2.2 Compatiblity","Act Like it!","Arknights","BaseMod","Colored Map","Marisa£¨Ùöéë¡¡Øª×âÞÞ£©","Minty Spire (QoL Compilation)","Prisma Mod","StSLib","SuperFastMode","Td1madao Mod","The Disciple","The Gatherer","The Servant 0.9.4","Waifu the Spire"],"gold_per_floor":[112,37,86,96,96,123,123,143,169,182,182,132,32,47,47,144,144,155,155,172,182,182,216,216,91,117,149,164,164,196,216,216,319,319,330,348,348,362,372,401,401,417,471,30,60,60,77,77,77,77],"floor_reached":51,"language":"KOR","playtime":1303,"items_purged":["Strike_R","Strike_R","Defend_R","Defend_R+1"],"score":792,"play_id":"297f55f3-bc6c-479c-90c5-c4a7f054c33d","local_time":"20210212192424","is_ascension_mode":false,"campfire_choices":[{"data":"Rampage","floor":7.0,"key":"SMITH"},{"data":"True Grit","floor":11.0,"key":"SMITH"},{"data":"Rampage","floor":15.0,"key":"SMITH"},{"data":"Bash","floor":24,"key":"SMITH"},{"data":"Defend_R","floor":29,"key":"SMITH"},{"data":"Defend_R","floor":32,"key":"SMITH"},{"data":"Warcry","floor":41,"key":"SMITH"},{"data":"Impervious","floor":49,"key":"SMITH"}],"circlet_count":0,"master_deck":["Defend_R+1","Bash+1","Rampage+1","Rampage+1","Battle Trance","True Grit+1","Pommel Strike+1","Shrug It Off+1","Impervious+1","Warcry+1","Dropkick+1","Shrug It Off+1","Dropkick+1"],"relics":["Burning Blood","NeowsBlessing","Art of War","Anchor","Bag of Marbles","Velvet Choker","Bronze Scales","Centennial Puzzle","Boot","Regal Pillow","Empty Cage","Blood Vial","Juzu Bracelet","DollysMirror","Ancient Tea Set","Pen Nib","White Beast Statue"],"acts_visited":["Exordium","TheCity","TheBeyond"],"potions_floor_usage":[23,27,27,31,33,36,42,42,42,42,45,45],"damage_taken":[{"damage":0.0,"enemies":"Cultist","floor":1.0,"turns":1.0},{"damage":0.0,"enemies":"Small Slimes","floor":4.0,"turns":2.0},{"damage":0.0,"enemies":"3 Sentries","floor":6.0,"turns":1.0},{"damage":0.0,"enemies":"2 Louse","floor":8.0,"turns":3.0},{"damage":0.0,"enemies":"Blue Slaver","floor":10.0,"turns":2.0},{"damage":16.0,"enemies":"Large Slime","floor":14.0,"turns":4.0},{"damage":40.0,"enemies":"The Guardian","floor":16.0,"turns":7.0},{"damage":0.0,"enemies":"Spheric Guardian","floor":18.0,"turns":3.0},{"damage":0.0,"enemies":"2 Thieves","floor":20.0,"turns":3.0},{"damage":18.0,"enemies":"Snake Plant","floor":21.0,"turns":3.0},{"damage":27,"enemies":"Gremlin Leader","floor":23,"turns":6},{"damage":11,"enemies":"Slavers","floor":27,"turns":4},{"damage":6,"enemies":"Centurion and Healer","floor":28,"turns":4},{"damage":36,"enemies":"Gremlin Leader","floor":30,"turns":5},{"damage":0,"enemies":"Cultist and Chosen","floor":31,"turns":4},{"damage":23,"enemies":"Champ","floor":33,"turns":7},{"damage":0,"enemies":"Orb Walker","floor":35,"turns":3},{"damage":15,"enemies":"3 Darklings","floor":36,"turns":5},{"damage":2,"enemies":"Sphere and 2 Shapes","floor":38,"turns":4},{"damage":6,"enemies":"Jaw Worm Horde","floor":39,"turns":4},{"damage":9,"enemies":"Nemesis","floor":40,"turns":3},{"damage":30,"enemies":"Writhing Mass","floor":42,"turns":4},{"damage":87,"enemies":"Reptomancer","floor":45,"turns":7},{"damage":0,"enemies":"Sphere and 2 Shapes","floor":47,"turns":4},{"damage":63,"enemies":"Donu and Deca","floor":50,"turns":8}],"seed_played":"6453938397574620207","potions_obtained":[{"floor":1.0,"key":"BloodPotion"},{"floor":4.0,"key":"Ancient Potion"},{"floor":10.0,"key":"Fire Potion"},{"floor":23,"key":"Fire Potion"},{"floor":27,"key":"SkillPotion"},{"floor":28,"key":"Energy Potion"},{"floor":31,"key":"BloodPotion"},{"floor":38,"key":"DuplicationPotion"},{"floor":39,"key":"EntropicBrew"},{"floor":40,"key":"Ancient Potion"},{"floor":42,"key":"ColorlessPotion"}],"is_trial":false,"path_per_floor":["M","$","T","M","?","E","R","M","T","M","R","?","$","M","R","B",null,"M","?","M","M","?","E","R","$","T","E","M","R","E","M","R","B",null,"M","M","?","M","M","E","R","M","T","$","E","?","M","T","R","B",null],"character_chosen":"IRONCLAD","items_purchased":["DollysMirror","Ancient Tea Set"],"campfire_rested":0,"item_purchase_floors":[44,44],"current_hp_per_floor":[80,80,80,80,80,80,80,80,80,80,80,80,80,70,70,36,80,80,80,80,68,68,63,63,63,63,58,58,58,28,50,50,33,80,80,71,71,75,75,72,72,66,66,66,30,70,70,70,70,13],"gold":77,"neow_bonus":"THREE_ENEMY_KILL","is_daily":false,"chose_seed":false,"campfire_upgraded":8,"win_rate":0.0,"timestamp":1613125464,"path_taken":["M","$","?","M","?","E","R","M","T","M","R","?","?","M","R","BOSS","M","?","M","M","?","E","R","$","T","E","?","R","E","M","R","BOSS","M","?","?","M","M","E","R","M","T","$","E","?","M","?","R","BOSS"],"items_purchased_type":["Relic","Relic"],"build_version":"2020-12-22","purchased_purges":4,"victory":true,"max_hp_per_floor":[80,80,80,80,80,80,80,80,80,80,80,80,80,80,80,80,80,80,80,80,80,80,80,80,80,80,80,80,80,80,80,80,80,80,80,80,80,80,80,80,80,80,80,80,80,70,70,70,70,70],"card_choices":[{"not_picked":["Dark Embrace","Flex"],"picked":"Rampage","floor":1.0},{"not_picked":["Havoc","Heavy Blade"],"picked":"Rampage","floor":4.0},{"not_picked":["Ghostly Armor","Sword Boomerang","Entrench"],"picked":"SKIP","floor":6.0},{"not_picked":["Thunderclap","Twin Strike"],"picked":"Battle Trance","floor":8.0},{"not_picked":["Sword Boomerang","Clothesline"],"picked":"True Grit","floor":10.0},{"not_picked":["Perfected Strike","Body Slam","Twin Strike"],"picked":"SKIP","floor":14.0},{"not_picked":["Body Slam","Sword Boomerang"],"picked":"Battle Trance","floor":18.0},{"not_picked":["Pummel+1","Rage","Armaments"],"picked":"SKIP","floor":20.0},{"not_picked":["Pummel+1","Rage","Armaments"],"picked":"SKIP","floor":20.0},{"not_picked":["Clash+1","Corruption"],"picked":"Pommel Strike+1","floor":21.0},{"not_picked":["Flex+1","Shockwave+1","Entrench"],"picked":"SKIP","floor":23},{"not_picked":["Perfected Strike","Sword Boomerang+1","Twin Strike"],"picked":"SKIP","floor":27},{"not_picked":["True Grit","Heavy Blade","Wild Strike"],"picked":"SKIP","floor":28},{"not_picked":["Flex","Rampage"],"picked":"Shrug It Off+1","floor":30},{"not_picked":["Clothesline","True Grit+1","Brutality"],"picked":"SKIP","floor":31},{"not_picked":["Offering","Brutality"],"picked":"Impervious","floor":33},{"not_picked":["Blood for Blood","Flex","Iron Wave+1"],"picked":"SKIP","floor":35},{"not_picked":["Heavy Blade+1","Armaments"],"picked":"Warcry","floor":36},{"not_picked":["Bludgeon","Carnage"],"picked":"Dropkick+1","floor":38},{"not_picked":["Clothesline+1","Entrench+1","True Grit+1"],"picked":"SKIP","floor":39},{"not_picked":["Iron Wave","Juggernaut"],"picked":"Shrug It Off+1","floor":40},{"not_picked":["Twin Strike+1","Havoc+1","Combust+1"],"picked":"SKIP","floor":42},{"not_picked":["Dropkick+1","Ghostly Armor","Power Through+1"],"picked":"SKIP","floor":45},{"not_picked":["Dropkick","Shrug It Off","Pommel Strike+1"],"picked":"SKIP","floor":47}],"player_experience":102793,"relics_obtained":[{"floor":3.0,"key":"Art of War"},{"floor":6.0,"key":"Anchor"},{"floor":9.0,"key":"Bag of Marbles"},{"floor":23,"key":"Bronze Scales"},{"floor":26,"key":"Centennial Puzzle"},{"floor":27,"key":"Boot"},{"floor":30,"key":"Regal Pillow"},{"floor":40,"key":"Blood Vial"},{"floor":43,"key":"Juzu Bracelet"},{"floor":45,"key":"Pen Nib"},{"floor":48,"key":"White Beast Statue"}],"event_choices":[{"cards_removed":["Strike_R"],"damage_healed":0.0,"max_hp_gain":0.0,"max_hp_loss":0.0,"gold_gain":0.0,"event_name":"Living Wall","player_choice":"Forget","floor":5.0,"gold_loss":0.0,"damage_taken":0.0},{"cards_removed":["Strike_R"],"damage_healed":0.0,"max_hp_gain":0.0,"max_hp_loss":0.0,"gold_gain":0.0,"event_name":"The Cleric","player_choice":"Card Removal","floor":12.0,"gold_loss":50.0,"damage_taken":0.0},{"cards_removed":["Strike_R"],"damage_healed":0.0,"max_hp_gain":0.0,"max_hp_loss":0.0,"gold_gain":0.0,"event_name":"Back to Basics","player_choice":"Elegance","floor":19.0,"gold_loss":0.0,"damage_taken":0.0},{"damage_healed":0,"gold_gain":0,"player_choice":"0 cards matched","damage_taken":0,"max_hp_gain":0,"max_hp_loss":0,"event_name":"Match and Keep!","floor":22,"gold_loss":0,"cards_obtained":[]},{"damage_healed":0,"gold_gain":0,"player_choice":"Ignored","damage_taken":0,"max_hp_gain":0,"max_hp_loss":0,"event_name":"Tomb of Lord Red Mask","floor":37,"gold_loss":0},{"damage_healed":70,"gold_gain":0,"player_choice":"Heal","damage_taken":0,"max_hp_gain":0,"max_hp_loss":10,"event_name":"The Moai Head","floor":46,"gold_loss":0}],"is_beta":false,"boss_relics":[{"not_picked":["Cursed Key","Pandora\u0027s Box"],"picked":"Velvet Choker"},{"not_picked":["Black Blood","SacredBark"],"picked":"Empty Cage"}],"items_purged_floors":[2,13,25,44],"is_endless":false,"potions_floor_spawned":[1,4,10,16,23,27,28,31,38,39,40,42],"ascension_level":0}}