{"host":"kcvncuxxsb6xpuus","time":1613108403,"event":{"mods":["BaseMod","Minty Spire (QoL Compilation)","Replay The Spire","StSLib"],"gold_per_floor":[110,110,110,127,142,173,191,34,57,70,70,70,90,106,106,106,106],"floor_reached":16,"language":"ZHS","playtime":554,"items_purged":[],"score":104,"play_id":"4f712c05-b051-4f80-b870-3277147787c9","local_time":"20210212134003","is_ascension_mode":false,"campfire_choices":[{"data":"Streamline","floor":12,"key":"SMITH"},{"floor":15,"key":"REST"}],"circlet_count":0,"master_deck":["Strike_B","Strike_B","Strike_B","Defend_B","Defend_B","Defend_B","Defend_B+1","Zap+1","Dualcast","Streamline+1","Glacier+1","Capacitor"],"relics":["Cracked Core","Orichalcum","War Paint","Raider\u0027s Mask","Replay:Antivirus Software"],"acts_visited":["Exordium"],"potions_floor_usage":[6,13],"damage_taken":[{"damage":1,"enemies":"2 Louse","floor":1,"turns":3},{"damage":0,"enemies":"Small Slimes","floor":4,"turns":2},{"damage":6,"enemies":"Jaw Worm","floor":5,"turns":3},{"damage":16,"enemies":"3 Sentries","floor":6,"turns":9},{"damage":0,"enemies":"2 Fungi Beasts","floor":7,"turns":5},{"damage":0,"enemies":"Exordium Thugs","floor":10,"turns":4},{"damage":10,"enemies":"Lots of Slimes","floor":13,"turns":6},{"damage":0,"enemies":"Exordium Wildlife","floor":14,"turns":5},{"damage":0,"enemies":"Slime Boss","floor":16,"turns":1}],"seed_played":"-471583502262130910","potions_obtained":[{"floor":4,"key":"SkillPotion"},{"floor":5,"key":"Cursed Concoction"},{"floor":7,"key":"Energy Potion"},{"floor":10,"key":"SkillPotion"}],"is_trial":false,"path_per_floor":["M","?","?","M","M","E","M","$","T","M","?","R","M","M","R","B"],"character_chosen":"DEFECT","items_purchased":["Raider\u0027s Mask"],"campfire_rested":1,"item_purchase_floors":[8],"current_hp_per_floor":[74,71,71,71,65,49,49,49,49,49,49,49,39,39,61,61,61],"gold":106,"neow_bonus":"UPGRADE_CARD","is_daily":false,"chose_seed":false,"campfire_upgraded":1,"win_rate":0.0,"timestamp":1613108403,"path_taken":["M","?","?","?","M","E","M","$","T","M","?","R","M","M","R","BOSS"],"items_purchased_type":["Relic"],"build_version":"2020-12-22","purchased_purges":0,"victory":false,"max_hp_per_floor":[75,75,75,75,75,75,75,75,75,75,75,75,75,75,75,75,75],"card_choices":[{"not_picked":["Steam","Panic Button"],"picked":"Streamline","floor":1},{"not_picked":["ReplayTheSpireMod:System Scan","Leap"],"picked":"Glacier","floor":4},{"not_picked":["Compile Driver","Redo","Stack"],"picked":"SKIP","floor":5},{"not_picked":["Compile Driver","Undo","Panic Button"],"picked":"SKIP","floor":6},{"not_picked":["Leap","Go for the Eyes","Barrage"],"picked":"SKIP","floor":7},{"not_picked":["Go for the Eyes","Redo"],"picked":"Capacitor","floor":10},{"not_picked":["Redo","Meteor Strike","Compile Driver"],"picked":"SKIP","floor":13},{"not_picked":["Tempest","Leap","Redo"],"picked":"SKIP","floor":14}],"player_experience":111752,"relics_obtained":[{"floor":6,"key":"War Paint"},{"floor":9,"key":"Replay:Antivirus Software"}],"event_choices":[{"damage_healed":0,"gold_gain":0,"player_choice":"Success","damage_taken":3,"relics_obtained":["Orichalcum"],"max_hp_gain":0,"max_hp_loss":0,"event_name":"Scrap Ooze","floor":2,"gold_loss":0},{"damage_healed":0,"gold_gain":0,"player_choice":"Bought 0 Potions","damage_taken":0,"max_hp_gain":0,"max_hp_loss":0,"event_name":"The Woman in Blue","floor":11,"gold_loss":0}],"is_beta":false,"boss_relics":[],"items_purged_floors":[],"is_endless":false,"potions_floor_spawned":[4,5,7,10],"killed_by":"Slime Boss","ascension_level":0}}