{"host":"c4psiqwczhd30bq5","time":1613142813,"event":{"mods":["Act Like it!","Aspiration","BaseMod","BetterRewards","Conspire","Downfall","Hallownest","Hubris","Minty Spire (QoL Compilation)","StSLib"],"gold_per_floor":[117,117,117,127,28,28,54,6,6,6,26,26,43,59,59,160,160,175,175,193,1,13,13,13],"floor_reached":23,"language":"ENG","playtime":1402,"items_purged":["hubris:Envy"],"score":201,"play_id":"19e1f38e-574a-4f91-85bc-a4ad478f4be6","local_time":"20210212161333","is_ascension_mode":true,"campfire_choices":[{"data":"Blade Dance","floor":6,"key":"SMITH"},{"floor":10,"key":"REST"},{"floor":15,"key":"REST"}],"circlet_count":0,"master_deck":["Strike_G","Strike_G","Strike_G","Strike_G","Strike_G","Defend_G","Defend_G","Defend_G","Defend_G","Defend_G","Survivor","Neutralize","Bane","Blur","Blade Dance+1","hubris:Counter","Noxious Fumes","Backflip","Dagger Spray","Outmaneuver","Noxious Fumes","A Thousand Cuts","Perseverance","ClearTheMind","EmptyFist+1"],"relics":["Ring of the Snake","Dead Branch","hubris:Icosahedron","Dream Catcher","Orichalcum","aspiration:FetidBarrel","aspiration:WatcherSkillbook","MealTicket"],"acts_visited":["Exordium","TheCity"],"potions_floor_usage":[16,18,23],"damage_taken":[{"damage":0,"enemies":"Small Slimes","floor":1,"turns":5},{"damage":0,"enemies":"2 Louse","floor":4,"turns":3},{"damage":30,"enemies":"3 Sentries","floor":7,"turns":13},{"damage":0,"enemies":"Jaw Worm","floor":11,"turns":4},{"damage":0,"enemies":"Blue Slaver","floor":13,"turns":3},{"damage":0,"enemies":"2 Fungi Beasts","floor":14,"turns":2},{"damage":6,"enemies":"Hexaghost","floor":16,"turns":8},{"damage":30,"enemies":"conspire:FuzzyDice","floor":18,"turns":8},{"damage":22,"enemies":"Spheric Guardian","floor":20,"turns":6},{"damage":17,"enemies":"3 Cultists","floor":22,"turns":5},{"damage":17,"enemies":"conspire:SneckoGhost","floor":23,"turns":6}],"seed_played":"6313684530592349382","potions_obtained":[{"floor":1,"key":"LiquidBronze"},{"floor":12,"key":"Regen Potion"},{"floor":12,"key":"Dexterity Potion"},{"floor":22,"key":"GhostInAJar"}],"is_trial":false,"path_per_floor":["M","?","?","M","$","R","E","$","T","R","M","?","M","M","R","B",null,"M","?","M","$","M","E"],"character_chosen":"THE_SILENT","items_purchased":["Blade Dance","BlessingOfTheForge","MealTicket","Fire Potion"],"campfire_rested":2,"item_purchase_floors":[5,8,21,21],"current_hp_per_floor":[70,70,67,67,67,67,37,37,37,58,58,58,58,58,70,64,70,52,52,30,30,13,0,0],"gold":13,"neow_bonus":"ONE_RARE_RELIC","is_daily":false,"chose_seed":false,"campfire_upgraded":1,"win_rate":0.0,"timestamp":1613142813,"path_taken":["M","?","?","M","$","R","E","?","T","R","M","?","?","M","R","BOSS","M","?","M","$","M","E"],"items_purchased_type":["Card","Potion","Relic","Potion"],"build_version":"2020-12-22","purchased_purges":1,"victory":false,"max_hp_per_floor":[70,70,70,70,70,70,70,70,70,70,70,70,70,70,70,70,70,70,70,70,70,70,70,70],"card_choices":[{"not_picked":["PiercingWail","Leg Sweep"],"picked":"Bane","floor":1},{"not_picked":["Sucker Punch","Outmaneuver"],"picked":"Blur","floor":4},{"not_picked":["Distraction","Quick Slash"],"picked":"hubris:Counter","floor":7},{"not_picked":["Acrobatics","Cloak And Dagger"],"picked":"Noxious Fumes","floor":10},{"not_picked":["hubris:SlightOfHand","Poisoned Stab"],"picked":"Backflip","floor":11},{"not_picked":["Riddle With Holes","Backflip"],"picked":"Dagger Spray","floor":13},{"not_picked":["PiercingWail","hubris:Sniper"],"picked":"Outmaneuver","floor":14},{"not_picked":["Flying Knee","Doppelganger"],"picked":"Noxious Fumes","floor":15},{"not_picked":["Unload","Glass Knife"],"picked":"A Thousand Cuts","floor":16},{"not_picked":["FlyingSleeves","Flying Knee+1","InnerPeace"],"picked":"Perseverance","floor":18},{"not_picked":["Acrobatics","Protect","Crippling Poison"],"picked":"ClearTheMind","floor":20},{"not_picked":["Tantrum","EmptyBody","Dagger Spray"],"picked":"EmptyFist+1","floor":22}],"player_experience":281119,"relics_obtained":[{"floor":7,"key":"Orichalcum"},{"floor":9,"key":"aspiration:FetidBarrel"}],"event_choices":[{"damage_healed":0,"gold_gain":0,"player_choice":"Success","damage_taken":3,"relics_obtained":["Dream Catcher"],"max_hp_gain":0,"max_hp_loss":0,"event_name":"Scrap Ooze","floor":3,"gold_loss":0},{"damage_healed":0,"gold_gain":0,"player_choice":"Got Potions","damage_taken":0,"max_hp_gain":0,"max_hp_loss":0,"event_name":"Lab","floor":12,"gold_loss":0},{"damage_healed":0,"gold_gain":0,"player_choice":"Ignored","damage_taken":0,"max_hp_gain":0,"max_hp_loss":0,"event_name":"Purifier","floor":19,"gold_loss":0}],"is_beta":false,"boss_relics":[{"not_picked":["aspiration:FutureDiary","Tiny House"],"picked":"aspiration:WatcherSkillbook"}],"items_purged_floors":[5],"is_endless":false,"potions_floor_spawned":[1,13,14,22],"killed_by":"conspire:SneckoGhost","ascension_level":1}}