{"host":"uyrebrj0204enqpc","time":1613161178,"event":{"mods":["Act Like it!","Bard","BaseMod","Block Reminder","Challenge The Spire","Colored Map","Colored Powertips","DeckTracker","Downfall","GifTheSpireLib","HexUI Lib","Highlight Path","Hubris","Minty Spire (QoL Compilation)","Pale of the Ancients","Quick Restart","Random Character Button","Relic Sorter","Relic Stats","Shop Mod","StSLib","The Blue Laboratory","The Bug Knight","The Cursed","The Jungle","The Marked","Wandering Minibosses"],"gold_per_floor":[119,119,135,126,138,168,168,188,188,113,113,113,113,124,124,215,215,224,124,64,76,126,161,161,171,171,171,221,251,307,290,290,375,375,1171,1276,855,905,917,917,967,967,967,698,716,716,816,843,843,843,843,843,155,184,184,184],"floor_reached":55,"language":"ENG","playtime":4864,"items_purged":["Pain","theMarked:Strike","theMarked:Strike","theMarked:Strike"],"score":1097,"play_id":"fee7f944-4f56-4418-ace4-6e10d48ca41f","local_time":"20210212151938","is_ascension_mode":true,"campfire_choices":[{"data":"theMarked:ComboAttacks","floor":7.0,"key":"SMITH"},{"floor":15.0,"key":"REST"},{"floor":24.0,"key":"REST"},{"floor":27.0,"key":"REST"},{"data":"theMarked:EmpowerWeapon","floor":32.0,"key":"SMITH"},{"data":"theMarked:AttractMetal","floor":40.0,"key":"SMITH"},{"data":"theMarked:TwofoldDefense","floor":42.0,"key":"SMITH"},{"floor":46.0,"key":"RECALL"},{"floor":49.0,"key":"REST"},{"data":"theMarked:EmpowerWeapon","floor":52.0,"key":"SMITH"}],"circlet_count":0,"master_deck":["theMarked:Strike","theMarked:Strike","theMarked:Defend","theMarked:Defend","theMarked:Defend","theMarked:Defend+1","theMarked:SoldierOfQuellstein","theMarked:ComboAttacks+1","theMarked:EmpowerWeapon+1","theMarked:ThrowWeapon","theMarked:EmpowerWeapon+1","theMarked:TakeCover","theMarked:ResourceFulStrike+1","theMarked:AttractMetal+1","theMarked:Levitate","theMarked:TwofoldDefense+1","theMarked:Pokerface","Madness","theMarked:SuspiciousRaven"],"relics":["theMarked:BronzeBlade","hubris:Icosahedron","WarpedTongs","theMarked:SecretDocuments","Unceasing Top","SsserpentHead","Frozen Egg 2","Letter Opener","StrikeDummy","theMarked:Eyepatch","wanderingMiniBosses:MasterThiefsPresence","hubris:64BitClover","hubris:TinFlute","HollowMod:LifeEnderRelic","Bag of Marbles","Lizard Tail","CaptainsWheel","hubris:Spice","HandDrill","HornCleat"],"acts_visited":["Exordium","TheCity","TheBeyond","TheEnding"],"potions_floor_usage":[54,55],"damage_taken":[{"damage":7.0,"enemies":"Jaw Worm","floor":1.0,"turns":3.0},{"damage":2.0,"enemies":"Cultist","floor":3.0,"turns":4.0},{"damage":1.0,"enemies":"2 Louse","floor":4.0,"turns":5.0},{"damage":17.0,"enemies":"Exordium Thugs","floor":5.0,"turns":3.0},{"damage":18.0,"enemies":"3 Sentries","floor":6.0,"turns":7.0},{"damage":23.0,"enemies":"Lagavulin","floor":8.0,"turns":7.0},{"damage":2.0,"enemies":"2 Fungi Beasts","floor":14.0,"turns":4.0},{"damage":0.0,"enemies":"Slime Boss","floor":16.0,"turns":4.0},{"damage":25.0,"enemies":"2 Thieves","floor":18.0,"turns":4.0},{"damage":32.0,"enemies":"Shell Parasite","floor":20.0,"turns":5.0},{"damage":0.0,"enemies":"Centurion and Healer","floor":21.0,"turns":3.0},{"damage":43.0,"enemies":"Book of Stabbing","floor":23.0,"turns":4.0},{"damage":25.0,"enemies":"Snecko","floor":25.0,"turns":6.0},{"damage":27.0,"enemies":"Gremlin Leader","floor":29.0,"turns":6.0},{"damage":7.0,"enemies":"Cultist and Chosen","floor":30.0,"turns":6.0},{"damage":58.0,"enemies":"hubris:MusketHawk","floor":33.0,"turns":9.0},{"damage":15.0,"enemies":"3 Shapes","floor":35.0,"turns":6.0},{"damage":39.0,"enemies":"2 Orb Walkers","floor":36.0,"turns":6.0},{"damage":25.0,"enemies":"3 Darklings","floor":39.0,"turns":6.0},{"damage":0.0,"enemies":"4 Shapes","floor":45.0,"turns":5.0},{"damage":0.0,"enemies":"Mind Bloom Boss Battle","floor":47.0,"turns":6.0},{"damage":27.0,"enemies":"Reptomancer","floor":48.0,"turns":8.0},{"damage":30.0,"enemies":"hubris:GrandSnecko","floor":50.0,"turns":16.0},{"damage":43,"enemies":"Shield and Spear","floor":54,"turns":4},{"damage":136,"enemies":"The Heart","floor":55,"turns":8}],"seed_played":"-53178521913898962","potions_obtained":[{"floor":1.0,"key":"theMarked:ChargePotion"},{"floor":3.0,"key":"blueLaboratory:FruitPunch"},{"floor":5.0,"key":"blueLaboratory:HorrorPotion"},{"floor":8.0,"key":"DuplicationPotion"},{"floor":20.0,"key":"LiquidMemories"},{"floor":21.0,"key":"blueLaboratory:ForbiddenFruitJuice"},{"floor":29.0,"key":"Dexterity Potion"},{"floor":33.0,"key":"blueLaboratory:FrostheartPotion"},{"floor":48.0,"key":"LiquidBronze"},{"floor":54,"key":"SkillPotion"}],"is_trial":false,"path_per_floor":["M","?","M","M","M","E","R","E","T","$","?","?","?","M","R","B",null,"M","$","M","M","?","E","R","M","T","R","?","E","M","?","R","B",null,"M","?","$","?","M","R","?","R","T","$","M","R","?","E","R","B",null,"R","$","E","B"],"character_chosen":"THE_DEFAULT","items_purchased":["hubris:TinFlute","Regen Potion","Guardian:BlockOnCardUsePotion","theMarked:TwofoldDefense","Bag of Marbles","hubris:Spice","HandDrill","Madness"],"campfire_rested":4,"item_purchase_floors":[37,37,37,37,44,53,53,53],"current_hp_per_floor":[63,63,61,60,45,27,27,4,4,4,4,9,9,7,32,32,71,46,46,14,14,14,31,53,28,28,50,74,47,40,60,60,2,56,41,2,2,65,40,40,40,40,40,40,40,40,40,28,47,35,58,58,66,23,0,0],"gold":184,"neow_bonus":"TEN_PERCENT_HP_BONUS","is_daily":false,"chose_seed":false,"campfire_upgraded":5,"win_rate":0.0,"timestamp":1613161178,"path_taken":["M","?","?","M","M","E","R","E","T","$","?","?","?","M","R","BOSS","M","$","M","M","?","E","R","M","T","R","?","E","?","?","R","BOSS","M","?","$","?","M","R","?","R","T","$","M","R","?","E","R","BOSS","R","$","E","BOSS"],"items_purchased_type":["Relic","Potion","Potion","Card","Relic","Relic","Relic","Card"],"build_version":"2020-12-22","purchased_purges":4,"victory":false,"max_hp_per_floor":[77,77,77,77,79,79,79,79,79,79,79,84,84,84,84,84,84,84,84,84,84,84,74,74,74,74,74,74,74,74,74,74,74,74,74,74,74,65,65,65,65,65,65,65,65,65,65,65,65,65,65,65,73,73,73,73],"relic_stats":{"SsserpentHead":400,"Lizard Tail":36,"counters":[25,145],"HandDrill":[4],"Letter Opener":[205],"obtain_stats":[{"HollowMod:LifeEnderRelic":43,"hubris:64BitClover":36,"wanderingMiniBosses:MasterThiefsPresence":35,"Letter Opener":26,"Frozen Egg 2":23,"WarpedTongs":2,"theMarked:ArtifactOfAir":0,"SsserpentHead":13,"Lizard Tail":47,"CaptainsWheel":48,"hubris:Icosahedron":41,"HornCleat":54,"theMarked:SecretDocuments":6,"hubris:Spice":53,"theMarked:BronzeBlade":17,"Bag of Marbles":44,"HandDrill":53,"StrikeDummy":29,"Unceasing Top":8,"hubris:TinFlute":37,"theMarked:Eyepatch":34},{"HollowMod:LifeEnderRelic":19,"hubris:64BitClover":18,"wanderingMiniBosses:MasterThiefsPresence":17,"Letter Opener":13,"Frozen Egg 2":12,"WarpedTongs":1,"theMarked:ArtifactOfAir":0,"SsserpentHead":6,"Lizard Tail":21,"CaptainsWheel":22,"hubris:Icosahedron":19,"HornCleat":24,"theMarked:SecretDocuments":5,"hubris:Spice":23,"theMarked:BronzeBlade":8,"Bag of Marbles":19,"HandDrill":23,"StrikeDummy":14,"Unceasing Top":6,"hubris:TinFlute":18,"theMarked:Eyepatch":16},{"HollowMod:LifeEnderRelic":98,"hubris:64BitClover":92,"wanderingMiniBosses:MasterThiefsPresence":86,"Letter Opener":59,"Frozen Egg 2":53,"WarpedTongs":3,"theMarked:ArtifactOfAir":0,"SsserpentHead":29,"Lizard Tail":109,"CaptainsWheel":117,"hubris:Icosahedron":98,"HornCleat":137,"theMarked:SecretDocuments":22,"hubris:Spice":133,"theMarked:BronzeBlade":37,"Bag of Marbles":98,"HandDrill":133,"StrikeDummy":65,"Unceasing Top":29,"hubris:TinFlute":92,"theMarked:Eyepatch":80}],"Unceasing Top":[2],"WarpedTongs":[140]},"card_choices":[{"not_picked":["theMarked:Memento","theMarked:Pokerface"],"picked":"theMarked:OneWithTheBlade","floor":1.0},{"not_picked":["theMarked:MysticalArsenal","theMarked:Memento","theMarked:Heritage"],"picked":"SKIP","floor":3.0},{"not_picked":["theMarked:LightningStrikesTwice","theMarked:TwofoldDefense"],"picked":"theMarked:ComboAttacks","floor":4.0},{"not_picked":["theMarked:ChainLightning","theMarked:KeepCalmAndFight","theMarked:ElectricStrings"],"picked":"SKIP","floor":5.0},{"not_picked":["theMarked:Memento","theMarked:Frustration","theMarked:Reabsorb"],"picked":"SKIP","floor":6.0},{"not_picked":["theMarked:Electrify","theMarked:Determination"],"picked":"theMarked:EmpowerWeapon","floor":8.0},{"not_picked":["theMarked:Improvise","theMarked:TunnelVision","theMarked:TheMission"],"picked":"SKIP","floor":14.0},{"not_picked":["theMarked:Defy","theMarked:Abjuration"],"picked":"theMarked:ThrowWeapon","floor":16.0},{"not_picked":["theMarked:Opportunist","theMarked:Memento","theMarked:Electrify"],"picked":"SKIP","floor":18.0},{"not_picked":["theMarked:ResourceFulStrike","theMarked:PowerFlow","theMarked:WardOff+1"],"picked":"SKIP","floor":20.0},{"not_picked":["theMarked:WardOff","theMarked:RepellingDischarge+1"],"picked":"theMarked:EmpowerWeapon","floor":21.0},{"not_picked":["theMarked:ContemptForTheProud+1","theMarked:Frustration"],"picked":"theMarked:TakeCover","floor":23.0},{"not_picked":["theMarked:HeightenedSenses","theMarked:ContemptForTheProud+1","theMarked:Reabsorb"],"picked":"SKIP","floor":25.0},{"not_picked":["theMarked:Electrify","theMarked:Convert"],"picked":"theMarked:ResourceFulStrike+1","floor":29.0},{"not_picked":["theMarked:WardOff","theMarked:FavorableWinds"],"picked":"theMarked:AttractMetal","floor":30.0},{"not_picked":["theMarked:EternalStudent","theMarked:TurnInvisible"],"picked":"theMarked:Levitate","floor":33.0},{"not_picked":["theMarked:Convert","theMarked:Aftermath+1","theMarked:TwofoldDefense"],"picked":"SKIP","floor":35.0},{"not_picked":["theMarked:Opportunist+1","theMarked:TwofoldDefense+1"],"picked":"theMarked:Pokerface","floor":39.0},{"not_picked":["theMarked:EnhanceMovement+1","theMarked:WardOff","theMarked:TakeCover+1"],"picked":"SKIP","floor":45.0},{"not_picked":["theMarked:ChannelForce","theMarked:Reabsorb","theMarked:TwofoldDefense+1"],"picked":"SKIP","floor":48.0},{"not_picked":["theMarked:Snap","theMarked:SwordAndMagic+1"],"picked":"theMarked:SuspiciousRaven","floor":54}],"player_experience":1115484,"relics_obtained":[{"floor":6.0,"key":"theMarked:SecretDocuments"},{"floor":8.0,"key":"Unceasing Top"},{"floor":23.0,"key":"Frozen Egg 2"},{"floor":26.0,"key":"Letter Opener"},{"floor":29.0,"key":"StrikeDummy"},{"floor":35.0,"key":"wanderingMiniBosses:MasterThiefsPresence"},{"floor":36.0,"key":"hubris:64BitClover"},{"floor":43.0,"key":"HollowMod:LifeEnderRelic"},{"floor":47.0,"key":"Lizard Tail"},{"floor":48.0,"key":"CaptainsWheel"},{"floor":54,"key":"HornCleat"}],"event_choices":[{"damage_healed":0.0,"max_hp_gain":0.0,"max_hp_loss":0.0,"gold_gain":0.0,"event_name":"Accursed Blacksmith","player_choice":"Rummage","floor":2.0,"gold_loss":0.0,"damage_taken":0.0,"relics_obtained":["WarpedTongs"],"cards_obtained":["Pain"]},{"damage_healed":0.0,"max_hp_gain":0.0,"max_hp_loss":0.0,"gold_gain":0.0,"event_name":"Golden Wing","player_choice":"Ignored","floor":11.0,"gold_loss":0.0,"damage_taken":0.0},{"damage_healed":0.0,"max_hp_gain":5.0,"max_hp_loss":0.0,"gold_gain":0.0,"event_name":"Big Fish","player_choice":"Donut","floor":12.0,"gold_loss":0.0,"damage_taken":0.0},{"damage_healed":0.0,"max_hp_gain":0.0,"max_hp_loss":0.0,"gold_gain":0.0,"event_name":"FaceTrader","player_choice":"Trade","floor":13.0,"gold_loss":0.0,"damage_taken":0.0,"relics_obtained":["SsserpentHead"]},{"cards_removed":["theMarked:OneWithTheBlade"],"damage_healed":24.0,"max_hp_gain":0.0,"max_hp_loss":0.0,"gold_gain":0.0,"event_name":"Bonfire Elementals","player_choice":"Offered Uncommon","floor":28.0,"gold_loss":0.0,"damage_taken":0.0},{"damage_healed":0.0,"max_hp_gain":0.0,"max_hp_loss":0.0,"gold_gain":0.0,"event_name":"Mysterious Sphere","player_choice":"Fight","floor":36.0,"gold_loss":0.0,"damage_taken":0.0},{"damage_healed":65.0,"max_hp_gain":0.0,"max_hp_loss":9.0,"gold_gain":0.0,"event_name":"The Moai Head","player_choice":"Heal","floor":38.0,"gold_loss":0.0,"damage_taken":0.0},{"damage_healed":0.0,"max_hp_gain":0.0,"max_hp_loss":0.0,"gold_gain":0.0,"event_name":"MindBloom","player_choice":"Fight","floor":47.0,"gold_loss":0.0,"damage_taken":0.0}],"is_beta":false,"boss_relics":[{"not_picked":["hubris:Backtick","hubris:VirtuousBlindfold"],"picked":"theMarked:BronzeBlade"},{"not_picked":["Empty Cage","Astrolabe"],"picked":"theMarked:Eyepatch"}],"items_purged_floors":[10,19,44,53],"is_endless":false,"potions_floor_spawned":[1,3,5,8,20,21,29,33,47,48,54],"killed_by":"The Heart","ascension_level":8}}