{"host":"k0cm6nn9mnmji9h1","time":1613138121,"event":{"mods":["100% Spire Juice","2.2 Compatiblity","AchievementEnabler","BaseMod","Colored Map","DeckTracker","Gremlin Skip","Highlight Path","Lobotomy","Minty Spire (QoL Compilation)","Permanent Neow","Shade Mod","StSLib","The Dragon Tamer","The Marked","Waifu the Spire"],"gold_per_floor":[112,125,143,161,161,161,161],"floor_reached":6,"language":"KOR","playtime":278,"items_purged":[],"score":38,"play_id":"26818aaf-0642-4399-9684-50504d2fd8e3","local_time":"20210212225521","is_ascension_mode":false,"campfire_choices":[],"circlet_count":0,"master_deck":["Strike_G","Strike_G","Strike_G","Strike_G","Strike_G","Defend_G","Defend_G","Defend_G","Defend_G","Defend_G","Survivor","Neutralize","Wellcheers","Cloak And Dagger","NothingThere","Cloak And Dagger","BeautyBeast","Poisoned Stab","SpiderBud","Deadly Poison+1"],"relics":["Ring of the Snake","CogitoBucket"],"acts_visited":["Exordium"],"potions_floor_usage":[],"damage_taken":[{"damage":7,"enemies":"Cultist","floor":1,"turns":5},{"damage":2,"enemies":"Jaw Worm","floor":2,"turns":5},{"damage":24,"enemies":"2 Louse","floor":3,"turns":3},{"damage":2,"enemies":"Looter","floor":4,"turns":3},{"damage":56,"enemies":"3 Sentries","floor":6,"turns":4}],"seed_played":"-7753869674563369619","potions_obtained":[{"floor":1,"key":"LiquidMemories"},{"floor":4,"key":"Explosive Potion"}],"is_trial":false,"path_per_floor":["M","M","M","M","?","E"],"character_chosen":"THE_SILENT","items_purchased":[],"campfire_rested":0,"item_purchase_floors":[],"current_hp_per_floor":[63,61,40,46,46,0,0],"gold":161,"neow_bonus":"","is_daily":false,"chose_seed":false,"campfire_upgraded":0,"win_rate":0.0,"timestamp":1613138121,"path_taken":["M","M","M","M","?","E"],"items_purchased_type":[],"build_version":"2020-12-22","purchased_purges":0,"victory":false,"max_hp_per_floor":[70,70,70,70,70,70,70],"card_choices":[{"not_picked":["CrumblingArmor","BlueStar"],"picked":"Wellcheers","floor":1},{"not_picked":["Acrobatics","Underhanded Strike"],"picked":"Cloak And Dagger","floor":1},{"not_picked":["UniverseFragment","Scorched"],"picked":"NothingThere","floor":2},{"not_picked":["PiercingWail","All Out Attack"],"picked":"Cloak And Dagger","floor":2},{"not_picked":["MHz","OldLady"],"picked":"BeautyBeast","floor":3},{"not_picked":["Backstab","Concentrate"],"picked":"Poisoned Stab","floor":3},{"not_picked":["Variant","BigBadWolf"],"picked":"SpiderBud","floor":4},{"not_picked":["Sucker Punch","Deflect"],"picked":"Deadly Poison","floor":4}],"player_experience":504012,"relics_obtained":[],"event_choices":[{"damage_healed":0,"gold_gain":0,"player_choice":"Forge","damage_taken":0,"max_hp_gain":0,"max_hp_loss":0,"event_name":"Accursed Blacksmith","floor":5,"gold_loss":0,"cards_upgraded":["Deadly Poison"]}],"is_beta":false,"boss_relics":[],"items_purged_floors":[],"is_endless":false,"potions_floor_spawned":[1,4],"killed_by":"3 Sentries","ascension_level":0}}