{"host":"6p0attdrtjqaih7v","time":1613161058,"event":{"mods":["2.2 Compatiblity","AchievementEnabler","Bard","BaseMod","Better Skull","Better Third Choice","Card Filter","Colored Powertips","Hermit","Highlight Path","Hubris","Key Reminder","Minty Spire (QoL Compilation)","Permanent Neow","Quick Restart","Random Character Button","Relic Filter","Relic Stats","Reliquary","Replay The Spire","Robot Space Explorer","StSLib","The Hayseed","The Witch"],"gold_per_floor":[112,112,7,7,25,56,70,70,70,82,112,112,123,123,123,201,201,214,214,41,41,52,78,92,92,117,117,117,117,117,142,142,142,142],"floor_reached":33,"language":"ENG","playtime":1066,"items_purged":[],"score":582,"play_id":"d0605e4f-15e4-460c-a196-402326a11efb","local_time":"20210212151738","is_ascension_mode":true,"campfire_choices":[{"data":"Intimidate","floor":8,"key":"SMITH"},{"data":"Flame Barrier","floor":12,"key":"SMITH"},{"data":"Dark Embrace","floor":15,"key":"SMITH"},{"floor":28,"key":"REST"},{"floor":30,"key":"REST"},{"data":"Shrug It Off","floor":32,"key":"SMITH"}],"circlet_count":0,"master_deck":["AscendersBane","Strike_R+1","Strike_R","Strike_R","Strike_R","Strike_R","Defend_R","Defend_R","Defend_R+1","Defend_R","Bash+1","Sever Soul+1","Shrug It Off+1","Twin Strike","Intimidate+1","Flame Barrier+1","Dark Embrace+1","Corruption+1","AbeCurse","Pommel Strike+1","Blood for Blood+1","Replay:Undeath\u0027s Touch","Barricade+1"],"relics":["Burning Blood","Potion Belt","Replay:WaspNest","Golden Egg","Abe\u0027s Treasure","Nloth\u0027s Gift","Omamori","reliquary:RosewoodLute","Nilry\u0027s Codex","Smiling Mask"],"acts_visited":["Exordium","TheCity"],"potions_floor_usage":[6,11,11,16,22,23,24,33],"damage_taken":[{"damage":9,"enemies":"Jaw Worm","floor":1,"turns":4},{"damage":0,"enemies":"2 Louse","floor":5,"turns":3},{"damage":24,"enemies":"Lagavulin","floor":6,"turns":5},{"damage":0,"enemies":"Cultist","floor":7,"turns":3},{"damage":0,"enemies":"Exordium Wildlife","floor":10,"turns":3},{"damage":17,"enemies":"3 Sentries","floor":11,"turns":6},{"damage":0,"enemies":"Looter","floor":13,"turns":3},{"damage":46,"enemies":"Hexaghost","floor":16,"turns":9},{"damage":9,"enemies":"3 Byrds","floor":18,"turns":3},{"damage":9,"enemies":"Shell Parasite","floor":22,"turns":4},{"damage":23,"enemies":"Book of Stabbing","floor":23,"turns":4},{"damage":12,"enemies":"Snecko","floor":24,"turns":6},{"damage":22,"enemies":"Replay:Snechameleon","floor":31,"turns":6},{"damage":45,"enemies":"Collector","floor":33,"turns":9}],"seed_played":"7984649116290541522","potions_obtained":[{"floor":1,"key":"Block Potion"},{"floor":10,"key":"Fire Potion"},{"floor":13,"key":"Fruit Juice"},{"floor":16,"key":"Elixir"},{"floor":22,"key":"ColorlessPotion"},{"floor":23,"key":"SpeedPotion"},{"floor":31,"key":"Swift Potion"}],"is_trial":false,"path_per_floor":["M","?","$","?","M","E","M","R","T","M","E","R","M","?","R","B",null,"M","?","$","?","M","E","M","?","T","?","R","?","R","E","R","B"],"character_chosen":"IRONCLAD","items_purchased":["Shrug It Off","PowerPotion","Toolbox"],"campfire_rested":2,"item_purchase_floors":[3,3,20],"current_hp_per_floor":[65,42,42,42,48,30,36,36,36,42,31,31,37,47,47,12,63,60,60,60,60,57,40,34,34,34,13,37,37,61,45,45,0,0],"gold":142,"neow_bonus":"UPGRADE_CARD","is_daily":false,"chose_seed":false,"campfire_upgraded":4,"win_rate":0.0,"timestamp":1613161058,"path_taken":["M","?","$","?","?","E","M","R","T","M","E","R","M","?","R","BOSS","M","?","$","?","?","E","M","?","T","?","R","?","R","E","R","BOSS"],"items_purchased_type":["Card","Potion","Relic"],"build_version":"2020-12-22","purchased_purges":0,"victory":false,"max_hp_per_floor":[75,75,75,75,75,75,75,75,75,75,75,75,75,75,75,80,80,80,80,80,80,80,80,80,80,80,80,80,80,80,80,80,80,80],"relic_stats":{"counters":[14,68],"Nloth\u0027s Gift":1,"Smiling Mask":0,"obtain_stats":[{"Potion Belt":6,"Golden Egg":11,"Nilry\u0027s Codex":27,"Toolbox":20,"Replay:WaspNest":9,"Nloth\u0027s Gift":21,"Omamori":23,"reliquary:RosewoodLute":26,"Smiling Mask":31,"Burning Blood":0,"Abe\u0027s Treasure":17},{"Potion Belt":3,"Golden Egg":6,"Nilry\u0027s Codex":12,"Toolbox":9,"Replay:WaspNest":4,"Nloth\u0027s Gift":9,"Omamori":11,"reliquary:RosewoodLute":12,"Smiling Mask":13,"Burning Blood":0,"Abe\u0027s Treasure":8},{"Potion Belt":12,"Golden Egg":24,"Nilry\u0027s Codex":53,"Toolbox":39,"Replay:WaspNest":15,"Nloth\u0027s Gift":39,"Omamori":47,"reliquary:RosewoodLute":53,"Smiling Mask":59,"Burning Blood":0,"Abe\u0027s Treasure":36}],"Burning Blood":78},"card_choices":[{"not_picked":["Entrench","Dark Embrace"],"picked":"Sever Soul","floor":1},{"not_picked":["Thunderclap","Sword Boomerang","Dropkick"],"picked":"SKIP","floor":5},{"not_picked":["Flex","Rage"],"picked":"Twin Strike","floor":6},{"not_picked":["Entrench","Perfected Strike"],"picked":"Intimidate","floor":7},{"not_picked":["Carnage","Body Slam","Replay:Undeath\u0027s Touch"],"picked":"SKIP","floor":10},{"not_picked":["Clash","Combust"],"picked":"Flame Barrier","floor":11},{"not_picked":["Flex","Cleave"],"picked":"Dark Embrace","floor":13},{"not_picked":["Berserk","Barricade"],"picked":"Corruption","floor":16},{"not_picked":["Pummel","Havoc"],"picked":"Pommel Strike","floor":18},{"not_picked":["Fire Breathing","Havoc"],"picked":"Blood for Blood+1","floor":22},{"not_picked":["Twin Strike","Second Wind"],"picked":"Replay:Undeath\u0027s Touch","floor":23},{"not_picked":["Dual Wield","Blood for Blood"],"picked":"Barricade","floor":24},{"not_picked":["Evolve","Rupture","Seeing Red"],"picked":"SKIP","floor":31}],"player_experience":1113828,"relics_obtained":[{"floor":6,"key":"Potion Belt"},{"floor":9,"key":"Replay:WaspNest"},{"floor":11,"key":"Golden Egg"},{"floor":23,"key":"Omamori"},{"floor":26,"key":"reliquary:RosewoodLute"},{"floor":27,"key":"Nilry\u0027s Codex"},{"floor":31,"key":"Smiling Mask"}],"event_choices":[{"damage_healed":0,"gold_gain":0,"player_choice":"Entered Light","damage_taken":23,"max_hp_gain":0,"max_hp_loss":0,"event_name":"Shining Light","floor":2,"gold_loss":0,"cards_upgraded":["Sever Soul","Defend_R"]},{"damage_healed":0,"gold_gain":0,"player_choice":"Ignored","damage_taken":0,"max_hp_gain":0,"max_hp_loss":0,"event_name":"Liars Game","floor":4,"gold_loss":0},{"damage_healed":0,"gold_gain":0,"player_choice":"Traded Relic","damage_taken":0,"relics_obtained":["Nloth\u0027s Gift"],"max_hp_gain":0,"max_hp_loss":0,"event_name":"N\u0027loth","floor":21,"relics_lost":["Toolbox"],"gold_loss":0},{"damage_healed":0,"gold_gain":0,"player_choice":"Obtained Book","damage_taken":21,"max_hp_gain":0,"max_hp_loss":0,"event_name":"Cursed Tome","floor":27,"gold_loss":0}],"is_beta":false,"boss_relics":[{"not_picked":["Velvet Choker","Busted Crown"],"picked":"Abe\u0027s Treasure"}],"items_purged_floors":[],"is_endless":false,"potions_floor_spawned":[1,10,13,16,22,23,31],"killed_by":"Collector","ascension_level":20}}