{"host":"52m1o8iwwagurbjs","time":1613165683,"event":{"mods":["AchievementEnabler","BaseMod","Bestiary","Challenge The Spire","Colored Powertips","GifTheSpireLib","Minty Spire (QoL Compilation)","Quick Restart","Relic Stats","StSLib"],"gold_per_floor":[116,127,127,142,157,157,167,195,274,285,320,320,280,290,290,392,392,406,420,49,69,84,109,109,121,172,203,203,203,203],"floor_reached":29,"language":"ENG","playtime":1556,"items_purged":["Strike_B"],"score":319,"play_id":"4fdbac63-4e36-4082-bfc4-c2e979413a74","local_time":"20210212163443","is_ascension_mode":true,"campfire_choices":[{"data":"Defragment","floor":6.0,"key":"SMITH"},{"floor":12.0,"key":"REST"},{"data":"Defragment","floor":15.0,"key":"SMITH"},{"data":"Loop","floor":24,"key":"SMITH"},{"data":"Biased Cognition","floor":28,"key":"SMITH"}],"circlet_count":0,"master_deck":["Defend_B","Defend_B","Defend_B","Defend_B","Zap","Dualcast","Defragment+1","Defragment+1","Undo","Melter","Coolheaded","Biased Cognition+1","Conserve Battery","Capacitor","Sunder","Electrodynamics","Buffer+1","Scrape+1","Cold Snap+1","FTL+1","Storm","Loop+1","Core Surge"],"relics":["Cracked Core","Ice Cream","Letter Opener","Emotion Chip","Astrolabe","Mercury Hourglass","Nunchaku","Happy Flower","Boot"],"acts_visited":[],"potions_floor_usage":[21,25],"damage_taken":[{"damage":0.0,"enemies":"Cultist","floor":1.0,"turns":3.0},{"damage":0.0,"enemies":"2 Louse","floor":2.0,"turns":2.0},{"damage":10.0,"enemies":"Jaw Worm","floor":4.0,"turns":4.0},{"damage":7.0,"enemies":"Large Slime","floor":5.0,"turns":6.0},{"damage":8.0,"enemies":"Lots of Slimes","floor":7.0,"turns":4.0},{"damage":3.0,"enemies":"Lagavulin","floor":8.0,"turns":7.0},{"damage":22.0,"enemies":"Exordium Wildlife","floor":10.0,"turns":4.0},{"damage":16.0,"enemies":"Gremlin Nob","floor":11.0,"turns":3.0},{"damage":7.0,"enemies":"3 Louse","floor":14.0,"turns":3.0},{"damage":4.0,"enemies":"The Guardian","floor":16.0,"turns":6.0},{"damage":6.0,"enemies":"Shell Parasite","floor":18.0,"turns":8.0},{"damage":13.0,"enemies":"3 Byrds","floor":19.0,"turns":3.0},{"damage":15,"enemies":"Snake Plant","floor":21,"turns":3},{"damage":6,"enemies":"Cultist and Chosen","floor":22,"turns":3},{"damage":18,"enemies":"Book of Stabbing","floor":23,"turns":5},{"damage":0,"enemies":"3 Cultists","floor":25,"turns":3},{"damage":0,"enemies":"Gremlin Leader","floor":27,"turns":6},{"damage":24,"enemies":"Snake Plant","floor":29,"turns":2}],"seed_played":"-6327412227562612208","potions_obtained":[{"floor":1.0,"key":"SteroidPotion"},{"floor":2.0,"key":"EssenceOfDarkness"},{"floor":5.0,"key":"LiquidBronze"},{"floor":8.0,"key":"Energy Potion"},{"floor":11.0,"key":"Swift Potion"},{"floor":13.0,"key":"EssenceOfDarkness"},{"floor":13.0,"key":"PowerPotion"},{"floor":19.0,"key":"Ancient Potion"},{"floor":23,"key":"SkillPotion"}],"is_trial":false,"path_per_floor":["M","M","?","M","M","R","M","E","T","M","E","R","?","M","R","B",null,"M","M","$","M","M","E","R","M","T","E","R","M"],"character_chosen":"DEFECT","items_purchased":["Mercury Hourglass","Storm"],"campfire_rested":1,"item_purchase_floors":[20,20],"current_hp_per_floor":[82,82,82,72,65,65,57,54,54,32,16,40,40,33,33,29,82,76,63,63,48,42,24,24,24,24,24,24,0,0],"gold":203,"neow_bonus":"TEN_PERCENT_HP_BONUS","is_daily":false,"chose_seed":false,"campfire_upgraded":4,"win_rate":0.0,"timestamp":1613165683,"path_taken":["M","M","?","?","M","R","M","E","T","M","E","R","?","M","R","BOSS","M","M","$","M","M","E","R","M","T","E","R","M"],"items_purchased_type":["Relic","Card"],"build_version":"2020-12-22","purchased_purges":1,"victory":false,"max_hp_per_floor":[82,82,82,82,82,82,82,82,82,82,82,82,82,82,82,82,82,82,82,82,82,82,82,82,82,82,82,82,82,82],"relic_stats":{"Emotion Chip":[18,12,6,0,0],"Nunchaku":[1],"Happy Flower":[2],"counters":[6,22],"Astrolabe":[],"Letter Opener":[0],"Boot":[0],"obtain_stats":[{"Ice Cream":0,"Emotion Chip":0,"Nunchaku":23,"Happy Flower":26,"Astrolabe":0,"Letter Opener":0,"Cracked Core":0,"Boot":27,"Mercury Hourglass":0},{"Ice Cream":0,"Emotion Chip":0,"Nunchaku":3,"Happy Flower":4,"Astrolabe":0,"Letter Opener":0,"Cracked Core":0,"Boot":5,"Mercury Hourglass":0},{"Ice Cream":0,"Emotion Chip":0,"Nunchaku":11,"Happy Flower":14,"Astrolabe":0,"Letter Opener":0,"Cracked Core":0,"Boot":20,"Mercury Hourglass":0}],"Mercury Hourglass":[96]},"card_choices":[{"not_picked":["Auto Shields","Compile Driver"],"picked":"Defragment","floor":1.0},{"not_picked":["FTL","Go for the Eyes"],"picked":"Defragment","floor":2.0},{"not_picked":["Steam","Doom and Gloom"],"picked":"Undo","floor":4.0},{"not_picked":["Hologram","Beam Cell"],"picked":"Melter","floor":5.0},{"not_picked":["Double Energy","Ball Lightning"],"picked":"Coolheaded","floor":7.0},{"not_picked":["Force Field","Coolheaded"],"picked":"Biased Cognition","floor":8.0},{"not_picked":["Gash","Turbo"],"picked":"Conserve Battery","floor":10.0},{"not_picked":["Static Discharge","Seek"],"picked":"Capacitor","floor":11.0},{"not_picked":["Stack","Leap"],"picked":"Sunder","floor":14.0},{"not_picked":["Machine Learning","All For One"],"picked":"Electrodynamics","floor":16.0},{"not_picked":["Auto Shields","Darkness"],"picked":"FTL+1","floor":18.0},{"not_picked":["Fusion","Reprogram","Leap"],"picked":"SKIP","floor":19.0},{"not_picked":["Sweeping Beam+1","Steam Power","Redo+1"],"picked":"SKIP","floor":21},{"not_picked":["Streamline+1","Double Energy"],"picked":"Loop","floor":22},{"not_picked":["Scrape+1","Redo","Barrage"],"picked":"SKIP","floor":23},{"not_picked":["Self Repair+1","Ball Lightning"],"picked":"Core Surge","floor":25},{"not_picked":["Recycle","Go for the Eyes","Darkness"],"picked":"SKIP","floor":27}],"player_experience":1349426,"relics_obtained":[{"floor":8.0,"key":"Ice Cream"},{"floor":9.0,"key":"Letter Opener"},{"floor":11.0,"key":"Emotion Chip"},{"floor":23,"key":"Nunchaku"},{"floor":26,"key":"Happy Flower"},{"floor":27,"key":"Boot"}],"event_choices":[{"damage_healed":0.0,"max_hp_gain":0.0,"max_hp_loss":0.0,"gold_gain":0.0,"event_name":"NoteForYourself","player_choice":"Ignored","floor":3.0,"gold_loss":0.0,"damage_taken":0.0},{"damage_healed":0.0,"max_hp_gain":0.0,"max_hp_loss":0.0,"gold_gain":0.0,"event_name":"The Woman in Blue","player_choice":"Bought 3 Potions","floor":13.0,"gold_loss":0.0,"damage_taken":0.0}],"is_beta":false,"boss_relics":[{"not_picked":["SacredBark","Fusion Hammer"],"picked":"Astrolabe"}],"items_purged_floors":[20],"is_endless":false,"potions_floor_spawned":[1,2,5,8,11,19,23],"killed_by":"Snake Plant","ascension_level":1}}