{"host":"a5lz0e76zb3fcwkm","time":1613115149,"event":{"mods":["AchievementEnabler","BaseMod","Colored Map","Colored Powertips","Minty Spire (QoL Compilation)","StSLib","SuperFastMode"],"gold_per_floor":[118,118,136,149,63,63,138,153,153,153,169,169,169,251,251,323,323,338,338,338,263,274,274,300,300,300,300,300,300,320,320,320],"floor_reached":31,"language":"KOR","playtime":1892,"items_purged":[],"score":582,"play_id":"d50981fd-981e-4b77-906e-a8c1d4a1d514","local_time":"20210212163229","is_ascension_mode":true,"campfire_choices":[{"data":"Recycle","floor":6.0,"key":"SMITH"},{"data":"Dualcast","floor":10.0,"key":"SMITH"},{"data":"Zap","floor":12.0,"key":"SMITH"},{"data":"Coolheaded","floor":15.0,"key":"SMITH"},{"data":"Seek","floor":23,"key":"SMITH"},{"floor":25,"key":"REST"}],"circlet_count":0,"master_deck":["AscendersBane","Strike_B","Defend_B","Defend_B","Defend_B","Defend_B","Zap+1","Dualcast+1","Electrodynamics","Coolheaded+1","Echo Form","Compile Driver","Ball Lightning","Recycle+1","Reinforced Body","Seek+1","Cold Snap","Biased Cognition","Coolheaded+1"],"relics":["Cracked Core","FossilizedHelix","Bottled Tornado","Inserter","Incense Burner","Omamori","Enchiridion","InkBottle"],"acts_visited":["Exordium","TheCity"],"potions_floor_usage":[24],"damage_taken":[{"damage":7.0,"enemies":"2 Louse","floor":1.0,"turns":2.0},{"damage":0.0,"enemies":"Cultist","floor":3.0,"turns":3.0},{"damage":12.0,"enemies":"Small Slimes","floor":4.0,"turns":2.0},{"damage":1.0,"enemies":"2 Fungi Beasts","floor":8.0,"turns":2.0},{"damage":0.0,"enemies":"Blue Slaver","floor":11.0,"turns":3.0},{"damage":0.0,"enemies":"The Guardian","floor":16.0,"turns":12.0},{"damage":5,"enemies":"Shell Parasite","floor":18,"turns":6},{"damage":3,"enemies":"3 Byrds","floor":22,"turns":3},{"damage":22,"enemies":"Gremlin Leader","floor":24,"turns":5},{"damage":0,"enemies":"Centurion and Healer","floor":30,"turns":2},{"damage":8,"enemies":"Snake Plant","floor":31,"turns":1}],"seed_played":"5192379688795239210","potions_obtained":[{"floor":3.0,"key":"AttackPotion"},{"floor":4.0,"key":"Swift Potion"},{"floor":11.0,"key":"Explosive Potion"},{"floor":24,"key":"FearPotion"}],"is_trial":false,"path_per_floor":["M","?","M","M","$","R","?","M","T","R","M","R","?","T","R","B",null,"M","?","?","?","M","R","E","R","T","?","?","T","M","M"],"character_chosen":"DEFECT","items_purchased":["Recycle"],"campfire_rested":1,"item_purchase_floors":[5],"current_hp_per_floor":[57,57,57,45,45,45,34,33,33,33,33,33,26,26,26,26,55,50,50,33,33,30,30,8,28,28,7,7,7,7,0,0],"gold":320,"neow_bonus":"THREE_RARE_CARDS","is_daily":false,"chose_seed":false,"campfire_upgraded":5,"win_rate":0.0,"timestamp":1613115149,"path_taken":["M","?","?","M","$","R","?","M","T","R","M","R","?","?","R","BOSS","M","?","?","?","M","R","E","R","T","?","?","?","?","M"],"items_purchased_type":["Card"],"build_version":"2020-12-22","purchased_purges":0,"victory":false,"max_hp_per_floor":[64,64,64,64,64,64,64,64,64,64,64,64,64,64,64,64,64,64,64,69,69,69,69,69,69,69,69,69,69,69,69,69],"card_choices":[{"not_picked":["Echo Form","Core Surge"],"picked":"Electrodynamics","floor":0.0},{"not_picked":["FTL","Beam Cell"],"picked":"Coolheaded","floor":1.0},{"not_picked":["Hologram","Redo"],"picked":"Compile Driver","floor":3.0},{"not_picked":["Conserve Battery","Leap"],"picked":"Ball Lightning","floor":4.0},{"not_picked":["Rip and Tear","Hello World","Fission"],"picked":"SKIP","floor":8.0},{"not_picked":["Barrage","Rip and Tear"],"picked":"Reinforced Body","floor":11.0},{"not_picked":["Multi-Cast","Reboot"],"picked":"Seek","floor":16.0},{"not_picked":["Streamline+1","Go for the Eyes"],"picked":"Cold Snap","floor":18},{"not_picked":["Ball Lightning+1","Hologram+1","Multi-Cast"],"picked":"SKIP","floor":22},{"not_picked":["Cold Snap","Beam Cell"],"picked":"Biased Cognition","floor":24},{"not_picked":["Aggregate+1","Cold Snap"],"picked":"Coolheaded+1","floor":30}],"player_experience":1873289,"relics_obtained":[{"floor":9.0,"key":"FossilizedHelix"},{"floor":14.0,"key":"Bottled Tornado"},{"floor":24,"key":"Incense Burner"},{"floor":26,"key":"Omamori"},{"floor":27,"key":"Enchiridion"},{"floor":29,"key":"InkBottle"}],"event_choices":[{"damage_healed":0.0,"max_hp_gain":0.0,"max_hp_loss":0.0,"gold_gain":0.0,"event_name":"Match and Keep!","player_choice":"1 cards matched","floor":2.0,"gold_loss":0.0,"damage_taken":0.0,"cards_obtained":["Echo Form"]},{"damage_healed":0.0,"max_hp_gain":0.0,"max_hp_loss":0.0,"gold_gain":75.0,"event_name":"World of Goop","player_choice":"Gather Gold","floor":7.0,"gold_loss":0.0,"damage_taken":11.0},{"cards_removed":["Strike_B"],"damage_healed":0.0,"max_hp_gain":0.0,"max_hp_loss":0.0,"gold_gain":0.0,"event_name":"Golden Wing","player_choice":"Card Removal","floor":13.0,"gold_loss":0.0,"damage_taken":7.0},{"damage_healed":0,"gold_gain":0,"player_choice":"Ignored","damage_taken":0,"max_hp_gain":0,"max_hp_loss":0,"event_name":"The Mausoleum","floor":19,"gold_loss":0},{"damage_healed":0,"gold_gain":0,"player_choice":"Shed Blood","damage_taken":22,"max_hp_gain":5,"max_hp_loss":0,"event_name":"Forgotten Altar","floor":20,"gold_loss":0},{"cards_removed":["Strike_B"],"damage_healed":0,"gold_gain":0,"player_choice":"Gave Gold","damage_taken":0,"max_hp_gain":0,"max_hp_loss":0,"event_name":"Beggar","floor":21,"gold_loss":75},{"damage_healed":0,"gold_gain":0,"player_choice":"Obtained Book","damage_taken":21,"max_hp_gain":0,"max_hp_loss":0,"event_name":"Cursed Tome","floor":27,"gold_loss":0},{"cards_removed":["Strike_B"],"damage_healed":0,"gold_gain":0,"player_choice":"Elegance","damage_taken":0,"max_hp_gain":0,"max_hp_loss":0,"event_name":"Back to Basics","floor":28,"gold_loss":0}],"is_beta":false,"boss_relics":[{"not_picked":["SlaversCollar","Astrolabe"],"picked":"Inserter"}],"items_purged_floors":[],"is_endless":false,"potions_floor_spawned":[3,4,11,16,18,24,30],"killed_by":"Snake Plant","ascension_level":20}}