{"host":"yhhyog5h1q67ienp","time":1613106417,"event":{"mods":["AchievementEnabler","BaseMod","Block Reminder","Colored Map","Colored Powertips","Minty Spire (QoL Compilation)","Quick Restart","Relic Stats","StSLib","Weighted Paths","ojb\u0027s Better Paths Mod","ojb\u0027s Info Mod"],"gold_per_floor":[118,132,132,207,207,241,255,255,255,290,347,347,347],"floor_reached":12,"language":"ENG","playtime":854,"items_purged":[],"score":172,"play_id":"b9e89b34-7f48-4318-aeb8-171c4158dfcc","local_time":"20210212020657","is_ascension_mode":true,"campfire_choices":[{"data":"Acrobatics","floor":8,"key":"SMITH"}],"circlet_count":0,"master_deck":["AscendersBane","Strike_G","Strike_G","Strike_G","Strike_G","Strike_G","Defend_G","Defend_G","Defend_G","Defend_G","Defend_G","Survivor","Neutralize","Predator+1","Blade Dance","Acrobatics+1","Dash","Predator"],"relics":["Ring of the Snake","Gremlin Horn","Blood Vial","Singing Bowl","Sundial"],"acts_visited":["Exordium"],"potions_floor_usage":[10,10,11],"damage_taken":[{"damage":2,"enemies":"Small Slimes","floor":1,"turns":5},{"damage":11,"enemies":"Jaw Worm","floor":2,"turns":4},{"damage":26,"enemies":"Gremlin Nob","floor":6,"turns":4},{"damage":3,"enemies":"2 Louse","floor":7,"turns":3},{"damage":32,"enemies":"Lagavulin","floor":10,"turns":11},{"damage":7,"enemies":"3 Sentries","floor":11,"turns":5},{"damage":6,"enemies":"Gremlin Nob","floor":12,"turns":2}],"seed_played":"7596818274283191867","potions_obtained":[{"floor":1,"key":"Swift Potion"},{"floor":2,"key":"Explosive Potion"},{"floor":10,"key":"SkillPotion"}],"is_trial":false,"path_per_floor":["M","M","?","?","?","E","M","R","T","E","?","E"],"character_chosen":"THE_SILENT","items_purchased":[],"campfire_rested":0,"item_purchase_floors":[],"current_hp_per_floor":[63,52,52,41,65,39,36,36,36,8,3,0,0],"gold":347,"neow_bonus":"TEN_PERCENT_HP_BONUS","is_daily":false,"chose_seed":false,"campfire_upgraded":1,"win_rate":0.0,"timestamp":1613106417,"path_taken":["M","M","?","?","?","E","?","R","T","E","?","E"],"items_purchased_type":[],"build_version":"2020-12-22","purchased_purges":0,"victory":false,"max_hp_per_floor":[72,72,72,72,72,72,72,72,72,74,74,74,74],"relic_stats":{"Blood Vial":6,"Gremlin Horn":[2,3],"Singing Bowl":2,"counters":[7,34],"Sundial":[0],"obtain_stats":[{"Blood Vial":9,"Gremlin Horn":6,"Singing Bowl":10,"Sundial":11,"Ring of the Snake":0},{"Blood Vial":4,"Gremlin Horn":3,"Singing Bowl":5,"Sundial":6,"Ring of the Snake":0},{"Blood Vial":16,"Gremlin Horn":13,"Singing Bowl":27,"Sundial":32,"Ring of the Snake":0}],"Ring of the Snake":[14]},"card_choices":[{"not_picked":["Flechettes","Well Laid Plans"],"picked":"Predator","floor":1},{"not_picked":["Well Laid Plans","Reflex"],"picked":"Blade Dance","floor":2},{"not_picked":["Underhanded Strike","Unload"],"picked":"Acrobatics","floor":6},{"not_picked":["Expertise","Deadly Poison"],"picked":"Dash","floor":7},{"not_picked":["Poisoned Stab","Prepared","Eviscerate"],"picked":"Singing Bowl","floor":10},{"not_picked":["Deflect","Tactician"],"picked":"Predator","floor":11}],"player_experience":1464024,"relics_obtained":[{"floor":6,"key":"Gremlin Horn"},{"floor":9,"key":"Blood Vial"},{"floor":10,"key":"Singing Bowl"},{"floor":11,"key":"Sundial"}],"event_choices":[{"damage_healed":0,"gold_gain":0,"player_choice":"Grow","damage_taken":0,"max_hp_gain":0,"max_hp_loss":0,"event_name":"Living Wall","floor":3,"gold_loss":0,"cards_upgraded":["Predator"]},{"damage_healed":0,"gold_gain":75,"player_choice":"Gather Gold","damage_taken":11,"max_hp_gain":0,"max_hp_loss":0,"event_name":"World of Goop","floor":4,"gold_loss":0},{"damage_healed":24,"gold_gain":0,"player_choice":"Banana","damage_taken":0,"max_hp_gain":0,"max_hp_loss":0,"event_name":"Big Fish","floor":5,"gold_loss":0},{"damage_healed":0,"gold_gain":0,"player_choice":"Searched \u00271\u0027 times","damage_taken":0,"max_hp_gain":0,"max_hp_loss":0,"event_name":"Dead Adventurer","floor":11,"gold_loss":0}],"is_beta":false,"boss_relics":[],"items_purged_floors":[],"is_endless":false,"potions_floor_spawned":[1,2,10],"killed_by":"Gremlin Nob","ascension_level":20}}