{"host":"z8k0b1oqxoiri7b9","time":1613132614,"event":{"mods":["AchievementEnabler","BaseMod","Downfall","Minty Spire (QoL Compilation)","StSLib"],"gold_per_floor":[99,115,115,115,115,115,115,150,161,177,188,198,211,221,239,239,239,239],"floor_reached":16,"language":"ENG","playtime":3409,"items_purged":[],"score":106,"play_id":"31cc26d7-cc10-4417-bef4-cdf706164848","local_time":"20210212202334","is_ascension_mode":false,"campfire_choices":[{"data":"bronze:Goto","floor":1,"key":"SMITH"},{"data":"bronze:Replicate","floor":6,"key":"SMITH"},{"floor":6,"key":"RECALL"}],"circlet_count":0,"master_deck":["bronze:Strike","bronze:Strike","bronze:Strike","bronze:Strike","bronze:Defend","bronze:Defend","bronze:Defend","bronze:Defend","bronze:Replicate+1","bronze:Goto+1","bronze:NullPointer","bronze:Branch","bronze:BitShift","bronze:ClassDefault","bronze:CleanCode"],"relics":["bronze:BronzeCore","downfall:ShatteredFragment","HornCleat","Darkstone Periapt"],"acts_visited":["Exordium"],"potions_floor_usage":[],"damage_taken":[{"damage":3,"enemies":"Small Slimes","floor":2,"turns":3},{"damage":11,"enemies":"Lagavulin","floor":8,"turns":7},{"damage":0,"enemies":"2 Louse","floor":9,"turns":2},{"damage":0,"enemies":"Cultist","floor":10,"turns":3},{"damage":6,"enemies":"Large Slime","floor":11,"turns":5},{"damage":0,"enemies":"Red Slaver","floor":12,"turns":2},{"damage":7,"enemies":"Blue Slaver","floor":13,"turns":3},{"damage":0,"enemies":"3 Louse","floor":14,"turns":3},{"damage":4,"enemies":"Large Slime","floor":15,"turns":5},{"damage":41,"enemies":"WA_ARCHETYPE_RETAIN","floor":16,"turns":6}],"seed_played":"-4726624987503789993","potions_obtained":[{"floor":9,"key":"bronze:FreeFunctionsPotion"},{"floor":12,"key":"SpeedPotion"},{"floor":13,"key":"AttackPotion"}],"is_trial":false,"path_per_floor":["R","M","?","?","?","R","T","E","M","M","M","M","M","M","M","B"],"character_chosen":"THE_AUTOMATON","items_purchased":[],"campfire_rested":0,"item_purchase_floors":[],"current_hp_per_floor":[77,74,79,58,58,58,58,47,47,47,41,41,34,34,30,0,0,0],"gold":239,"neow_bonus":"TEN_PERCENT_HP_BONUS","is_daily":false,"chose_seed":false,"campfire_upgraded":2,"win_rate":0.0,"timestamp":1613132614,"path_taken":["R","M","?","?","?","R","T","E","M","M","?","M","M","M","M","BOSS"],"items_purchased_type":[],"build_version":"2020-12-22","purchased_purges":0,"victory":false,"max_hp_per_floor":[77,77,82,82,82,82,82,82,82,82,82,82,82,82,82,82,82,82],"card_choices":[{"not_picked":["bronze:Overheat","bronze:BugBarrage","bronze:Allocate"],"picked":"SKIP","floor":2},{"not_picked":["bronze:Iterate","bronze:WhirlingStrike"],"picked":"bronze:NullPointer","floor":8},{"not_picked":["bronze:Frontload","bronze:Branch","bronze:DelayedSlice"],"picked":"SKIP","floor":9},{"not_picked":["bronze:OilSpill","bronze:MaxOutput"],"picked":"bronze:Branch","floor":10},{"not_picked":["bronze:BronzeOrb","bronze:DarkDash"],"picked":"bronze:BitShift","floor":11},{"not_picked":["bronze:WhirlingStrike","bronze:ChildClass"],"picked":"bronze:ClassDefault","floor":12},{"not_picked":["bronze:Iterate","bronze:CutThrough"],"picked":"bronze:CleanCode","floor":13},{"not_picked":["bronze:DelayedSlice","bronze:Overheat","bronze:Repair"],"picked":"SKIP","floor":14},{"not_picked":["bronze:CloningBeam","bronze:DelayedSlice","bronze:Overheat"],"picked":"SKIP","floor":15}],"player_experience":179773,"relics_obtained":[{"floor":7,"key":"HornCleat"},{"floor":8,"key":"Darkstone Periapt"}],"event_choices":[{"damage_healed":0,"gold_gain":0,"player_choice":"Donut","damage_taken":0,"max_hp_gain":5,"max_hp_loss":0,"event_name":"Big Fish","floor":3,"gold_loss":0}],"is_beta":false,"boss_relics":[],"items_purged_floors":[],"is_endless":false,"potions_floor_spawned":[9,12,13,15],"killed_by":"WA_ARCHETYPE_RETAIN","ascension_level":0}}