{"host":"a3wpq7kyokchzawk","time":1613134096,"event":{"mods":["BaseMod","Colored Map","Highlight Path","Minty Spire (QoL Compilation)","Permanent Neow","Potion Indicator Mod","Relic Stats","Weighted Paths"],"gold_per_floor":[119,138,19,19,19,57,57,111,111,145,164,207,221,17,17,108,108,126,140,164,179,192,192,231,231,231,18,36,36,57,57,57],"floor_reached":31,"language":"ENG","playtime":3272,"items_purged":["Strike_G","Regret"],"score":654,"play_id":"e478d862-19fa-4f71-bffd-6aaa8a2947ee","local_time":"20210212104816","is_ascension_mode":true,"campfire_choices":[{"data":"Leg Sweep","floor":7.0,"key":"SMITH"},{"data":"Footwork","floor":15.0,"key":"SMITH"},{"floor":23.0,"key":"REST"},{"data":"Tools of the Trade","floor":25.0,"key":"SMITH"}],"circlet_count":0,"master_deck":["AscendersBane","Strike_G","Strike_G","Strike_G","Strike_G","Defend_G+1","Defend_G","Defend_G+1","Defend_G","Defend_G","Survivor","Neutralize","Backstab","Poisoned Stab","Leg Sweep+1","Heel Hook","Caltrops","Crippling Poison","Bouncing Flask","Footwork+1","Heel Hook","Corpse Explosion","Well Laid Plans","Acrobatics","Tools of the Trade+1","PiercingWail","After Image","Noxious Fumes","Poisoned Stab+1"],"relics":["Ring of the Snake","NeowsBlessing","Golden Idol","Pocketwatch","Bronze Scales","Vajra","War Paint","Membership Card","Cursed Key","Boot","Kunai","Molten Egg 2"],"acts_visited":["Exordium","TheCity"],"potions_floor_usage":[31],"damage_taken":[{"damage":0.0,"enemies":"Jaw Worm","floor":1.0,"turns":1.0},{"damage":0.0,"enemies":"Small Slimes","floor":2.0,"turns":1.0},{"damage":0.0,"enemies":"Gremlin Nob","floor":6.0,"turns":1.0},{"damage":17.0,"enemies":"3 Sentries","floor":10.0,"turns":8.0},{"damage":0.0,"enemies":"Cultist","floor":11.0,"turns":3.0},{"damage":2.0,"enemies":"Lagavulin","floor":12.0,"turns":5.0},{"damage":1.0,"enemies":"Lots of Slimes","floor":13.0,"turns":4.0},{"damage":10.0,"enemies":"Hexaghost","floor":16.0,"turns":8.0},{"damage":8.0,"enemies":"Shell Parasite","floor":18.0,"turns":4.0},{"damage":0.0,"enemies":"3 Byrds","floor":19.0,"turns":2.0},{"damage":13.0,"enemies":"Snecko","floor":20.0,"turns":4.0},{"damage":11.0,"enemies":"Chosen and Byrds","floor":21.0,"turns":5.0},{"damage":6.0,"enemies":"Centurion and Healer","floor":22.0,"turns":5.0},{"damage":12.0,"enemies":"Gremlin Leader","floor":24.0,"turns":6.0},{"damage":26.0,"enemies":"Shelled Parasite and Fungi","floor":28.0,"turns":5.0},{"damage":4.0,"enemies":"Sentry and Sphere","floor":30.0,"turns":5.0},{"damage":22,"enemies":"Slavers","floor":31,"turns":3}],"seed_played":"-5612310630244298976","potions_obtained":[{"floor":10.0,"key":"DuplicationPotion"},{"floor":11.0,"key":"FearPotion"},{"floor":12.0,"key":"Regen Potion"},{"floor":16.0,"key":"Poison Potion"},{"floor":18.0,"key":"LiquidMemories"},{"floor":19.0,"key":"PowerPotion"},{"floor":24.0,"key":"GamblersBrew"}],"is_trial":false,"path_per_floor":["M","M","$","?","?","E","R","T","T","E","M","E","M","$","R","B",null,"M","M","M","M","M","R","E","R","T","$","M","?","M","E"],"character_chosen":"THE_SILENT","items_purchased":["Leg Sweep","Heel Hook","Membership Card","Molten Egg 2","Dexterity Potion"],"campfire_rested":1,"item_purchase_floors":[3,3,14,27,27],"current_hp_per_floor":[59,59,59,59,59,59,59,59,59,42,42,40,39,39,39,29,52,44,44,31,34,28,46,34,34,34,34,8,20,16,0,0],"gold":57,"neow_bonus":"THREE_ENEMY_KILL","is_daily":false,"chose_seed":false,"campfire_upgraded":3,"win_rate":0.0,"timestamp":1613134096,"path_taken":["M","M","$","?","?","E","R","?","T","E","M","E","M","$","R","BOSS","M","?","M","M","?","R","E","R","T","$","M","?","M","E"],"items_purchased_type":["Card","Card","Relic","Relic","Potion"],"build_version":"2020-12-22","purchased_purges":2,"victory":false,"max_hp_per_floor":[66,66,66,60,60,60,60,60,60,60,60,60,60,60,60,60,60,60,60,60,60,60,60,60,60,60,60,60,60,60,60,60],"relic_stats":{"counters":[17,70],"Golden Idol":83,"Bronze Scales":[259],"Kunai":[0],"War Paint":["Defend_G","Defend_G"],"Cursed Key":1,"Boot":[1],"obtain_stats":[{"NeowsBlessing":0,"Golden Idol":4,"Bronze Scales":8,"Vajra":9,"Molten Egg 2":27,"Membership Card":14,"Kunai":26,"War Paint":10,"Cursed Key":17,"Boot":24,"Ring of the Snake":0,"Pocketwatch":6},{"NeowsBlessing":0,"Golden Idol":2,"Bronze Scales":3,"Vajra":3,"Molten Egg 2":14,"Membership Card":7,"Kunai":14,"War Paint":4,"Cursed Key":8,"Boot":14,"Ring of the Snake":0,"Pocketwatch":3},{"NeowsBlessing":0,"Golden Idol":2,"Bronze Scales":3,"Vajra":3,"Molten Egg 2":57,"Membership Card":23,"Kunai":57,"War Paint":11,"Cursed Key":31,"Boot":57,"Ring of the Snake":0,"Pocketwatch":3}],"Ring of the Snake":[34],"Pocketwatch":[63]},"card_choices":[{"not_picked":["Deflect","Caltrops"],"picked":"Backstab","floor":1.0},{"not_picked":["Expertise","Bane"],"picked":"Poisoned Stab","floor":2.0},{"not_picked":["Backflip","Tactician"],"picked":"Caltrops","floor":6.0},{"not_picked":["Leg Sweep","Cloak And Dagger"],"picked":"Crippling Poison","floor":10.0},{"not_picked":["Finisher","Storm of Steel"],"picked":"Bouncing Flask","floor":11.0},{"not_picked":["Cloak And Dagger","Underhanded Strike"],"picked":"Footwork","floor":12.0},{"not_picked":["Leg Sweep","Infinite Blades"],"picked":"Heel Hook","floor":13.0},{"not_picked":["Bullet Time","Unload"],"picked":"Corpse Explosion","floor":16.0},{"not_picked":["Underhanded Strike","Bane","Skewer"],"picked":"SKIP","floor":18.0},{"not_picked":["Outmaneuver","Dagger Spray"],"picked":"Well Laid Plans","floor":19.0},{"not_picked":["Deflect","Finisher"],"picked":"Acrobatics","floor":20.0},{"not_picked":["Sucker Punch","Dagger Spray"],"picked":"Tools of the Trade","floor":21.0},{"not_picked":["Masterful Stab","Crippling Poison"],"picked":"PiercingWail","floor":22.0},{"not_picked":["Backflip","Flying Knee"],"picked":"After Image","floor":24.0},{"not_picked":["Blade Dance","Accuracy"],"picked":"Noxious Fumes","floor":28.0},{"not_picked":["Caltrops","Footwork"],"picked":"Poisoned Stab+1","floor":30.0}],"player_experience":2698864,"relics_obtained":[{"floor":6.0,"key":"Pocketwatch"},{"floor":8.0,"key":"Bronze Scales"},{"floor":9.0,"key":"Vajra"},{"floor":10.0,"key":"War Paint"},{"floor":24.0,"key":"Boot"},{"floor":26.0,"key":"Kunai"}],"event_choices":[{"damage_healed":0.0,"max_hp_gain":0.0,"max_hp_loss":6.0,"gold_gain":0.0,"event_name":"Golden Idol","player_choice":"Lose Max HP","floor":4.0,"gold_loss":0.0,"damage_taken":0.0,"relics_obtained":["Golden Idol"]},{"damage_healed":0.0,"max_hp_gain":0.0,"max_hp_loss":0.0,"gold_gain":0.0,"event_name":"Shining Light","player_choice":"Ignored","floor":5.0,"gold_loss":0.0,"damage_taken":0.0},{"damage_healed":12.0,"max_hp_gain":0.0,"max_hp_loss":0.0,"gold_gain":0.0,"event_name":"The Library","player_choice":"Heal","floor":29.0,"gold_loss":0.0,"damage_taken":0.0}],"is_beta":false,"boss_relics":[{"not_picked":["HoveringKite","Calling Bell"],"picked":"Cursed Key"}],"items_purged_floors":[14,27],"is_endless":false,"potions_floor_spawned":[10,11,12,16,18,19,20,24],"killed_by":"Slavers","ascension_level":20}}