{"host":"hi7fki77kkmhrce8","time":1613157696,"event":{"mods":["AchievementEnabler","BaseMod","Colored Map","Colored Powertips","Downfall","Minty Spire (QoL Compilation)","Relic Stats","StSLib","SuperFastMode"],"gold_per_floor":[99,111,131,131,131,131,131,148,168,179,195,95,127,138,148,249,249,249,262,274,34,48,103,103,129,29,29,29,29],"floor_reached":27,"language":"ENG","playtime":5811,"items_purged":[],"score":274,"play_id":"332d1b8e-4251-4d28-9436-bcf11ebb1949","local_time":"20210212142136","is_ascension_mode":true,"campfire_choices":[{"data":"Slimebound:Split","floor":1,"key":"SMITH"},{"floor":6,"key":"RECALL"},{"data":"Slimebound:ForwardTackle","floor":12,"key":"SMITH"},{"data":"Slimebound:MassRepurpose","floor":18,"key":"SMITH"},{"data":"Slimebound:ProtectTheBoss","floor":26,"key":"SMITH"}],"circlet_count":0,"master_deck":["Slimebound:Strike_Slimebound","Slimebound:Strike_Slimebound","Slimebound:Strike_Slimebound","Slimebound:Tackle+1","Slimebound:Defend_Slimebound","Slimebound:Defend_Slimebound","Slimebound:Defend_Slimebound","Slimebound:Defend_Slimebound","Slimebound:Split+1","Slimebound:CorrosiveSpit+1","Slimebound:SplitLeeching+1","Slimebound:RollThrough+1","downfall:Malfunctioning","Slimebound:SplitSpecialist","Slimebound:ForwardTackle+1","Slimebound:GoopTackle","Slimebound:Replication+1","Slimebound:Prepare","Slimebound:ComboTackle","Slimebound:MassRepurpose+1","Slimebound:RollThrough","Slimebound:SlimeSpikes+1","Slimebound:GoopSpray","Slimebound:BestDefense","Slimebound:ProtectTheBoss+1","Slimebound:LevelUp+1"],"relics":["Slimebound:AbsorbEndCombat","HornCleat","downfall:HeartBlessingRed","Ornamental Fan","Coffee Dripper","Happy Flower","Vajra","War Paint","downfall:HeartBlessingBlue"],"acts_visited":["Exordium","TheCity"],"potions_floor_usage":[15,15,16,19],"damage_taken":[{"damage":6,"enemies":"Jaw Worm","floor":2,"turns":3},{"damage":1,"enemies":"2 Louse","floor":3,"turns":3},{"damage":0,"enemies":"Cultist","floor":8,"turns":3},{"damage":0,"enemies":"Red Slaver","floor":9,"turns":4},{"damage":0,"enemies":"2 Fungi Beasts","floor":10,"turns":3},{"damage":5,"enemies":"Blue Slaver","floor":11,"turns":3},{"damage":6,"enemies":"Gremlin Nob","floor":13,"turns":2},{"damage":8,"enemies":"Red Slaver","floor":14,"turns":4},{"damage":8,"enemies":"Exordium Thugs","floor":15,"turns":3},{"damage":61,"enemies":"DF_ARCHETYPE_STREAMLINE","floor":16,"turns":7},{"damage":20,"enemies":"Chosen","floor":19,"turns":5},{"damage":16,"enemies":"Shell Parasite","floor":20,"turns":4},{"damage":0,"enemies":"downfall:FleeingMerchant","floor":21,"turns":4},{"damage":6,"enemies":"Snake Plant","floor":22,"turns":5},{"damage":14,"enemies":"Book of Stabbing","floor":25,"turns":5},{"damage":57,"enemies":"Slavers","floor":27,"turns":4}],"seed_played":"2778252136119236038","potions_obtained":[{"floor":3,"key":"LiquidMemories"},{"floor":9,"key":"Slimebound:SlimedPotion"},{"floor":13,"key":"Slimebound:SlimedPotion"},{"floor":14,"key":"SkillPotion"},{"floor":16,"key":"GamblersBrew"},{"floor":19,"key":"Ancient Potion"},{"floor":22,"key":"Weak Potion"}],"is_trial":false,"path_per_floor":["R","M","M","?","?","R","T","M","M","M","M","R","E","M","M","B",null,"R","M","M","$","M","T","T","E","R","E"],"character_chosen":"SLIMEBOUND","items_purchased":["Slimebound:BestDefense","Happy Flower"],"campfire_rested":0,"item_purchase_floors":[21,21],"current_hp_per_floor":[71,69,70,70,70,70,70,71,71,71,68,68,64,58,54,1,71,71,53,43,45,43,43,43,33,43,0,0,0],"gold":29,"neow_bonus":"TEN_PERCENT_HP_BONUS","is_daily":false,"chose_seed":false,"campfire_upgraded":4,"win_rate":0.0,"timestamp":1613157696,"path_taken":["R","M","M","?","?","R","T","M","M","M","?","R","E","M","M","BOSS","R","M","M","$","M","?","T","E","R","E"],"items_purchased_type":["Card","Relic"],"build_version":"2020-12-22","purchased_purges":0,"victory":false,"max_hp_per_floor":[71,71,71,71,71,71,71,71,71,71,71,71,71,71,71,71,71,71,71,71,71,71,71,71,71,81,81,81,81],"relic_stats":{"Happy Flower":[4],"counters":[16,60],"Ornamental Fan":[20],"War Paint":["Slimebound:Replication","Slimebound:SlimeSpikes"],"obtain_stats":[{"HornCleat":7,"downfall:HeartBlessingRed":12,"Happy Flower":21,"Ornamental Fan":13,"downfall:HeartBlessingBlue":26,"Vajra":23,"Slimebound:AbsorbEndCombat":0,"Coffee Dripper":17,"War Paint":25},{"HornCleat":2,"downfall:HeartBlessingRed":6,"Happy Flower":13,"Ornamental Fan":7,"downfall:HeartBlessingBlue":15,"Vajra":14,"Slimebound:AbsorbEndCombat":0,"Coffee Dripper":10,"War Paint":15},{"HornCleat":6,"downfall:HeartBlessingRed":19,"Happy Flower":46,"Ornamental Fan":21,"downfall:HeartBlessingBlue":56,"Vajra":51,"Slimebound:AbsorbEndCombat":0,"Coffee Dripper":33,"War Paint":56}]},"card_choices":[{"not_picked":["Slimebound:HauntingLick","Slimebound:FinishingTackle"],"picked":"Slimebound:SplitLeeching","floor":2},{"not_picked":["Slimebound:LeadByExample","Slimebound:LeechEnergy"],"picked":"Slimebound:RollThrough","floor":3},{"not_picked":["Slimebound:LivingWall","Slimebound:SlimeSpikes"],"picked":"Slimebound:SplitSpecialist","floor":8},{"not_picked":["Slimebound:Recycling","Slimebound:FinishingTackle"],"picked":"Slimebound:ForwardTackle","floor":9},{"not_picked":["Slimebound:LivingWall","Slimebound:SplitMire"],"picked":"Slimebound:GoopTackle","floor":10},{"not_picked":["Slimebound:LeechingTouch","Slimebound:Schlurp","Slimebound:SlimeSpikes"],"picked":"SKIP","floor":11},{"not_picked":["Slimebound:HauntingLick","Slimebound:PressTheAttack"],"picked":"Slimebound:Replication","floor":13},{"not_picked":["Slimebound:SplitMire","Slimebound:HauntingLick"],"picked":"Slimebound:Prepare","floor":14},{"not_picked":["Slimebound:SplitAcid","Slimebound:SplitSpecialist"],"picked":"Slimebound:ComboTackle","floor":15},{"not_picked":["Slimebound:CheckThePlaybook","Slimebound:MinionMaster"],"picked":"Slimebound:MassRepurpose","floor":16},{"not_picked":["Slimebound:GrowthPunch","Slimebound:Chomp+1"],"picked":"Slimebound:RollThrough","floor":19},{"not_picked":["Slimebound:LeechingTouch+1","Slimebound:Recollect"],"picked":"Slimebound:SlimeSpikes","floor":20},{"not_picked":["Slimebound:SamplingLick","Slimebound:ComboTackle"],"picked":"Slimebound:GoopSpray","floor":21},{"not_picked":["Slimebound:DouseInSlime","Slimebound:DivideAndConquer"],"picked":"Slimebound:ProtectTheBoss","floor":22},{"not_picked":["Slimebound:LivingWall","Slimebound:AcidTongue+1"],"picked":"Slimebound:LevelUp+1","floor":25}],"player_experience":144748,"relics_obtained":[{"floor":7,"key":"HornCleat"},{"floor":13,"key":"Ornamental Fan"},{"floor":23,"key":"Vajra"},{"floor":25,"key":"War Paint"}],"event_choices":[],"is_beta":false,"boss_relics":[{"not_picked":["SacredBark","Tiny House"],"picked":"Coffee Dripper"}],"items_purged_floors":[],"is_endless":false,"potions_floor_spawned":[3,9,13,14,16,19,22],"killed_by":"Slavers","ascension_level":1}}