{"host":"uv5ws9rdk87e8i5k","time":1613148854,"event":{"mods":["AchievementEnabler","BaseMod","Colored Map","Minty Spire (QoL Compilation)","Permanent Neow","Quick Restart","StSLib","SuperFastMode","The Necromancer"],"gold_per_floor":[113,131,145,158,158,193,193,226,226,266,291,306,337,337,337,461,461,484,484,228,246,246,287,287,212,212,212,246,60,93,107,107,237,237,252,252,276,337,355,393,393,426,426,426,469,488,150,75,75,75],"floor_reached":51,"language":"ENG","playtime":1760,"items_purged":["Strike_B","Strike_B","Defend_B","Defend_B"],"score":1042,"play_id":"ced550bf-95dc-4a7b-9e94-9efb6e8c32b9","local_time":"20210212105414","is_ascension_mode":true,"campfire_choices":[{"floor":7.0,"key":"REST"},{"data":"Loop","floor":15.0,"key":"SMITH"},{"data":"Genetic Algorithm","floor":24,"key":"SMITH"},{"data":"White Noise","floor":27,"key":"SMITH"},{"data":"Double Energy","floor":32,"key":"SMITH"},{"data":"Defend_B","floor":41,"key":"PURGE"},{"data":"Defend_B","floor":44,"key":"PURGE"},{"data":"Mayhem+1","floor":49,"key":"PURGE"}],"circlet_count":0,"master_deck":["Zap","Dualcast","Echo Form","Ball Lightning","Cold Snap","Loop+1","Self Repair","White Noise","White Noise+1","Glacier","Genetic Algorithm+1","Electrodynamics+1","Loop+1","Coolheaded","Self Repair+1","Creative AI+1","Self Repair+1","Storm+1","Double Energy+1","Buffer+1","Capacitor+1","Buffer+1","Self Repair+1","Multi-Cast","Creative AI+1"],"relics":["FrozenCore","Golden Idol","Centennial Puzzle","Pantograph","Blue Candle","Frozen Egg 2","Bottled Tornado","Question Card","Nilry\u0027s Codex","Membership Card","Pen Nib","Torii","Peace Pipe","Gremlin Horn","Snecko Eye","FossilizedHelix","Letter Opener","Orichalcum","Incense Burner","DollysMirror","HornCleat","Happy Flower"],"acts_visited":["Exordium","TheCity","TheBeyond"],"potions_floor_usage":[21,23,23,30,30,38,40],"damage_taken":[{"damage":7.0,"enemies":"2 Louse","floor":1.0,"turns":3.0},{"damage":7.0,"enemies":"Small Slimes","floor":2.0,"turns":3.0},{"damage":1.0,"enemies":"Jaw Worm","floor":3.0,"turns":3.0},{"damage":10.0,"enemies":"Looter","floor":4.0,"turns":2.0},{"damage":9.0,"enemies":"Lagavulin","floor":6.0,"turns":7.0},{"damage":22.0,"enemies":"3 Sentries","floor":8.0,"turns":6.0},{"damage":6.0,"enemies":"Gremlin Nob","floor":10.0,"turns":3.0},{"damage":12.0,"enemies":"Exordium Wildlife","floor":11.0,"turns":5.0},{"damage":10.0,"enemies":"Exordium Thugs","floor":12.0,"turns":5.0},{"damage":15.0,"enemies":"Lagavulin","floor":13.0,"turns":7.0},{"damage":11.0,"enemies":"Hexaghost","floor":16.0,"turns":9.0},{"damage":0.0,"enemies":"Spheric Guardian","floor":18.0,"turns":4.0},{"damage":10,"enemies":"Chosen","floor":21,"turns":4},{"damage":28,"enemies":"Slavers","floor":23,"turns":4},{"damage":26,"enemies":"Book of Stabbing","floor":28,"turns":9},{"damage":1,"enemies":"Gremlin Leader","floor":30,"turns":7},{"damage":0,"enemies":"Snecko","floor":31,"turns":6},{"damage":0,"enemies":"Collector","floor":33,"turns":4},{"damage":16,"enemies":"3 Shapes","floor":35,"turns":2},{"damage":8,"enemies":"Orb Walker","floor":37,"turns":2},{"damage":36,"enemies":"2 Orb Walkers","floor":38,"turns":3},{"damage":0,"enemies":"4 Shapes","floor":39,"turns":2},{"damage":0,"enemies":"Giant Head","floor":40,"turns":8},{"damage":9,"enemies":"Reptomancer","floor":42,"turns":4},{"damage":0,"enemies":"Giant Head","floor":45,"turns":6},{"damage":7,"enemies":"Writhing Mass","floor":46,"turns":4},{"damage":0,"enemies":"Awakened One","floor":50,"turns":7}],"seed_played":"4184159705232570710","potions_obtained":[{"floor":2.0,"key":"SneckoOil"},{"floor":4.0,"key":"FairyPotion"},{"floor":8.0,"key":"EssenceOfDarkness"},{"floor":10.0,"key":"SkillPotion"},{"floor":13.0,"key":"AttackPotion"},{"floor":16.0,"key":"SteroidPotion"},{"floor":18.0,"key":"EntropicBrew"},{"floor":28,"key":"SkillPotion"},{"floor":33,"key":"Block Potion"},{"floor":38,"key":"SpeedPotion"},{"floor":39,"key":"Weak Potion"},{"floor":42,"key":"EntropicBrew"},{"floor":46,"key":"FairyPotion"}],"is_trial":false,"path_per_floor":["M","M","M","M","?","E","R","E","T","E","M","M","E","?","R","B",null,"M","?","$","M","?","E","R","?","T","R","E","$","E","M","R","B",null,"M","?","M","?","M","E","R","E","T","R","E","M","$","$","R","B",null],"character_chosen":"DEFECT","items_purchased":["Membership Card","Loop+1","Coolheaded","Mayhem+1","Storm+1","FocusPotion","DollysMirror","HornCleat","Happy Flower"],"campfire_rested":1,"item_purchase_floors":[20,20,20,29,29,29,47,47,47],"current_hp_per_floor":[47,40,39,29,29,27,47,39,39,40,42,39,38,31,31,52,69,69,53,53,43,43,35,35,35,35,35,36,36,55,65,65,69,69,53,53,65,29,29,56,56,66,66,66,66,66,66,66,66,66],"gold":75,"neow_bonus":"THREE_RARE_CARDS","is_daily":false,"chose_seed":false,"campfire_upgraded":4,"win_rate":0.0,"timestamp":1613148854,"path_taken":["M","M","M","M","?","E","R","E","T","E","M","M","E","?","R","BOSS","M","?","$","M","?","E","R","?","T","R","E","?","E","M","R","BOSS","M","?","M","?","M","E","R","E","T","R","E","M","?","$","R","BOSS"],"items_purchased_type":["Relic","Card","Card","Card","Card","Potion","Relic","Relic","Relic"],"build_version":"2020-12-22","purchased_purges":4,"victory":true,"max_hp_per_floor":[75,75,75,75,69,69,69,69,69,69,69,69,69,69,69,69,69,69,69,69,69,69,69,69,69,69,69,69,69,69,69,69,69,69,69,66,66,66,66,66,66,66,66,66,66,66,66,66,66,66],"card_choices":[{"not_picked":["Biased Cognition","Multi-Cast"],"picked":"Echo Form","floor":0.0},{"not_picked":["Leap","Go for the Eyes"],"picked":"Ball Lightning","floor":1.0},{"not_picked":["Leap","Gash"],"picked":"Cold Snap","floor":2.0},{"not_picked":["Barrage","Leap"],"picked":"Loop","floor":3.0},{"not_picked":["Reprogram","Skim"],"picked":"Self Repair","floor":4.0},{"not_picked":["Creative AI","Scrape"],"picked":"White Noise","floor":6.0},{"not_picked":["Leap","Conserve Battery"],"picked":"White Noise","floor":8.0},{"not_picked":["Tempest","Cold Snap"],"picked":"Glacier","floor":10.0},{"not_picked":["Stack","Leap","Redo"],"picked":"SKIP","floor":11.0},{"not_picked":["Streamline","Barrage"],"picked":"Genetic Algorithm","floor":12.0},{"not_picked":["Steam","Go for the Eyes","Sweeping Beam"],"picked":"SKIP","floor":13.0},{"not_picked":["Thunder Strike","All For One","Biased Cognition+1"],"picked":"Electrodynamics+1","floor":16.0},{"not_picked":["Streamline","Steam","Fusion","Barrage"],"picked":"SKIP","floor":18.0},{"not_picked":["Sunder","BootSequence","Streamline"],"picked":"Self Repair+1","floor":21},{"not_picked":["Skim","Rip and Tear+1","Beam Cell"],"picked":"Creative AI+1","floor":23},{"not_picked":["Go for the Eyes","Coolheaded","Recycle"],"picked":"Self Repair+1","floor":28},{"not_picked":["Beam Cell+1","Go for the Eyes+1","Streamline","Chill+1"],"picked":"SKIP","floor":30},{"not_picked":["Ball Lightning","Stack+1","Beam Cell+1"],"picked":"Double Energy","floor":31},{"not_picked":["Multi-Cast","Creative AI+1","Meteor Strike"],"picked":"Buffer+1","floor":33},{"not_picked":["Hologram+1","Scrape","Turbo"],"picked":"Capacitor+1","floor":35},{"not_picked":["Chill+1","Self Repair+1","Hologram","Turbo+1"],"picked":"SKIP","floor":37},{"not_picked":["Storm+1","Stack+1","Reinforced Body"],"picked":"Buffer+1","floor":39},{"not_picked":["Gash+1","Rebound","Beam Cell+1"],"picked":"Self Repair+1","floor":40},{"not_picked":["Hologram+1","Recycle","Rainbow"],"picked":"Multi-Cast","floor":42},{"not_picked":["Leap+1","Force Field+1","All For One","Rebound+1"],"picked":"SKIP","floor":45},{"not_picked":["Doom and Gloom+1","Stack+1","Go for the Eyes+1","Turbo"],"picked":"SKIP","floor":46}],"player_experience":155522,"relics_obtained":[{"floor":6.0,"key":"Centennial Puzzle"},{"floor":8.0,"key":"Pantograph"},{"floor":9.0,"key":"Blue Candle"},{"floor":10.0,"key":"Frozen Egg 2"},{"floor":13.0,"key":"Bottled Tornado"},{"floor":19.0,"key":"Nilry\u0027s Codex"},{"floor":23,"key":"Pen Nib"},{"floor":26,"key":"Torii"},{"floor":28,"key":"Peace Pipe"},{"floor":30,"key":"Gremlin Horn"},{"floor":38,"key":"FossilizedHelix"},{"floor":40,"key":"Letter Opener"},{"floor":42,"key":"Orichalcum"},{"floor":45,"key":"Incense Burner"}],"event_choices":[{"damage_healed":0.0,"max_hp_gain":0.0,"max_hp_loss":6.0,"gold_gain":0.0,"event_name":"Golden Idol","player_choice":"Lose Max HP","floor":5.0,"gold_loss":0.0,"damage_taken":0.0,"relics_obtained":["Golden Idol"]},{"damage_healed":0.0,"max_hp_gain":0.0,"max_hp_loss":0.0,"gold_gain":0.0,"event_name":"Scrap Ooze","player_choice":"Success","floor":14.0,"gold_loss":0.0,"damage_taken":7.0,"relics_obtained":["Question Card"]},{"damage_healed":0.0,"max_hp_gain":0.0,"max_hp_loss":0.0,"gold_gain":0.0,"event_name":"Cursed Tome","player_choice":"Obtained Book","floor":19.0,"gold_loss":0.0,"damage_taken":16.0},{"cards_removed":["Strike_B"],"damage_healed":0,"gold_gain":0,"player_choice":"Elegance","damage_taken":0,"max_hp_gain":0,"max_hp_loss":0,"event_name":"Back to Basics","floor":22,"gold_loss":0},{"cards_removed":["Strike_B"],"damage_healed":0,"gold_gain":0,"player_choice":"Gave Gold","damage_taken":0,"max_hp_gain":0,"max_hp_loss":0,"event_name":"Beggar","floor":25,"gold_loss":75},{"damage_healed":0,"gold_gain":0,"player_choice":"Max HP","damage_taken":0,"max_hp_gain":0,"max_hp_loss":3,"event_name":"Winding Halls","floor":36,"gold_loss":0},{"damage_healed":0,"gold_gain":0,"player_choice":"Fight","damage_taken":0,"max_hp_gain":0,"max_hp_loss":0,"event_name":"Mysterious Sphere","floor":38,"gold_loss":0}],"is_beta":false,"boss_relics":[{"not_picked":["SlaversCollar","Black Star"],"picked":"FrozenCore"},{"not_picked":["SacredBark","Sozu"],"picked":"Snecko Eye"}],"items_purged_floors":[20,29,47,48],"is_endless":false,"potions_floor_spawned":[2,4,8,10,13,16,18,28,33,38,39,42,46],"ascension_level":1}}