{"host":"8iaoobhpyvel1t4g","time":1613118083,"event":{"mods":["Aspiration","BaseMod","Colored Map","Conspire","Energized Spire","Friendly Minions","Highlight Path","Hubris","Minty Spire (QoL Compilation)","Permanent Neow","Quick Restart","Reliquary","Replay The Spire","StSLib","SuperFastMode","The Blackbeard","The Servant 0.9.4","TheVacant","Weighted Paths"],"gold_per_floor":[112,123,157,176,192,192,222,222,222,222,240,275,275,290,290,388,388,401,401,20,20,20,37,50,50,76,76,76,87,87,107,123,123,123,221,221,235,253,264,282,293,320,320,320,344,361,371,371,371,371,371],"floor_reached":49,"language":"ENG","playtime":2876,"items_purged":["blackbeard:BlackbeardStrike"],"score":568,"play_id":"9e0ce65d-24d4-46bd-941b-c6dcbae03779","local_time":"20210212032123","is_ascension_mode":false,"campfire_choices":[{"data":"blackbeard:Cutlass","floor":6,"key":"SMITH"},{"data":"blackbeard:PiratesWill","floor":8,"key":"SMITH"},{"data":"blackbeard:Upgrade","floor":10,"key":"SMITH"},{"data":"blackbeard:Toast","floor":13,"key":"SMITH"},{"data":"blackbeard:WeaponProficiency","floor":15,"key":"SMITH"},{"data":"blackbeard:PiratesWill","floor":25,"key":"SMITH"},{"data":"blackbeard:Intoxication","floor":27,"key":"SMITH"},{"data":"blackbeard:PirateEarring","floor":30,"key":"SMITH"},{"data":"blackbeard:Toast","floor":34,"key":"SMITH"}],"circlet_count":0,"master_deck":["blackbeard:BlackbeardStrike","blackbeard:BlackbeardStrike","blackbeard:BlackbeardStrike","blackbeard:IntimidatingStrike","blackbeard:BlackbeardDefend+1","blackbeard:BlackbeardDefend+1","blackbeard:BlackbeardDefend+1","blackbeard:BlackbeardDefend+1","blackbeard:Cutlass+1","blackbeard:BlindAttacks+1","blackbeard:Upgrade+1","blackbeard:RearmingStrike+1","blackbeard:PowderKeg","blackbeard:Toast+1","blackbeard:PiratesWill+1","blackbeard:WeaponProficiency+1","blackbeard:FieryDefense","blackbeard:BlindAttacks","CurseOfTheBell","blackbeard:WiseDefense","blackbeard:PiratesWill+1","blackbeard:Shrapnel","blackbeard:Toast+1","blackbeard:Fencing","blackbeard:Intoxication+1","blackbeard:PirateEarring+1","blackbeard:PiratesWill","Iron Wave","blackbeard:WeaponMastery","blackbeard:WeaponProficiency+1","blackbeard:SwordDance+1","blackbeard:RemoveScurvy","blackbeard:RemoveScurvy","blackbeard:MegaUpgrade","blackbeard:BrownPants+1","blackbeard:BrownPants+1"],"relics":["blackbeard:LoadTheCannons","aspiration:Nostalgia","Ring of the Snake","Ornamental Fan","Odd Mushroom","hubris:BottledRain","Whetstone","Calling Bell","blackbeard:HipFlask","Eternal Feather","Replay:Towering Pillar of Hats","Replay:Bottled Eggs","Mercury Hourglass","Replay:Rubber Ducky","Painkiller Herb","CaptainsWheel","Bag of Marbles","reliquary:TatteredRug","hubris:Towel"],"acts_visited":["Exordium","TheCity","TheBeyond"],"potions_floor_usage":[5,7,12,16,18,26,38,40,41,42,49],"damage_taken":[{"damage":3.0,"enemies":"Jaw Worm","floor":1.0,"turns":3.0},{"damage":2.0,"enemies":"Small Slimes","floor":2.0,"turns":3.0},{"damage":9.0,"enemies":"conspire:MimicChest","floor":3.0,"turns":5.0},{"damage":0.0,"enemies":"Cultist","floor":4.0,"turns":2.0},{"damage":0,"enemies":"3 Louse","floor":5,"turns":2},{"damage":0,"enemies":"The Mushroom Lair","floor":7,"turns":2},{"damage":4,"enemies":"Looter","floor":11,"turns":2},{"damage":10,"enemies":"Lagavulin","floor":12,"turns":5},{"damage":0,"enemies":"2 Fungi Beasts","floor":14,"turns":2},{"damage":43,"enemies":"Hexaghost","floor":16,"turns":9},{"damage":21,"enemies":"2 Thieves","floor":18,"turns":4},{"damage":5,"enemies":"Shell Parasite","floor":23,"turns":4},{"damage":1,"enemies":"Snake Plant","floor":24,"turns":4},{"damage":35,"enemies":"conspire:SneckoGhost","floor":26,"turns":9},{"damage":4,"enemies":"Centurion and Healer","floor":29,"turns":5},{"damage":0,"enemies":"Snecko","floor":31,"turns":5},{"damage":0,"enemies":"Sentry and Sphere","floor":32,"turns":4},{"damage":0,"enemies":"conspire:MysteriousRune","floor":35,"turns":13},{"damage":0,"enemies":"3 Darklings","floor":37,"turns":5},{"damage":12,"enemies":"3 Shapes","floor":38,"turns":3},{"damage":31,"enemies":"Jaw Worm Horde","floor":39,"turns":5},{"damage":8,"enemies":"Spire Growth","floor":40,"turns":6},{"damage":17,"enemies":"4 Shapes","floor":41,"turns":6},{"damage":19,"enemies":"R_Hoarder","floor":42,"turns":7},{"damage":12,"enemies":"3 Darklings","floor":46,"turns":5},{"damage":17,"enemies":"Spire Growth","floor":47,"turns":3},{"damage":17,"enemies":"Nemesis","floor":49,"turns":5}],"seed_played":"-7478547952703503314","potions_obtained":[{"floor":2.0,"key":"Reflective Coating"},{"floor":4.0,"key":"BlessingOfTheForge"},{"floor":5,"key":"Fire Potion"},{"floor":14,"key":"Regen Potion"},{"floor":16,"key":"SkillPotion"},{"floor":24,"key":"DuplicationPotion"},{"floor":26,"key":"blackbeard:OrangeJuicePotion"},{"floor":32,"key":"Elixir"},{"floor":35,"key":"Energy Potion"},{"floor":39,"key":"Adrenaline Potion"},{"floor":40,"key":"FearPotion"},{"floor":47,"key":"Reflective Coating"}],"is_trial":false,"path_per_floor":["M","M","?","M","M","R","?","R","T","R","M","E","R","M","R","B",null,"M","?","$","PTL","PTL","M","M","R","E","R","T","M","R","M","M","?","R","B",null,"?","?","?","?","?","E","?","?","T","?","?","?","E"],"character_chosen":"BLACKBEARD_CLASS","items_purchased":["Replay:Bottled Eggs","blackbeard:Shrapnel"],"campfire_rested":0,"item_purchase_floors":[20,20],"current_hp_per_floor":[72,70,61,61,61,61,61,61,61,61,57,47,47,47,47,19,75,54,54,54,54,54,49,48,63,28,43,43,39,54,54,54,54,69,69,75,75,63,32,29,25,16,16,16,16,14,2,2,0,0,0],"gold":371,"neow_bonus":"NOSTALGIA","is_daily":false,"chose_seed":false,"campfire_upgraded":9,"win_rate":0.0,"timestamp":1613118083,"path_taken":["M","M","?","?","M","R","?","R","T","R","M","E","R","M","R","BOSS","M","?","$","PTL","PTL","M","?","R","E","R","T","M","R","M","?","?","R","BOSS","?","?","?","?","?","E","?","?","T","?","?","?","E"],"items_purchased_type":["Relic","Card"],"build_version":"2020-12-22","purchased_purges":1,"victory":false,"max_hp_per_floor":[75,75,75,75,75,75,75,75,75,75,75,75,75,75,75,75,75,75,75,75,75,75,75,75,75,75,75,75,75,75,75,75,75,75,75,75,75,75,75,75,75,75,75,75,75,75,75,75,75,75,75],"card_choices":[{"not_picked":["blackbeard:GoldenDefense","blackbeard:WiseDefense"],"picked":"blackbeard:BlindAttacks","floor":1.0},{"not_picked":["blackbeard:CannonBarrage","blackbeard:GoldenDefense"],"picked":"blackbeard:Upgrade","floor":2.0},{"not_picked":["blackbeard:WeaponProficiency","blackbeard:Dagger"],"picked":"blackbeard:RearmingStrike","floor":3.0},{"not_picked":["blackbeard:CaptainsCabin","blackbeard:Dagger"],"picked":"blackbeard:PowderKeg","floor":4.0},{"not_picked":["blackbeard:CannonBarrage","blackbeard:RearmingStrike"],"picked":"blackbeard:Toast","floor":5},{"not_picked":["blackbeard:CloakAndCannonball","blackbeard:FieryDefense"],"picked":"blackbeard:PiratesWill","floor":7},{"not_picked":["blackbeard:Sword","blackbeard:Revenge"],"picked":"blackbeard:WeaponProficiency","floor":11},{"not_picked":["blackbeard:CatONineTails","blackbeard:CannonballSupply"],"picked":"blackbeard:FieryDefense","floor":12},{"not_picked":["blackbeard:CloakAndCannonball","blackbeard:GoldenStrike"],"picked":"blackbeard:BlindAttacks","floor":14},{"not_picked":["blackbeard:FinalBarrage","blackbeard:GoldenGuillotine"],"picked":"blackbeard:PirateStrength","floor":16},{"not_picked":["blackbeard:Dagger+1","blackbeard:GoldenDefense"],"picked":"blackbeard:WiseDefense","floor":18},{"not_picked":["blackbeard:Fencing","blackbeard:Boarding+1"],"picked":"blackbeard:Toast","floor":23},{"not_picked":["blackbeard:GoldenStrike","blackbeard:Revenge"],"picked":"blackbeard:Fencing","floor":24},{"not_picked":["blackbeard:InfiniteBarrage","blackbeard:GhostInTheRum+1"],"picked":"blackbeard:Intoxication","floor":26},{"not_picked":["blackbeard:Sharpening","blackbeard:CannonBarrage+1"],"picked":"blackbeard:PirateEarring","floor":29},{"not_picked":["blackbeard:CloakAndCannonball+1","blackbeard:DeadlyArsenal"],"picked":"blackbeard:PiratesWill","floor":31},{"not_picked":["blackbeard:GoldenStrike+1","blackbeard:GoldenCannonball","blackbeard:RearmingStrike"],"picked":"SKIP","floor":32},{"not_picked":["blackbeard:GoldenRain","blackbeard:BountyHunter"],"picked":"blackbeard:WeaponMastery","floor":35},{"not_picked":["blackbeard:FieryDefense+1","blackbeard:GoldenDefense+1"],"picked":"blackbeard:WeaponProficiency+1","floor":37},{"not_picked":["blackbeard:Shrapnel+1","blackbeard:Eyepatch+1"],"picked":"blackbeard:SwordDance+1","floor":38},{"not_picked":["blackbeard:Dagger+1","blackbeard:PiratesWill"],"picked":"blackbeard:RemoveScurvy","floor":39},{"not_picked":["blackbeard:FieryDefense+1","blackbeard:Sharpening+1","blackbeard:Upgrade+1"],"picked":"SKIP","floor":40},{"not_picked":["blackbeard:PirateEarring+1","blackbeard:Upgrade+1"],"picked":"blackbeard:RemoveScurvy","floor":41},{"not_picked":["blackbeard:Bandana+1","blackbeard:JollyRoger"],"picked":"blackbeard:MegaUpgrade","floor":42},{"not_picked":["blackbeard:CloakAndCannonball","blackbeard:Bandana"],"picked":"blackbeard:BrownPants+1","floor":46},{"not_picked":["blackbeard:Dagger+1","blackbeard:DeadlyArsenal"],"picked":"blackbeard:BrownPants+1","floor":47}],"player_experience":330903,"relics_obtained":[{"floor":3.0,"key":"Ornamental Fan"},{"floor":7,"key":"Odd Mushroom"},{"floor":9,"key":"hubris:BottledRain"},{"floor":12,"key":"Whetstone"},{"floor":17,"key":"blackbeard:HipFlask"},{"floor":17,"key":"Eternal Feather"},{"floor":17,"key":"Replay:Towering Pillar of Hats"},{"floor":26,"key":"Mercury Hourglass"},{"floor":28,"key":"Replay:Rubber Ducky"},{"floor":42,"key":"CaptainsWheel"},{"floor":45,"key":"reliquary:TatteredRug"}],"event_choices":[{"damage_healed":0,"gold_gain":0,"player_choice":"Fought Mushrooms","damage_taken":0,"max_hp_gain":0,"max_hp_loss":0,"event_name":"Mushrooms","floor":7,"gold_loss":0},{"damage_healed":0,"gold_gain":0,"player_choice":"Read","damage_taken":0,"max_hp_gain":0,"max_hp_loss":0,"event_name":"The Library","floor":19,"gold_loss":0,"cards_obtained":["blackbeard:PiratesWill"]},{"cards_removed":["blackbeard:PirateStrength"],"damage_healed":0,"gold_gain":0,"player_choice":"Took Card","damage_taken":0,"max_hp_gain":0,"max_hp_loss":0,"event_name":"NoteForYourself","floor":33,"gold_loss":0,"cards_obtained":["Iron Wave"]},{"damage_healed":0,"gold_gain":0,"player_choice":"Ignored","damage_taken":0,"max_hp_gain":0,"max_hp_loss":0,"event_name":"Tomb of Lord Red Mask","floor":43,"gold_loss":0},{"damage_healed":0,"gold_gain":0,"player_choice":"Gave Potion","damage_taken":0,"relics_obtained":["Bag of Marbles"],"max_hp_gain":0,"max_hp_loss":0,"event_name":"WeMeetAgain","floor":44,"gold_loss":0}],"is_beta":false,"boss_relics":[{"not_picked":["blackbeard:SoberMinded","reliquary:WritOfMandamus"],"picked":"Calling Bell"},{"not_picked":["aspiration:RitualDagger","Replay:Bronze Core"],"picked":"Painkiller Herb"}],"items_purged_floors":[20],"is_endless":false,"potions_floor_spawned":[2,4,5,14,16,24,26,32,35,39,40,47],"killed_by":"Nemesis","ascension_level":0}}