{"host":"c4psiqwczhd30bq5","time":1613147051,"event":{"mods":["Act Like it!","Aspiration","BaseMod","BetterRewards","Conspire","Downfall","Hallownest","Hubris","Minty Spire (QoL Compilation)","StSLib"],"gold_per_floor":[111,111,111,142,118,157,157,198,225,256,299,329,341,353,365,506,518,554,580,617,656,668,668],"floor_reached":22,"language":"ENG","playtime":1233,"items_purged":[],"score":238,"play_id":"12eb98f0-591f-4d1d-88ba-cfe5480aa22d","local_time":"20210212172411","is_ascension_mode":true,"campfire_choices":[{"data":"Blade Dance","floor":7,"key":"SMITH"},{"floor":13,"key":"REST"},{"floor":15,"key":"RECALL"}],"circlet_count":0,"master_deck":["Strike_G","Strike_G","Strike_G","Strike_G","Strike_G","Defend_G","Defend_G","Defend_G","Defend_G","Defend_G","Survivor","Neutralize","Blur","Blade Dance+1","Bane","Dagger Throw","Deflect","Dagger Spray","Leg Sweep","Malaise","Prepared","Phantasmal Killer","Cloak And Dagger","Footwork","Bouncing Flask"],"relics":["Ring of the Snake","NeowsBlessing","Golden Idol","MealTicket","Regal Pillow","Eternal Feather","MawBank","hubris:SlimyHat","SlaversCollar","CeramicFish"],"acts_visited":["Exordium","TheCity"],"potions_floor_usage":[11,16,16,19,19,22],"damage_taken":[{"damage":0,"enemies":"2 Louse","floor":1,"turns":1},{"damage":0,"enemies":"conspire:MimicChest","floor":4,"turns":1},{"damage":0,"enemies":"Lagavulin","floor":6,"turns":1},{"damage":19,"enemies":"3 Sentries","floor":8,"turns":10},{"damage":0,"enemies":"Jaw Worm","floor":10,"turns":4},{"damage":12,"enemies":"Lagavulin","floor":11,"turns":10},{"damage":0,"enemies":"Small Slimes","floor":12,"turns":3},{"damage":58,"enemies":"Slime Boss","floor":16,"turns":23},{"damage":37,"enemies":"Chosen","floor":18,"turns":11},{"damage":4,"enemies":"Shell Parasite","floor":19,"turns":11},{"damage":24,"enemies":"Snake Plant","floor":20,"turns":13},{"damage":9,"enemies":"Centurion and Healer","floor":22,"turns":2}],"seed_played":"-4101272172146777795","potions_obtained":[{"floor":8,"key":"Guardian:BlockOnCardUsePotion"},{"floor":11,"key":"DuplicationPotion"},{"floor":12,"key":"SpeedPotion"},{"floor":14,"key":"Poison Potion"},{"floor":14,"key":"Energy Potion"},{"floor":19,"key":"Fruit Juice"},{"floor":20,"key":"LiquidMemories"}],"is_trial":false,"path_per_floor":["M","?","?","?","$","E","R","E","T","M","E","M","R","?","R","B",null,"M","M","M","T","M"],"character_chosen":"THE_SILENT","items_purchased":["Dagger Throw"],"campfire_rested":1,"item_purchase_floors":[5],"current_hp_per_floor":[70,65,65,65,65,65,65,46,46,46,34,34,65,65,65,7,65,28,29,5,5,0,0],"gold":668,"neow_bonus":"THREE_ENEMY_KILL","is_daily":false,"chose_seed":false,"campfire_upgraded":1,"win_rate":0.0,"timestamp":1613147051,"path_taken":["M","?","?","?","$","E","R","E","T","M","E","?","R","?","R","BOSS","M","M","M","?","M"],"items_purchased_type":["Card"],"build_version":"2020-12-22","purchased_purges":0,"victory":false,"max_hp_per_floor":[70,65,65,65,65,65,65,65,65,65,65,65,65,65,65,65,65,65,70,70,70,70,70],"card_choices":[{"not_picked":["Underhanded Strike","Poisoned Stab"],"picked":"Blur","floor":1},{"not_picked":["Acrobatics","hubris:Counter"],"picked":"Bane","floor":4},{"not_picked":["Deadly Poison","Bane"],"picked":"Deflect","floor":6},{"not_picked":["Riddle With Holes","Bane"],"picked":"Dagger Spray","floor":8},{"not_picked":["Crippling Poison","Bane"],"picked":"Leg Sweep","floor":10},{"not_picked":["Choke","Acrobatics"],"picked":"Malaise","floor":11},{"not_picked":["Expertise","Skewer"],"picked":"Prepared","floor":12},{"not_picked":["Wraith Form v2","Tools of the Trade"],"picked":"Phantasmal Killer","floor":16},{"not_picked":["Dagger Throw","Expertise"],"picked":"Cloak And Dagger","floor":18},{"not_picked":["Riddle With Holes","Terror"],"picked":"Footwork","floor":19},{"not_picked":["hubris:SlightOfHand+1","Bane"],"picked":"Bouncing Flask","floor":20}],"player_experience":285471,"relics_obtained":[{"floor":4,"key":"MealTicket"},{"floor":6,"key":"Regal Pillow"},{"floor":8,"key":"Eternal Feather"},{"floor":9,"key":"MawBank"},{"floor":11,"key":"hubris:SlimyHat"},{"floor":21,"key":"CeramicFish"}],"event_choices":[{"damage_healed":0,"gold_gain":0,"player_choice":"Lose Max HP","damage_taken":0,"relics_obtained":["Golden Idol"],"max_hp_gain":0,"max_hp_loss":5,"event_name":"Golden Idol","floor":2,"gold_loss":0},{"damage_healed":0,"gold_gain":0,"player_choice":"Got Potions","damage_taken":0,"max_hp_gain":0,"max_hp_loss":0,"event_name":"Lab","floor":14,"gold_loss":0}],"is_beta":false,"boss_relics":[{"not_picked":["Coffee Dripper","Snecko Eye"],"picked":"SlaversCollar"}],"items_purged_floors":[],"is_endless":false,"potions_floor_spawned":[8,11,12,19,20],"killed_by":"Centurion and Healer","ascension_level":1}}