{"host":"7c48c022du196gjj","time":1613115391,"event":{"mods":["BaseMod","Better Third Choice","Colored Map","Hubris","Minty Spire (QoL Compilation)","Monster B Gone","Quick Restart","Reliquary","Replay The Spire","Say the Spire","Smile Girya","Spicy Shops","StSLib"],"gold_per_floor":[119,119,394,414,414,445,445,458,458,478,493,493,525,525,525,615,615,639,909,909,909],"floor_reached":20,"language":"ENG","playtime":687,"items_purged":[],"score":408,"play_id":"f4fb7c07-e6f0-47ec-b1af-1c2e6808fa7b","local_time":"20210212013631","is_ascension_mode":true,"campfire_choices":[{"data":"Quick Slash","floor":7,"key":"SMITH"},{"floor":15,"key":"REST"}],"circlet_count":0,"master_deck":["AscendersBane","Strike_G","Strike_G","Strike_G","Strike_G","Strike_G","Defend_G","Defend_G","Defend_G","Defend_G","Defend_G","Survivor","Neutralize","Quick Slash+1","Hidden Blade","hubris:DuctTapeCard","All Out Attack","Blade Dance","Quick Slash","Poisoned Stab","Replay:Poison Smokescreen","Injury","A Thousand Cuts","Noxious Fumes"],"relics":["Ring of the Snake","NeowsBlessing","hubris:Icosahedron","WarpedTongs","hubris:DuctTape","Darkstone Periapt","Bottled Lightning","hubris:Spice","Golden Idol"],"acts_visited":["Exordium","TheCity"],"potions_floor_usage":[16],"damage_taken":[{"damage":0,"enemies":"Small Slimes","floor":1,"turns":1},{"damage":0,"enemies":"2 Louse","floor":4,"turns":1},{"damage":0,"enemies":"Lagavulin","floor":6,"turns":1},{"damage":3,"enemies":"Cultist","floor":8,"turns":4},{"damage":9,"enemies":"Large Slime","floor":10,"turns":5},{"damage":5,"enemies":"Red Slaver","floor":11,"turns":2},{"damage":14,"enemies":"3 Sentries","floor":13,"turns":5},{"damage":10,"enemies":"Slime Boss","floor":16,"turns":7},{"damage":29,"enemies":"Chosen","floor":18,"turns":5},{"damage":26,"enemies":"Spheric Guardian","floor":20,"turns":4}],"seed_played":"-9000711949800726214","potions_obtained":[{"floor":4,"key":"EssenceOfSteel"},{"floor":10,"key":"SneckoOil"},{"floor":13,"key":"DistilledChaos"},{"floor":18,"key":"EntropicBrew"}],"is_trial":false,"path_per_floor":["M","?","?","M","?","E","R","M","T","M","M","T","E","?","R","B",null,"M","?","M"],"character_chosen":"THE_SILENT","items_purchased":[],"campfire_rested":1,"item_purchase_floors":[],"current_hp_per_floor":[59,59,59,59,59,59,59,56,56,47,42,42,36,42,66,56,82,53,26,0,0],"gold":909,"neow_bonus":"THREE_ENEMY_KILL","is_daily":false,"chose_seed":false,"campfire_upgraded":1,"win_rate":0.0,"timestamp":1613115391,"path_taken":["M","?","?","?","?","E","R","M","T","?","M","?","E","?","R","BOSS","M","?","?"],"items_purchased_type":[],"build_version":"2020-12-22","purchased_purges":0,"victory":false,"max_hp_per_floor":[66,66,66,66,66,66,66,66,66,66,66,66,74,80,80,80,88,88,88,88,88],"card_choices":[{"not_picked":["Deflect","Sucker Punch"],"picked":"Quick Slash","floor":1},{"not_picked":["Prepared","Poisoned Stab"],"picked":"Hidden Blade","floor":4},{"not_picked":["Tactician","Deflect"],"picked":"All Out Attack","floor":6},{"not_picked":["Deflect","Sneak Up"],"picked":"Blade Dance","floor":8},{"not_picked":["PiercingWail","Endless Agony"],"picked":"Quick Slash","floor":10},{"not_picked":["Eviscerate","Well Laid Plans"],"picked":"Poisoned Stab","floor":11},{"not_picked":["Skewer","Dagger Throw"],"picked":"Replay:Poison Smokescreen","floor":13},{"not_picked":["Unload","Adrenaline"],"picked":"A Thousand Cuts","floor":16},{"not_picked":["Outmaneuver+1","Acrobatics"],"picked":"Noxious Fumes","floor":18}],"player_experience":886721,"relics_obtained":[{"floor":6,"key":"hubris:DuctTape"},{"floor":9,"key":"Darkstone Periapt"},{"floor":12,"key":"Bottled Lightning"},{"floor":13,"key":"hubris:Spice"}],"event_choices":[{"damage_healed":0,"gold_gain":275,"player_choice":"Desecrate","damage_taken":0,"max_hp_gain":0,"max_hp_loss":0,"event_name":"Golden Shrine","floor":3,"gold_loss":0,"cards_obtained":["Regret"]},{"damage_healed":0,"gold_gain":0,"player_choice":"Rummage","damage_taken":0,"relics_obtained":["WarpedTongs"],"max_hp_gain":0,"max_hp_loss":0,"event_name":"Accursed Blacksmith","floor":5,"gold_loss":0,"cards_obtained":["Pain"]},{"damage_healed":0,"gold_gain":0,"player_choice":"Take Wound","damage_taken":0,"relics_obtained":["Golden Idol"],"max_hp_gain":0,"max_hp_loss":0,"event_name":"Golden Idol","floor":14,"gold_loss":0,"cards_obtained":["Injury"]},{"damage_healed":0,"gold_gain":270,"player_choice":"GOLD GOLD GOLD ","damage_taken":27,"max_hp_gain":0,"max_hp_loss":0,"event_name":"Knowing Skull","floor":19,"potions_obtained":[],"gold_loss":0,"cards_obtained":[]}],"is_beta":false,"boss_relics":[{"not_picked":["Tiny House","hubris:Spice"],"picked":"hubris:Spice"}],"items_purged_floors":[],"is_endless":false,"potions_floor_spawned":[4,10,13,18],"killed_by":"Spheric Guardian","ascension_level":17}}