{"host":"gfxjwtol062e9znw","time":1613136972,"event":{"mods":["BaseMod","Colored Map","Minty Spire (QoL Compilation)","Rare Cards Sparkle"],"gold_per_floor":[113,126,3,16,33,63,12,12,57,57,87,100,100,118,118,241,241,266,284,303,328,102,142,167,167,167,167,180,180,201,52,52,52,52],"floor_reached":33,"language":"ENG","playtime":2637,"items_purged":["Strike_G","Defend_G"],"score":393,"play_id":"8b147445-464d-476c-976e-0af481f3670f","local_time":"20210213003612","is_ascension_mode":true,"campfire_choices":[{"floor":8,"key":"REST"},{"floor":15,"key":"REST"},{"floor":25,"key":"REST"},{"floor":27,"key":"REST"},{"floor":29,"key":"REST"},{"data":"Glass Knife","floor":32,"key":"SMITH"}],"circlet_count":0,"master_deck":["Strike_G","Strike_G","Strike_G","Strike_G","Defend_G","Defend_G","Defend_G","Defend_G","Survivor","Neutralize+1","Sucker Punch","Well Laid Plans","Blur","Flying Knee","Leg Sweep","Footwork","Dodge and Roll","Escape Plan","After Image","Glass Knife+1","Calculated Gamble","Backstab+1","Slice+1","Predator"],"relics":["Ring of the Snake","Blood Vial","Paper Crane","Lantern","Golden Idol","Odd Mushroom","Black Star","CeramicFish","Gambling Chip","TungstenRod"],"acts_visited":["Exordium","TheCity"],"potions_floor_usage":[5,6,11,11,16,16,20,23,28,28,33,33],"damage_taken":[{"damage":4,"enemies":"Small Slimes","floor":1,"turns":4},{"damage":1,"enemies":"Jaw Worm","floor":2,"turns":5},{"damage":4,"enemies":"2 Louse","floor":4,"turns":4},{"damage":7,"enemies":"Lots of Slimes","floor":5,"turns":6},{"damage":16,"enemies":"Gremlin Nob","floor":6,"turns":5},{"damage":6,"enemies":"The Mushroom Lair","floor":11,"turns":9},{"damage":3,"enemies":"Red Slaver","floor":12,"turns":6},{"damage":0,"enemies":"3 Louse","floor":14,"turns":5},{"damage":5,"enemies":"The Guardian","floor":16,"turns":23},{"damage":2,"enemies":"Spheric Guardian","floor":18,"turns":10},{"damage":0,"enemies":"Shell Parasite","floor":19,"turns":14},{"damage":20,"enemies":"Snake Plant","floor":20,"turns":5},{"damage":9,"enemies":"Snecko","floor":21,"turns":9},{"damage":23,"enemies":"Slavers","floor":23,"turns":15},{"damage":6,"enemies":"Shelled Parasite and Fungi","floor":24,"turns":13},{"damage":30,"enemies":"3 Cultists","floor":28,"turns":9},{"damage":1,"enemies":"Chosen and Byrds","floor":30,"turns":12},{"damage":63,"enemies":"Automaton","floor":33,"turns":20}],"seed_played":"-9152214730858207650","potions_obtained":[{"floor":1,"key":"CultistPotion"},{"floor":4,"key":"DistilledChaos"},{"floor":6,"key":"FearPotion"},{"floor":14,"key":"Dexterity Potion"},{"floor":16,"key":"ColorlessPotion"},{"floor":20,"key":"BlessingOfTheForge"},{"floor":23,"key":"Weak Potion"}],"is_trial":false,"path_per_floor":["M","M","$","M","M","E","$","R","T","?","?","M","?","M","R","B",null,"M","M","M","M","$","E","M","R","T","R","M","R","M","$","R","B"],"character_chosen":"THE_SILENT","items_purchased":["Weak Potion","Blur","Dexterity Potion","GhostInAJar","Fire Potion","SkillPotion"],"campfire_rested":5,"item_purchase_floors":[3,3,7,22,22,31],"current_hp_per_floor":[61,62,62,60,55,41,41,62,62,45,41,40,40,42,63,60,68,68,70,50,43,43,22,18,39,39,60,32,53,54,54,54,0,0],"gold":52,"neow_bonus":"RANDOM_COMMON_RELIC","is_daily":false,"chose_seed":false,"campfire_upgraded":1,"win_rate":0.0,"timestamp":1613136972,"path_taken":["M","M","$","M","M","E","$","R","T","?","?","M","?","M","R","BOSS","M","M","M","?","$","E","M","R","T","R","M","R","?","?","R","BOSS"],"items_purchased_type":["Potion","Card","Potion","Potion","Potion","Potion"],"build_version":"2020-12-22","purchased_purges":2,"victory":false,"max_hp_per_floor":[70,70,70,70,70,70,70,70,70,70,70,70,70,70,70,70,70,70,70,70,70,70,70,70,70,70,70,70,70,70,70,70,70,70],"card_choices":[{"not_picked":["Quick Slash","Slice"],"picked":"Sucker Punch","floor":1},{"not_picked":["Riddle With Holes","Eviscerate"],"picked":"Well Laid Plans","floor":2},{"not_picked":["Deadly Poison","Dagger Spray"],"picked":"Flying Knee","floor":4},{"not_picked":["Quick Slash","Eviscerate"],"picked":"Leg Sweep","floor":5},{"not_picked":["Dagger Throw","Dagger Spray"],"picked":"Footwork","floor":6},{"not_picked":["Underhanded Strike","Blade Dance"],"picked":"Dodge and Roll","floor":11},{"not_picked":["Prepared","Flying Knee"],"picked":"Escape Plan","floor":12},{"not_picked":["Terror","Quick Slash"],"picked":"After Image","floor":14},{"not_picked":["Storm of Steel","A Thousand Cuts"],"picked":"Glass Knife","floor":16},{"not_picked":["Concentrate+1","Riddle With Holes"],"picked":"Calculated Gamble","floor":18},{"not_picked":["PiercingWail","Acrobatics"],"picked":"Backstab+1","floor":19},{"not_picked":["Underhanded Strike","Blade Dance"],"picked":"Slice+1","floor":20},{"not_picked":["Dodge and Roll","Underhanded Strike","Backflip"],"picked":"SKIP","floor":21},{"not_picked":["Storm of Steel","Flying Knee"],"picked":"Predator","floor":23},{"not_picked":["Bane","Deflect","Slice"],"picked":"SKIP","floor":24},{"not_picked":["Masterful Stab","Acrobatics","Deadly Poison"],"picked":"SKIP","floor":28},{"not_picked":["Flying Knee","Flechettes","Bane"],"picked":"SKIP","floor":30}],"player_experience":148232,"relics_obtained":[{"floor":6,"key":"Paper Crane"},{"floor":9,"key":"Lantern"},{"floor":11,"key":"Odd Mushroom"},{"floor":23,"key":"CeramicFish"},{"floor":23,"key":"Gambling Chip"},{"floor":26,"key":"TungstenRod"}],"event_choices":[{"damage_healed":0,"gold_gain":0,"player_choice":"Take Damage","damage_taken":17,"relics_obtained":["Golden Idol"],"max_hp_gain":0,"max_hp_loss":0,"event_name":"Golden Idol","floor":10,"gold_loss":0},{"damage_healed":0,"gold_gain":0,"player_choice":"Fought Mushrooms","damage_taken":0,"max_hp_gain":0,"max_hp_loss":0,"event_name":"Mushrooms","floor":11,"gold_loss":0},{"damage_healed":0,"gold_gain":0,"player_choice":"Forge","damage_taken":0,"max_hp_gain":0,"max_hp_loss":0,"event_name":"Accursed Blacksmith","floor":13,"gold_loss":0,"cards_upgraded":["Neutralize"]}],"is_beta":false,"boss_relics":[{"not_picked":["Velvet Choker","Tiny House"],"picked":"Black Star"}],"items_purged_floors":[22,31],"is_endless":false,"potions_floor_spawned":[1,4,6,14,16,20,23,24],"killed_by":"Automaton","ascension_level":9}}