{"host":"gzsdmyo07u314vug","time":1613130229,"event":{"mods":["2.2 Compatiblity","Astrologer","BaseMod","Colored Powertips","GifTheSpireLib","Gremlin Mod","Hermit","Jorbs\u0027s Wanderer Trilogy","Minty Spire (QoL Compilation)","Quick Restart","Rare Cards Sparkle","Relic Stats","Replay The Spire","Robot Space Explorer","Shop Mod","StSLib","The Bladedancer","The Bug Knight","The Construct","The Cursed","The Elementalist","The Hierophant","The IronCluck","The Marked","The Necromancer","The Runesmith","The Servant 0.9.4","Unceasing Turn Reminder","everything is the same but u backflip on backflip","slay the spire mod where everything is the same but ironclad has a cowboy hat"],"gold_per_floor":[115,190,204,57,57,91,91,126,151,163,187,199,56,36,36,136,136,155,166,41,55,74,105,105,140,166,166,132,145,200,216,292,395,395,411,411,428,439,489,524,524,538,538,588,606,606,232,252,252,252,252,252,77,108,108],"floor_reached":56,"language":"ENG","playtime":3911,"items_purged":["RobotSpaceExplorer:Strike","RobotSpaceExplorer:Strike","RobotSpaceExplorer:Strike","RobotSpaceExplorer:Strike","RobotSpaceExplorer:Defend"],"score":1306,"play_id":"74dedb46-1f1d-4717-ad92-953ccaa2ee8f","local_time":"20210212084349","is_ascension_mode":true,"campfire_choices":[{"data":"RobotSpaceExplorer:IronShell","floor":7.0,"key":"SMITH"},{"data":"RobotSpaceExplorer:Smokescreen","floor":10.0,"key":"SMITH"},{"data":"RobotSpaceExplorer:TrailblazerForm","floor":12.0,"key":"SMITH"},{"data":"RobotSpaceExplorer:Defend","floor":15.0,"key":"PURGE"},{"data":"RobotSpaceExplorer:ChargingLaser","floor":24.0,"key":"SMITH"},{"data":"RobotSpaceExplorer:ShovelStrike","floor":27.0,"key":"SMITH"},{"floor":41.0,"key":"RECALL"},{"data":"RobotSpaceExplorer:MiniBoosters","floor":46.0,"key":"SMITH"},{"data":"RobotSpaceExplorer:ExhaustFan","floor":52.0,"key":"SMITH"}],"circlet_count":0,"master_deck":["RobotSpaceExplorer:Defend","RobotSpaceExplorer:Defend","RobotSpaceExplorer:Scan","RobotSpaceExplorer:MiniLasers","RobotSpaceExplorer:TrailblazerForm+1","RobotSpaceExplorer:Smokescreen+1","RobotSpaceExplorer:ScrapMissile","RobotSpaceExplorer:IronShell+1","RobotSpaceExplorer:ShovelStrike+1","RobotSpaceExplorer:LuckyStrike","RobotSpaceExplorer:Counterblock","RobotSpaceExplorer:ScrapToss+1","RobotSpaceExplorer:ChargingLaser+1","RobotSpaceExplorer:DualCore","RobotSpaceExplorer:MiniBoosters+1","RobotSpaceExplorer:MiniDrones+1","RobotSpaceExplorer:SwiftStep+1","RobotSpaceExplorer:ShockMissile+1","Impatience","RobotSpaceExplorer:SurgingStrike+1","RobotSpaceExplorer:FranticSearch+1","RobotSpaceExplorer:ExhaustFan+1","Pot Of Greed","Pot Of Greed"],"relics":["RobotSpaceExplorer:RoboCore","Pet Ghost","Mercury Hourglass","MawBank","construct:ClawGrip","Happy Flower","Molten Egg 2","MealTicket","Meat on the Bone","RobotSpaceExplorer:SearchSpecs","Gremlin Food","Vajra","Grinning Jar"],"acts_visited":["Exordium","TheCity","TheBeyond","TheEnding"],"potions_floor_usage":[55,55,55],"damage_taken":[{"damage":0.0,"enemies":"Small Slimes","floor":1.0,"turns":4.0},{"damage":1.0,"enemies":"2 Louse","floor":3.0,"turns":3.0},{"damage":22.0,"enemies":"3 Sentries","floor":6.0,"turns":22.0},{"damage":0.0,"enemies":"Lagavulin","floor":8.0,"turns":11.0},{"damage":0.0,"enemies":"Jaw Worm","floor":11.0,"turns":1.0},{"damage":0.0,"enemies":"Slime Boss","floor":16.0,"turns":8.0},{"damage":0.0,"enemies":"Spheric Guardian","floor":18.0,"turns":3.0},{"damage":0.0,"enemies":"Chosen","floor":19.0,"turns":4.0},{"damage":8.0,"enemies":"Sentry and Sphere","floor":21.0,"turns":4.0},{"damage":0.0,"enemies":"Shelled Parasite and Fungi","floor":22.0,"turns":3.0},{"damage":5.0,"enemies":"Gremlin Leader","floor":23.0,"turns":9.0},{"damage":7.0,"enemies":"Book of Stabbing","floor":25.0,"turns":5.0},{"damage":0.0,"enemies":"3 Cultists","floor":29.0,"turns":4.0},{"damage":0.0,"enemies":"Cultist and Chosen","floor":31.0,"turns":5.0},{"damage":0.0,"enemies":"Champ","floor":33.0,"turns":13.0},{"damage":0.0,"enemies":"Orb Walker","floor":35.0,"turns":4.0},{"damage":3.0,"enemies":"3 Darklings","floor":37.0,"turns":5.0},{"damage":0.0,"enemies":"Jaw Worm Horde","floor":38.0,"turns":3.0},{"damage":0.0,"enemies":"Mind Bloom Boss Battle","floor":39.0,"turns":4.0},{"damage":35.0,"enemies":"Nemesis","floor":40.0,"turns":6.0},{"damage":0.0,"enemies":"Maw","floor":42.0,"turns":6.0},{"damage":7.0,"enemies":"Writhing Mass","floor":45.0,"turns":5.0},{"damage":0.0,"enemies":"4 Shapes","floor":48.0,"turns":4.0},{"damage":18.0,"enemies":"Replay:Hell Engine","floor":50.0,"turns":9.0},{"damage":32.0,"enemies":"Shield and Spear","floor":54.0,"turns":7.0},{"damage":37,"enemies":"The Heart","floor":55,"turns":9}],"seed_played":"-2844078016575992959","potions_obtained":[{"floor":8.0,"key":"Dexterity Potion"},{"floor":11.0,"key":"Strength Potion"},{"floor":14.0,"key":"BlessingOfTheForge"},{"floor":18.0,"key":"Reflective Coating"},{"floor":21.0,"key":"Adrenaline Potion"},{"floor":23.0,"key":"AttackPotion"},{"floor":29.0,"key":"Weak Potion"},{"floor":37.0,"key":"Reflective Coating"},{"floor":48.0,"key":"Venom Potion"},{"floor":49.0,"key":"Strength Potion"},{"floor":49.0,"key":"BlessingOfTheForge"}],"is_trial":false,"path_per_floor":["M","?","M","$","?","E","R","E","T","R","M","R","$","?","R","B",null,"M","M","$","M","M","E","R","E","T","R","$","M","?","M","R","B",null,"M","?","M","M","?","E","R","M","T","?","M","R","$","M","R","B",null,"R","$","E","B",null],"character_chosen":"RobotSpaceExplorer","items_purchased":["RobotSpaceExplorer:IronShell","RobotSpaceExplorer:ScrapToss+1","RobotSpaceExplorer:MiniBoosters","Vajra","RobotSpaceExplorer:ExhaustFan"],"campfire_rested":0,"item_purchase_floors":[4,13,28,47,47],"current_hp_per_floor":[75,64,63,63,63,41,41,41,41,41,41,41,41,41,41,41,67,67,67,67,59,59,54,54,47,47,47,62,62,44,44,44,44,67,67,67,64,64,64,41,41,41,41,41,46,46,61,61,61,43,67,67,75,43,18],"gold":108,"neow_bonus":"ONE_RANDOM_RARE_CARD","is_daily":false,"chose_seed":false,"campfire_upgraded":7,"win_rate":0.0,"timestamp":1613130229,"path_taken":["M","?","M","$","?","E","R","E","T","R","M","R","$","?","R","BOSS","M","M","$","M","M","E","R","E","T","R","?","M","?","M","R","BOSS","M","?","M","M","?","E","R","M","T","?","M","R","$","M","R","BOSS","R","$","E","BOSS"],"items_purchased_type":["Card","Card","Card","Relic","Card"],"build_version":"2020-12-22","purchased_purges":5,"victory":true,"max_hp_per_floor":[75,75,75,75,75,75,75,75,75,75,75,75,75,75,75,75,75,75,75,75,75,75,75,75,75,75,75,75,75,75,75,75,75,75,75,75,75,75,75,75,75,75,75,75,75,75,75,75,75,75,75,75,75,75,75],"relic_stats":{"Happy Flower":[29],"counters":[26,159],"MealTicket":38,"MawBank":48,"obtain_stats":[{"Gremlin Food":40,"construct:ClawGrip":17,"Happy Flower":23,"Vajra":47,"RobotSpaceExplorer:RoboCore":0,"MawBank":9,"Pet Ghost":6,"Mercury Hourglass":8,"Molten Egg 2":25,"MealTicket":26,"RobotSpaceExplorer:SearchSpecs":34,"Grinning Jar":54,"Meat on the Bone":30},{"Gremlin Food":20,"construct:ClawGrip":6,"Happy Flower":11,"Vajra":22,"RobotSpaceExplorer:RoboCore":0,"MawBank":4,"Pet Ghost":3,"Mercury Hourglass":4,"Molten Egg 2":12,"MealTicket":12,"RobotSpaceExplorer:SearchSpecs":15,"Grinning Jar":25,"Meat on the Bone":13},{"Gremlin Food":119,"construct:ClawGrip":49,"Happy Flower":71,"Vajra":130,"RobotSpaceExplorer:RoboCore":0,"MawBank":40,"Pet Ghost":29,"Mercury Hourglass":40,"Molten Egg 2":76,"MealTicket":76,"RobotSpaceExplorer:SearchSpecs":98,"Grinning Jar":150,"Meat on the Bone":80}],"Mercury Hourglass":[408],"Meat on the Bone":36},"card_choices":[{"not_picked":["RobotSpaceExplorer:PlasmaMissile","RobotSpaceExplorer:SwiftStep"],"picked":"RobotSpaceExplorer:Smokescreen","floor":1.0},{"not_picked":["RobotSpaceExplorer:FranticSearch","RobotSpaceExplorer:Electroshield"],"picked":"RobotSpaceExplorer:ScrapMissile","floor":3.0},{"not_picked":["RobotSpaceExplorer:MakeshiftVolley","RobotSpaceExplorer:Reload"],"picked":"RobotSpaceExplorer:ShovelStrike","floor":6.0},{"not_picked":["RobotSpaceExplorer:PowerCollector","RobotSpaceExplorer:FranticSearch"],"picked":"RobotSpaceExplorer:LuckyStrike","floor":8.0},{"not_picked":["RobotSpaceExplorer:ScrapMissile","RobotSpaceExplorer:TrailblazerForm"],"picked":"RobotSpaceExplorer:Counterblock","floor":11.0},{"not_picked":["RobotSpaceExplorer:Wormhole","RobotSpaceExplorer:BlastShield"],"picked":"RobotSpaceExplorer:ChargingLaser","floor":16.0},{"not_picked":["RobotSpaceExplorer:ScrapMissile+1","RobotSpaceExplorer:GlueShot+1","RobotSpaceExplorer:SlimeMissile+1"],"picked":"SKIP","floor":18.0},{"not_picked":["RobotSpaceExplorer:Electroshield","RobotSpaceExplorer:FrostMissile","RobotSpaceExplorer:ImprovisedAttack+1"],"picked":"SKIP","floor":19.0},{"not_picked":["RobotSpaceExplorer:MetalStrike","RobotSpaceExplorer:ShovelStrike","RobotSpaceExplorer:Pulsar+1"],"picked":"SKIP","floor":21.0},{"not_picked":["RobotSpaceExplorer:ShovelStrike","RobotSpaceExplorer:MetalStrike","RobotSpaceExplorer:GlueSpray+1"],"picked":"SKIP","floor":22.0},{"not_picked":["RobotSpaceExplorer:Jetpack+1","RobotSpaceExplorer:DoubleFind","RobotSpaceExplorer:LaserBurst"],"picked":"SKIP","floor":23.0},{"not_picked":["RobotSpaceExplorer:PlasmaMissile+1","RobotSpaceExplorer:Counterblock"],"picked":"RobotSpaceExplorer:DualCore","floor":25.0},{"not_picked":["RobotSpaceExplorer:FreezeRay+1","RobotSpaceExplorer:GlueShot","RobotSpaceExplorer:PlasmaMissile+1"],"picked":"SKIP","floor":29.0},{"not_picked":["RobotSpaceExplorer:ScrapMissile+1","RobotSpaceExplorer:StunGrenade+1"],"picked":"RobotSpaceExplorer:MiniDrones+1","floor":30.0},{"not_picked":["RobotSpaceExplorer:DualCore","RobotSpaceExplorer:Pulsar"],"picked":"RobotSpaceExplorer:SwiftStep+1","floor":30.0},{"not_picked":["RobotSpaceExplorer:Counterblock","RobotSpaceExplorer:StunGrenade+1","RobotSpaceExplorer:Arsenal"],"picked":"SKIP","floor":31.0},{"not_picked":["RobotSpaceExplorer:TrailblazerForm","RobotSpaceExplorer:Blaster+1"],"picked":"RobotSpaceExplorer:ShockMissile+1","floor":33.0},{"not_picked":["RobotSpaceExplorer:ShovelStrike+1","RobotSpaceExplorer:FreezingShield","RobotSpaceExplorer:Ammunition+1"],"picked":"SKIP","floor":35.0},{"not_picked":["Jack Of All Trades","Purity"],"picked":"Impatience","floor":36.0},{"not_picked":["RobotSpaceExplorer:Ammunition","RobotSpaceExplorer:ShockKick+1","RobotSpaceExplorer:ImprovisedAttack+1"],"picked":"SKIP","floor":37.0},{"not_picked":["RobotSpaceExplorer:SurgingShield","RobotSpaceExplorer:Blitz+1","RobotSpaceExplorer:SurgingStrike+1"],"picked":"SKIP","floor":38.0},{"not_picked":["RobotSpaceExplorer:SurgingShield","RobotSpaceExplorer:Blitz+1"],"picked":"RobotSpaceExplorer:SurgingStrike+1","floor":38.0},{"not_picked":["RobotSpaceExplorer:Blitz+1","RobotSpaceExplorer:Reload","RobotSpaceExplorer:StunGrenade+1"],"picked":"SKIP","floor":40.0},{"not_picked":["RobotSpaceExplorer:Electroshield","RobotSpaceExplorer:Asteroid+1","RobotSpaceExplorer:FreezeRay"],"picked":"SKIP","floor":42.0},{"not_picked":["RobotSpaceExplorer:FrostMissile+1","RobotSpaceExplorer:Probe+1"],"picked":"RobotSpaceExplorer:FranticSearch+1","floor":45.0},{"not_picked":["RobotSpaceExplorer:SwiftStep+1","RobotSpaceExplorer:Counterblock","RobotSpaceExplorer:GlueShot+1"],"picked":"SKIP","floor":48.0},{"not_picked":["RobotSpaceExplorer:SlimeMissile+1","RobotSpaceExplorer:ExhaustFan+1","RobotSpaceExplorer:PowerGlove+1"],"picked":"SKIP","floor":54.0}],"player_experience":855394,"relics_obtained":[{"floor":6.0,"key":"Pet Ghost"},{"floor":8.0,"key":"Mercury Hourglass"},{"floor":9.0,"key":"MawBank"},{"floor":23.0,"key":"Happy Flower"},{"floor":25.0,"key":"Molten Egg 2"},{"floor":26.0,"key":"MealTicket"},{"floor":30.0,"key":"Meat on the Bone"},{"floor":40.0,"key":"Gremlin Food"},{"floor":54.0,"key":"Grinning Jar"}],"event_choices":[{"damage_healed":0.0,"max_hp_gain":0.0,"max_hp_loss":0.0,"gold_gain":75.0,"event_name":"World of Goop","player_choice":"Gather Gold","floor":2.0,"gold_loss":0.0,"damage_taken":11.0},{"damage_healed":0.0,"max_hp_gain":0.0,"max_hp_loss":0.0,"gold_gain":0.0,"event_name":"The Woman in Blue","player_choice":"Bought 1 Potion","floor":14.0,"gold_loss":0.0,"damage_taken":0.0},{"damage_healed":0.0,"max_hp_gain":0.0,"max_hp_loss":0.0,"gold_gain":0.0,"event_name":"SensoryStone","player_choice":"Memory 1","floor":36.0,"gold_loss":0.0,"damage_taken":0.0},{"damage_healed":0.0,"max_hp_gain":0.0,"max_hp_loss":0.0,"gold_gain":0.0,"event_name":"MindBloom","player_choice":"Fight","floor":39.0,"gold_loss":0.0,"damage_taken":0.0}],"is_beta":false,"boss_relics":[{"not_picked":["Ring of Chaos","Calling Bell"],"picked":"construct:ClawGrip"},{"not_picked":["Philosopher\u0027s Stone","Black Star"],"picked":"RobotSpaceExplorer:SearchSpecs"}],"items_purged_floors":[4,13,20,47,53],"is_endless":false,"potions_floor_spawned":[8,11,18,21,23,29,31,37,38,42,45,48],"ascension_level":5}}