{"host":"uepavsqu1c22e081","time":1613165172,"event":{"mods":["Aspiration","BaseMod","Beaked The Cultist","Chen","Colored Map","Colored Powertips","Conspire","Custom Start","Downfall","Energized Spire","Friendly Minions","GifTheSpireLib","Glutton Mod","Halation","Highlight Path","Hubris","Infinite Spire","Jedi Mod","Minty Spire (QoL Compilation)","Pikachu Mod","Quick Restart","RatMod","Replay The Spire","Ruin Mod","RumiaBox-????????","SOS???????","Spikes Relics","StSLib","Stuff the Spire","SuperFastMode","The Construct","The Cursed","The Disciple","The Elementalist","The Exordian Avenger","The Necromancer","The Servant 0.9.4","The Vixen","The Witch","Unceasing Turn Reminder"],"gold_per_floor":[115,60,60,60,78,103,103,117,117,117,137,137,167,178,178,282,282,222,222,309,164,184,184,201,201,201,224,224,224],"floor_reached":28,"language":"ENG","playtime":1756,"items_purged":["infinitespire:Pacifist"],"score":251,"play_id":"ce5fb8b3-e6a5-4d30-80ed-3a72af3ec775","local_time":"20210212162612","is_ascension_mode":false,"campfire_choices":[{"data":"Pikachu:Rage","floor":7,"key":"SMITH"},{"data":"Pikachu:Rain_Dance","floor":10,"key":"SMITH"},{"data":"Pikachu:Agility","floor":12,"key":"SMITH"},{"data":"Pikachu:Charge_Beam","floor":15,"key":"SMITH"},{"data":"Pikachu:Rain_Dance","floor":23,"key":"SMITH"},{"floor":25,"key":"REST"}],"circlet_count":0,"master_deck":["Pikachu:TailWhip","Pikachu:Growl","Pikachu:ThunderShock","Pikachu:ElectroBall","Pikachu:QuickAttack","Pikachu:ThunderShock","Pikachu:Defend_Yellow","Pikachu:Defend_Yellow","Pikachu:Defend_Yellow","Pikachu:Flash","Pikachu:NaturalGift","Pikachu:Rain_Dance+1","Pikachu:Rain_Dance+1","Pikachu:Rage+1","Pikachu:LightScreen","Pikachu:Agility+1","Pikachu:Rain_Dance","Pikachu:Charge_Beam+1","Pikachu:Attract","Pikachu:Agility","Pikachu:Secret_Power","Pikachu:Cut","Pikachu:QuickAttack","Pikachu:Swagger","Pikachu:Attract+1"],"relics":["Pikachu:LeftoversRelic","NeowsBlessing","hubris:DisguiseKit","StuffTheSpire:Gunfinga","Toy Ornithopter","SnailShell","Runic Pyramid","aspiration:RitualStick","Bag of Marbles","Centennial Puzzle"],"acts_visited":["Exordium","TheCity"],"potions_floor_usage":[16,16,16],"damage_taken":[{"damage":0,"enemies":"Cultist","floor":1,"turns":1},{"damage":0,"enemies":"Small Slimes","floor":5,"turns":2},{"damage":0,"enemies":"3 Sentries","floor":6,"turns":2},{"damage":9,"enemies":"Jaw Worm","floor":8,"turns":5},{"damage":3,"enemies":"3 Louse","floor":11,"turns":6},{"damage":2,"enemies":"Lagavulin","floor":13,"turns":8},{"damage":3,"enemies":"Exordium Wildlife","floor":14,"turns":3},{"damage":4,"enemies":"Slime Boss","floor":16,"turns":9},{"damage":16,"enemies":"2 Thieves","floor":18,"turns":4},{"damage":0,"enemies":"Chosen","floor":22,"turns":7},{"damage":34,"enemies":"3 Cultists","floor":24,"turns":8},{"damage":27,"enemies":"Centurion and Healer","floor":27,"turns":10},{"damage":9,"enemies":"Snake Plant","floor":28,"turns":4}],"seed_played":"3527424520791768256","potions_obtained":[{"floor":6,"key":"DuplicationPotion"},{"floor":8,"key":"SkillPotion"},{"floor":13,"key":"champ:CounterPotion"},{"floor":24,"key":"Explosive Potion"}],"is_trial":false,"path_per_floor":["M","$","?","?","M","E","R","M","T","R","M","R","E","M","R","B",null,"M","?","?","$","M","R","M","R","T","M","M"],"character_chosen":"THE_DEFAULT","items_purchased":["Pikachu:Rain_Dance","Pikachu:Cut"],"campfire_rested":1,"item_purchase_floors":[2,21],"current_hp_per_floor":[70,70,70,70,70,70,70,61,61,61,60,60,60,59,59,66,70,54,40,40,40,42,42,10,31,31,6,0,0],"gold":224,"neow_bonus":"THREE_ENEMY_KILL","is_daily":false,"chose_seed":false,"campfire_upgraded":5,"win_rate":0.0,"timestamp":1613165172,"path_taken":["M","$","?","?","M","E","R","M","T","R","M","R","E","M","R","BOSS","M","?","?","$","M","R","M","R","T","M","M"],"items_purchased_type":["Card","Card"],"build_version":"2020-12-22","purchased_purges":1,"victory":false,"max_hp_per_floor":[70,70,70,70,70,70,70,70,70,70,70,70,70,70,70,70,70,70,70,70,70,70,70,70,70,70,70,70,70],"card_choices":[{"not_picked":["Pikachu:Slam","Pikachu:Swagger"],"picked":"Pikachu:NaturalGift","floor":1},{"not_picked":["Pikachu:Iron_Tail","Pikachu:ZapCannon","TheVixenMod:PerishSong"],"picked":"Pikachu:Rage","floor":5},{"not_picked":["Pikachu:Thunder","Pikachu:Mega_Punch","TheVixenMod:Blaze"],"picked":"Pikachu:LightScreen","floor":6},{"not_picked":["Pikachu:Cut","Pikachu:Fling","TheVixenMod:PerishSong"],"picked":"Pikachu:Agility","floor":8},{"not_picked":["Pikachu:Growl","Pikachu:Strength","TheVixenMod:Psybeam"],"picked":"Pikachu:Rain_Dance","floor":11},{"not_picked":["Pikachu:Thunderbolt","Pikachu:LightScreen","TheVixenMod:LavaPlume"],"picked":"Pikachu:Charge_Beam","floor":13},{"not_picked":["Pikachu:Growl","Pikachu:Thunderbolt","TheVixenMod:TrickRoom"],"picked":"Pikachu:Attract","floor":14},{"not_picked":["Pikachu:LightScreen","Pikachu:Swagger","Pikachu:Iron_Tail","TheVixenMod:Facade"],"picked":"SKIP","floor":18},{"not_picked":["Pikachu:ElectroBall","Pikachu:Attract","TheVixenMod:FlameBurst"],"picked":"Pikachu:Agility","floor":20},{"not_picked":["Pikachu:Fling+1","Pikachu:Growl","TheVixenMod:Endure"],"picked":"Pikachu:Secret_Power","floor":20},{"not_picked":["Pikachu:Discharge","Pikachu:Swift","TheVixenMod:TrickRoom"],"picked":"Pikachu:QuickAttack","floor":22},{"not_picked":["Pikachu:Secret_Power","Pikachu:Thunderbolt","TheVixenMod:FlareBlitz"],"picked":"Pikachu:Swagger","floor":24},{"not_picked":["Pikachu:Swift","Pikachu:WildCharge","TheVixenMod:Dazzling"],"picked":"Pikachu:Attract+1","floor":27}],"player_experience":409267,"relics_obtained":[{"floor":6,"key":"StuffTheSpire:Gunfinga"},{"floor":9,"key":"Toy Ornithopter"},{"floor":13,"key":"SnailShell"},{"floor":20,"key":"Bag of Marbles"},{"floor":26,"key":"Centennial Puzzle"}],"event_choices":[],"is_beta":false,"boss_relics":[{"not_picked":["Ectoplasm","energizedSpire:RedRose"],"picked":"Runic Pyramid"}],"items_purged_floors":[21],"is_endless":false,"potions_floor_spawned":[6,8,13,24],"killed_by":"Snake Plant","ascension_level":0}}