{"host":"q4axc00jr2bozlh9","time":1613141271,"event":{"mods":["AchievementEnabler","BaseMod","Bestiary","Colored Map","Colored Powertips","Curses Come First","Minty Spire (QoL Compilation)","Relic Stats","StSLib","SuperFastMode","UnlockEverythingMod"],"gold_per_floor":[117,292,302,252,252,252,21,36,36,36,56,81,92,92,92,187,187,197,197,177,193,193,228,228,228,228],"floor_reached":25,"language":"ENG","playtime":1456,"items_purged":["Strike_R"],"score":219,"play_id":"933bd936-c4ed-470c-8232-a3631ad93bc3","local_time":"20210212154751","is_ascension_mode":false,"campfire_choices":[{"data":"Evolve","floor":6,"key":"SMITH"},{"data":"Armaments","floor":10,"key":"SMITH"},{"floor":15,"key":"REST"},{"floor":24,"key":"REST"}],"circlet_count":0,"master_deck":["Strike_R","Strike_R","Defend_R","Defend_R","Defend_R","Bash","Sever Soul","Body Slam","Warcry","Evolve+1","Armaments+1","Exhume","True Grit","Reaper","CurseOfTheBell","Battle Trance","Sentinel","Rage"],"relics":["Burning Blood","NlothsMask","Medical Kit","Oddly Smooth Stone","Calling Bell","Toy Ornithopter","Eternal Feather","Thread and Needle","Torii"],"acts_visited":["Exordium","TheCity"],"potions_floor_usage":[12,16,18,23,23,23],"damage_taken":[{"damage":0,"enemies":"Small Slimes","floor":1,"turns":5},{"damage":0,"enemies":"2 Louse","floor":3,"turns":2},{"damage":5,"enemies":"Cultist","floor":8,"turns":4},{"damage":2,"enemies":"Blue Slaver","floor":11,"turns":4},{"damage":49,"enemies":"Gremlin Nob","floor":12,"turns":6},{"damage":3,"enemies":"2 Fungi Beasts","floor":13,"turns":5},{"damage":35,"enemies":"Slime Boss","floor":16,"turns":13},{"damage":30,"enemies":"Spheric Guardian","floor":18,"turns":6},{"damage":5,"enemies":"Chosen","floor":21,"turns":8},{"damage":53,"enemies":"Book of Stabbing","floor":23,"turns":8},{"damage":70,"enemies":"Gremlin Leader","floor":25,"turns":6}],"seed_played":"-6865200528790413254","potions_obtained":[{"floor":3,"key":"GamblersBrew"},{"floor":8,"key":"PowerPotion"},{"floor":12,"key":"DuplicationPotion"},{"floor":13,"key":"Fire Potion"},{"floor":20,"key":"FearPotion"},{"floor":21,"key":"Dexterity Potion"}],"is_trial":false,"path_per_floor":["M","?","M","?","?","R","$","M","T","R","M","E","M","?","R","B",null,"M","?","?","M","?","E","R","E"],"character_chosen":"IRONCLAD","items_purchased":["Medical Kit"],"campfire_rested":2,"item_purchase_floors":[7],"current_hp_per_floor":[72,72,72,72,72,72,72,72,72,72,72,29,32,32,53,24,72,53,53,53,59,59,31,61,0,0],"gold":228,"neow_bonus":"TRANSFORM_TWO_CARDS","is_daily":false,"chose_seed":false,"campfire_upgraded":2,"win_rate":0.0,"timestamp":1613141271,"path_taken":["M","?","M","?","?","R","$","M","T","R","M","E","?","?","R","BOSS","M","?","?","?","?","E","R","E"],"items_purchased_type":["Relic"],"build_version":"2020-12-22","purchased_purges":1,"victory":false,"max_hp_per_floor":[72,72,72,72,72,72,72,72,72,72,72,72,72,72,72,72,72,72,72,72,72,72,72,72,72,72],"relic_stats":{"Torii":3,"counters":[11,67],"Eternal Feather":9,"Medical Kit":[9],"obtain_stats":[{"Calling Bell":17,"Torii":23,"Oddly Smooth Stone":12,"Eternal Feather":17,"Thread and Needle":17,"Medical Kit":7,"Burning Blood":0,"Toy Ornithopter":17,"NlothsMask":5},{"Calling Bell":7,"Torii":10,"Oddly Smooth Stone":5,"Eternal Feather":7,"Thread and Needle":7,"Medical Kit":2,"Burning Blood":0,"Toy Ornithopter":7,"NlothsMask":2},{"Calling Bell":39,"Torii":61,"Oddly Smooth Stone":21,"Eternal Feather":39,"Thread and Needle":39,"Medical Kit":7,"Burning Blood":0,"Toy Ornithopter":39,"NlothsMask":7}],"Burning Blood":43,"Toy Ornithopter":20},"card_choices":[{"not_picked":["Thunderclap","Clothesline"],"picked":"Warcry","floor":1},{"not_picked":["Hemokinesis","Sword Boomerang"],"picked":"Evolve","floor":3},{"not_picked":["Iron Wave","Rupture"],"picked":"Armaments","floor":8},{"not_picked":["Rupture","Perfected Strike","Whirlwind"],"picked":"SKIP","floor":11},{"not_picked":["Uppercut","Perfected Strike"],"picked":"Exhume","floor":12},{"not_picked":["Flex","Pommel Strike"],"picked":"True Grit","floor":13},{"not_picked":["Impervious","Corruption"],"picked":"Reaper","floor":16},{"not_picked":["Pommel Strike","Cleave"],"picked":"Battle Trance","floor":18},{"not_picked":["Blood for Blood","Headbutt"],"picked":"Sentinel","floor":21},{"not_picked":["Body Slam","Cleave"],"picked":"Rage","floor":23}],"player_experience":246499,"relics_obtained":[{"floor":12,"key":"Oddly Smooth Stone"},{"floor":17,"key":"Toy Ornithopter"},{"floor":17,"key":"Eternal Feather"},{"floor":17,"key":"Thread and Needle"},{"floor":23,"key":"Torii"}],"event_choices":[{"damage_healed":0,"gold_gain":175,"player_choice":"AGREE","damage_taken":0,"max_hp_gain":0,"max_hp_loss":0,"event_name":"Liars Game","floor":2,"gold_loss":0,"cards_obtained":["Doubt"]},{"cards_removed":["Doubt"],"damage_healed":0,"gold_gain":0,"player_choice":"Card Removal","damage_taken":0,"max_hp_gain":0,"max_hp_loss":0,"event_name":"The Cleric","floor":4,"gold_loss":50},{"damage_healed":0,"gold_gain":0,"player_choice":"Trade","damage_taken":0,"relics_obtained":["NlothsMask"],"max_hp_gain":0,"max_hp_loss":0,"event_name":"FaceTrader","floor":5,"gold_loss":0},{"cards_removed":["Defend_R"],"damage_healed":0,"gold_gain":0,"player_choice":"Forget","damage_taken":0,"max_hp_gain":0,"max_hp_loss":0,"event_name":"Living Wall","floor":14,"gold_loss":0},{"damage_healed":0,"gold_gain":0,"player_choice":"Ignored","damage_taken":0,"max_hp_gain":0,"max_hp_loss":0,"event_name":"Ghosts","floor":19,"gold_loss":0},{"damage_healed":0,"gold_gain":0,"player_choice":"Bought 1 Potion","damage_taken":0,"max_hp_gain":0,"max_hp_loss":0,"event_name":"The Woman in Blue","floor":20,"gold_loss":0},{"damage_healed":0,"gold_gain":0,"player_choice":"Ignored","damage_taken":0,"max_hp_gain":0,"max_hp_loss":0,"event_name":"Vampires","floor":22,"gold_loss":0}],"is_beta":false,"boss_relics":[{"not_picked":["Snecko Eye","Runic Cube"],"picked":"Calling Bell"}],"items_purged_floors":[7],"is_endless":false,"potions_floor_spawned":[3,8,12,13,21],"killed_by":"Gremlin Leader","ascension_level":0}}