{"host":"nozk9xg7ssf2drdi","time":1613109069,"event":{"mods":["BaseMod","Colored Map","Minty Spire (QoL Compilation)","Relic Stats","Slay the Relics Exporter","StSLib","everything is the same but u backflip on backflip"],"gold_per_floor":[118,19,29,43,60,60,70,70,70,103,103,123,123,150,150,226,226,238,238,254,267,287,287,287],"floor_reached":23,"language":"ENG","playtime":2674,"items_purged":[],"score":535,"play_id":"fb3c9894-0678-4a4b-b794-c438f04b6c09","local_time":"20210211235109","is_ascension_mode":true,"campfire_choices":[{"data":"Beam Cell","floor":6,"key":"SMITH"},{"data":"Rebound","floor":11,"key":"SMITH"},{"data":"Gash","floor":13,"key":"SMITH"},{"data":"Zap","floor":15,"key":"SMITH"}],"circlet_count":0,"master_deck":["AscendersBane","Strike_B","Defend_B","Defend_B","Defend_B","Defend_B","Zap+1","Dualcast","Beam Cell+1","Gash+1","Hello World","Rebound+1","Chill","Biased Cognition+1","Biased Cognition+1","Doom and Gloom"],"relics":["Cracked Core","Torii","Frozen Egg 2","Mango","Empty Cage","NlothsMask"],"acts_visited":["Exordium","TheCity"],"potions_floor_usage":[7,12,14,16,23,23],"damage_taken":[{"damage":6,"enemies":"Cultist","floor":1,"turns":3},{"damage":7,"enemies":"Jaw Worm","floor":3,"turns":3},{"damage":1,"enemies":"2 Louse","floor":4,"turns":2},{"damage":1,"enemies":"Gremlin Gang","floor":5,"turns":5},{"damage":6,"enemies":"3 Louse","floor":7,"turns":2},{"damage":13,"enemies":"3 Sentries","floor":10,"turns":7},{"damage":8,"enemies":"Exordium Wildlife","floor":12,"turns":6},{"damage":13,"enemies":"Lagavulin","floor":14,"turns":3},{"damage":0,"enemies":"Slime Boss","floor":16,"turns":6},{"damage":1,"enemies":"Chosen","floor":18,"turns":5},{"damage":17,"enemies":"Shell Parasite","floor":20,"turns":4},{"damage":35,"enemies":"Snake Plant","floor":21,"turns":5},{"damage":16,"enemies":"Cultist and Chosen","floor":22,"turns":5},{"damage":17,"enemies":"Slavers","floor":23,"turns":6}],"seed_played":"2585972280291306610","potions_obtained":[{"floor":3,"key":"Explosive Potion"},{"floor":7,"key":"AttackPotion"},{"floor":10,"key":"Regen Potion"},{"floor":12,"key":"PowerPotion"},{"floor":20,"key":"Strength Potion"},{"floor":21,"key":"CultistPotion"}],"is_trial":false,"path_per_floor":["M","$","M","M","M","R","M","?","T","E","R","M","R","E","R","B",null,"M","?","M","M","M","E"],"character_chosen":"DEFECT","items_purchased":["Gash","Hello World"],"campfire_rested":0,"item_purchase_floors":[2,2],"current_hp_per_floor":[65,65,58,57,56,56,50,43,43,30,30,37,37,38,38,38,79,78,78,61,26,10,0,0],"gold":287,"neow_bonus":"TEN_PERCENT_HP_BONUS","is_daily":false,"chose_seed":false,"campfire_upgraded":4,"win_rate":0.0,"timestamp":1613109069,"path_taken":["M","$","M","M","M","R","M","?","T","E","R","M","R","E","R","BOSS","M","?","M","M","M","E"],"items_purchased_type":["Card","Card"],"build_version":"2020-12-22","purchased_purges":0,"victory":false,"max_hp_per_floor":[78,78,78,78,78,78,78,78,78,78,78,78,78,92,92,92,92,92,92,92,92,92,92,92],"relic_stats":{"Torii":22,"counters":[14,62],"obtain_stats":[{"Torii":9,"Mango":14,"Frozen Egg 2":10,"Cracked Core":0,"Empty Cage":17,"NlothsMask":19},{"Torii":5,"Mango":8,"Frozen Egg 2":6,"Cracked Core":0,"Empty Cage":9,"NlothsMask":10},{"Torii":15,"Mango":31,"Frozen Egg 2":22,"Cracked Core":0,"Empty Cage":37,"NlothsMask":42}]},"card_choices":[{"not_picked":["Conserve Battery","Coolheaded"],"picked":"Beam Cell","floor":1},{"not_picked":["Undo","Lockon"],"picked":"Rebound","floor":3},{"not_picked":["Rip and Tear","Heatsinks"],"picked":"Chill","floor":4},{"not_picked":["Chill","Leap","Steam"],"picked":"SKIP","floor":5},{"not_picked":["Hello World","Redo","Leap"],"picked":"SKIP","floor":7},{"not_picked":["Tempest","Hello World+1","Leap"],"picked":"SKIP","floor":10},{"not_picked":["Sweeping Beam","Ball Lightning"],"picked":"Biased Cognition+1","floor":12},{"not_picked":["Steam","Cold Snap","Rebound"],"picked":"SKIP","floor":14},{"not_picked":["Meteor Strike","All For One"],"picked":"Biased Cognition+1","floor":16},{"not_picked":["Stack","Barrage","Rip and Tear"],"picked":"SKIP","floor":18},{"not_picked":["Self Repair+1","Streamline"],"picked":"Doom and Gloom","floor":20},{"not_picked":["Stack","FTL","Redo"],"picked":"SKIP","floor":21},{"not_picked":["Compile Driver","Leap","Tempest"],"picked":"SKIP","floor":22}],"player_experience":6098377,"relics_obtained":[{"floor":9,"key":"Torii"},{"floor":10,"key":"Frozen Egg 2"},{"floor":14,"key":"Mango"}],"event_choices":[{"cards_removed":["Strike_B"],"damage_healed":0,"gold_gain":0,"player_choice":"Card Removal","damage_taken":7,"max_hp_gain":0,"max_hp_loss":0,"event_name":"Golden Wing","floor":8,"gold_loss":0},{"damage_healed":0,"gold_gain":0,"player_choice":"Trade","damage_taken":0,"relics_obtained":["NlothsMask"],"max_hp_gain":0,"max_hp_loss":0,"event_name":"FaceTrader","floor":19,"gold_loss":0}],"is_beta":false,"boss_relics":[{"not_picked":["Calling Bell","Busted Crown"],"picked":"Empty Cage"}],"items_purged_floors":[],"is_endless":false,"potions_floor_spawned":[3,7,10,12,20,21],"killed_by":"Slavers","ascension_level":20}}