{"host":"cykg0g4pphyxjwkn","time":1613140509,"event":{"mods":["AchievementEnabler","BaseMod","Bestiary","Colored Map","Colored Powertips","Curses Come First","Highlight Path","Minty Spire (QoL Compilation)","Relic Stats","StSLib","SuperFastMode"],"gold_per_floor":[117,117,129,79,94,94,110,110,137,170,195,237,249,290,302,314,314],"floor_reached":16,"language":"ENG","playtime":608,"items_purged":[],"score":110,"play_id":"dd36ea5b-a95a-4a46-ae27-5fd7fc71d7eb","local_time":"20210212093509","is_ascension_mode":false,"campfire_choices":[{"data":"Armaments","floor":6,"key":"SMITH"},{"data":"Pommel Strike","floor":8,"key":"SMITH"},{"data":"Reaper","floor":15,"key":"SMITH"}],"circlet_count":0,"master_deck":["Strike_R","Strike_R+1","Strike_R","Strike_R","Defend_R","Defend_R","Defend_R","Defend_R","Bash+1","Armaments+1","Heavy Blade","Whirlwind","Pommel Strike+1","Pummel","Armaments","Reaper+1","Battle Trance"],"relics":["Burning Blood","Lantern","Nunchaku","MawBank","Bag of Preparation"],"acts_visited":[],"potions_floor_usage":[16,16],"damage_taken":[{"damage":0.0,"enemies":"Small Slimes","floor":1.0,"turns":3.0},{"damage":4,"enemies":"2 Louse","floor":3,"turns":3},{"damage":0,"enemies":"Cultist","floor":5,"turns":2},{"damage":0,"enemies":"Lots of Slimes","floor":7,"turns":1},{"damage":21,"enemies":"3 Sentries","floor":10,"turns":9},{"damage":4,"enemies":"2 Fungi Beasts","floor":11,"turns":3},{"damage":28,"enemies":"Gremlin Nob","floor":14,"turns":4},{"damage":49,"enemies":"Hexaghost","floor":16,"turns":10}],"seed_played":"6340432127555178192","potions_obtained":[{"floor":5,"key":"DuplicationPotion"},{"floor":11,"key":"AttackPotion"},{"floor":14,"key":"Strength Potion"}],"is_trial":false,"path_per_floor":["M","?","M","?","M","R","M","R","T","E","M","?","?","E","R","B"],"character_chosen":"IRONCLAD","items_purchased":[],"campfire_rested":0,"item_purchase_floors":[],"current_hp_per_floor":[80,64,66,66,72,72,78,78,78,63,65,65,65,43,43,0,0],"gold":314,"neow_bonus":"RANDOM_COMMON_RELIC","is_daily":false,"chose_seed":false,"campfire_upgraded":3,"win_rate":0.0,"timestamp":1613140509,"path_taken":["M","?","M","?","M","R","M","R","T","E","M","?","?","E","R","BOSS"],"items_purchased_type":[],"build_version":"2020-12-22","purchased_purges":0,"victory":false,"max_hp_per_floor":[80,80,80,80,80,80,80,80,80,80,80,80,80,80,80,80,80],"relic_stats":{"Nunchaku":[4],"counters":[8,35],"Bag of Preparation":[2],"MawBank":72,"obtain_stats":[{"Lantern":0,"Nunchaku":9,"Bag of Preparation":14,"MawBank":10,"Burning Blood":0},{"Lantern":0,"Nunchaku":4,"Bag of Preparation":7,"MawBank":5,"Burning Blood":0},{"Lantern":0,"Nunchaku":9,"Bag of Preparation":25,"MawBank":18,"Burning Blood":0}],"Burning Blood":36},"card_choices":[{"not_picked":["Flame Barrier","Infernal Blade"],"picked":"Armaments","floor":1},{"not_picked":["Dropkick","Sever Soul"],"picked":"Heavy Blade","floor":3},{"not_picked":["Armaments","Flame Barrier"],"picked":"Whirlwind","floor":5},{"not_picked":["Burning Pact","Hemokinesis"],"picked":"Pommel Strike","floor":7},{"not_picked":["Armaments","Wild Strike"],"picked":"Pummel","floor":10},{"not_picked":["Heavy Blade","Bloodletting","Iron Wave"],"picked":"SKIP","floor":11},{"not_picked":["Perfected Strike","Thunderclap"],"picked":"Battle Trance","floor":14}],"player_experience":42940,"relics_obtained":[{"floor":9,"key":"Nunchaku"},{"floor":10,"key":"MawBank"},{"floor":14,"key":"Bag of Preparation"}],"event_choices":[{"damage_healed":0,"gold_gain":0,"player_choice":"Entered Light","damage_taken":16,"max_hp_gain":0,"max_hp_loss":0,"event_name":"Shining Light","floor":2,"gold_loss":0,"cards_upgraded":["Strike_R","Bash"]},{"cards_removed":["Strike_R"],"damage_healed":0,"gold_gain":0,"player_choice":"Card Removal","damage_taken":0,"max_hp_gain":0,"max_hp_loss":0,"event_name":"The Cleric","floor":4,"gold_loss":50},{"damage_healed":0,"gold_gain":30,"player_choice":"Searched \u00271\u0027 times","damage_taken":0,"max_hp_gain":0,"max_hp_loss":0,"event_name":"Dead Adventurer","floor":12,"gold_loss":0},{"damage_healed":0,"gold_gain":0,"player_choice":"2 cards matched","damage_taken":0,"max_hp_gain":0,"max_hp_loss":0,"event_name":"Match and Keep!","floor":13,"gold_loss":0,"cards_obtained":["Armaments","Reaper"]}],"is_beta":false,"boss_relics":[],"items_purged_floors":[],"is_endless":false,"potions_floor_spawned":[5,11,14],"killed_by":"Hexaghost","ascension_level":0}}