{"host":"dhlnk6yox2l1s6up","time":1613153807,"event":{"mods":["BaseMod","Minty Spire (QoL Compilation)","Relic Stats","StSLib","ojb\u0027s Info Mod"],"gold_per_floor":[112,112,125,141,216,216,248,248,272,302,336,352,106,120,120,250,250,305,49,73,73,73,103,103,132,132,162,87,37,65,84,84,181,181,195,195,207,207,222,255,255,355,355,383,383,412,424,451,451,451,451,451,55,88,88],"floor_reached":56,"language":"ENG","playtime":5197,"items_purged":["Strike_G","Escape Plan","Strike_G"],"score":2024,"play_id":"a60292af-4108-43f4-b264-34b88022f557","local_time":"20210212121647","is_ascension_mode":true,"campfire_choices":[{"data":"Noxious Fumes","floor":6.0,"key":"SMITH"},{"data":"Bullet Time","floor":15.0,"key":"SMITH"},{"data":"Wraith Form v2","floor":24.0,"key":"SMITH"},{"data":"Adrenaline","floor":32.0,"key":"SMITH"},{"floor":41.0,"key":"RECALL"},{"data":"Adrenaline","floor":45.0,"key":"SMITH"},{"floor":49.0,"key":"DIG"},{"floor":52.0,"key":"DIG"}],"circlet_count":0,"master_deck":["AscendersBane","Defend_G","Defend_G","Defend_G","Defend_G","Defend_G","Survivor","Neutralize","Noxious Fumes+1","Dagger Throw","Dash","Escape Plan","Poisoned Stab","Bullet Time+1","Sucker Punch","Leg Sweep","Glass Knife","Acrobatics","Noxious Fumes","Wraith Form v2+1","Underhanded Strike+1","Adrenaline+1","Adrenaline+1","Catalyst","Choke","Catalyst","Deadly Poison+1","Envenom","Backflip+1","Caltrops+1","Madness","Madness","Footwork","Doppelganger","Acrobatics","Blur+1","Eviscerate+1","Leg Sweep+1","Footwork","Venomology+1"],"relics":["Ring of the Snake","NeowsBlessing","Smiling Mask","Bloody Idol","Boot","Dead Branch","Torii","Orrery","Snecko Eye","Bottled Tornado","FossilizedHelix","Question Card","StrikeDummy","Molten Egg 2","WristBlade","Shovel","Akabeko","Oddly Smooth Stone","Art of War","Toxic Egg 2","Blood Vial","Bottled Flame","HornCleat","Orichalcum"],"acts_visited":["Exordium","TheCity","TheBeyond","TheEnding"],"potions_floor_usage":[55,55,55],"damage_taken":[{"damage":0.0,"enemies":"Small Slimes","floor":1.0,"turns":1.0},{"damage":0.0,"enemies":"Cultist","floor":3.0,"turns":1.0},{"damage":0.0,"enemies":"Jaw Worm","floor":4.0,"turns":1.0},{"damage":11.0,"enemies":"3 Sentries","floor":7.0,"turns":7.0},{"damage":20.0,"enemies":"Lagavulin","floor":11.0,"turns":7.0},{"damage":6.0,"enemies":"Large Slime","floor":12.0,"turns":7.0},{"damage":0.0,"enemies":"Blue Slaver","floor":14.0,"turns":3.0},{"damage":2.0,"enemies":"The Guardian","floor":16.0,"turns":9.0},{"damage":3.0,"enemies":"3 Byrds","floor":18.0,"turns":7.0},{"damage":16.0,"enemies":"Spheric Guardian","floor":20.0,"turns":4.0},{"damage":13.0,"enemies":"Slavers","floor":23.0,"turns":7.0},{"damage":6.0,"enemies":"Book of Stabbing","floor":25.0,"turns":7.0},{"damage":4.0,"enemies":"Gremlin Leader","floor":27.0,"turns":6.0},{"damage":1.0,"enemies":"Slavers","floor":30.0,"turns":5.0},{"damage":0.0,"enemies":"Cultist and Chosen","floor":31.0,"turns":4.0},{"damage":0.0,"enemies":"Automaton","floor":33.0,"turns":7.0},{"damage":0.0,"enemies":"3 Darklings","floor":35.0,"turns":4.0},{"damage":0.0,"enemies":"3 Shapes","floor":37.0,"turns":3.0},{"damage":1.0,"enemies":"Sphere and 2 Shapes","floor":39.0,"turns":5.0},{"damage":17.0,"enemies":"Reptomancer","floor":40.0,"turns":8.0},{"damage":3.0,"enemies":"Nemesis","floor":44.0,"turns":7.0},{"damage":0.0,"enemies":"Giant Head","floor":46.0,"turns":8.0},{"damage":0.0,"enemies":"Spire Growth","floor":47.0,"turns":3.0},{"damage":25.0,"enemies":"Reptomancer","floor":48.0,"turns":5.0},{"damage":30.0,"enemies":"Time Eater","floor":50.0,"turns":7.0},{"damage":0.0,"enemies":"Shield and Spear","floor":54.0,"turns":6.0},{"damage":52,"enemies":"The Heart","floor":55,"turns":10}],"seed_played":"-1016418395575165783","potions_obtained":[{"floor":1.0,"key":"Explosive Potion"},{"floor":2.0,"key":"Fruit Juice"},{"floor":2.0,"key":"BlessingOfTheForge"},{"floor":2.0,"key":"GamblersBrew"},{"floor":14.0,"key":"ColorlessPotion"},{"floor":16.0,"key":"Strength Potion"},{"floor":27.0,"key":"GamblersBrew"},{"floor":31.0,"key":"FearPotion"},{"floor":37.0,"key":"Ancient Potion"},{"floor":48.0,"key":"DuplicationPotion"}],"is_trial":false,"path_per_floor":["M","?","M","M","?","R","E","?","T","?","E","M","$","M","R","B",null,"M","$","M","?","?","E","R","E","T","E","?","$","E","M","R","B",null,"M","?","M","?","M","E","R","?","T","E","R","E","M","E","R","B",null,"R","$","E","B",null],"character_chosen":"THE_SILENT","items_purchased":["SkillPotion","Orrery","Bottled Tornado","HornCleat","Leg Sweep+1","Footwork"],"campfire_rested":0,"item_purchase_floors":[13,13,19,53,53,53],"current_hp_per_floor":[63,68,68,68,57,57,46,46,46,46,26,20,20,20,20,18,56,53,53,37,37,37,29,29,28,28,29,29,29,33,38,38,43,63,68,68,69,60,64,52,52,57,57,59,59,64,69,49,49,21,57,57,57,64,14],"gold":88,"neow_bonus":"THREE_ENEMY_KILL","is_daily":false,"chose_seed":false,"campfire_upgraded":5,"win_rate":0.0,"timestamp":1613153807,"path_taken":["M","?","?","M","?","R","E","?","T","?","E","M","$","?","R","BOSS","M","$","M","?","?","E","R","E","T","E","?","$","E","M","R","BOSS","M","?","M","?","M","E","R","?","T","E","R","E","?","E","R","BOSS","R","$","E","BOSS"],"items_purchased_type":["Potion","Relic","Relic","Relic","Card","Card"],"build_version":"2020-12-22","purchased_purges":3,"victory":true,"max_hp_per_floor":[70,75,75,75,75,75,75,69,69,69,69,69,69,69,69,69,69,69,69,69,69,69,69,69,69,69,69,69,69,69,69,69,69,69,69,69,69,69,69,69,69,69,69,69,69,69,69,69,69,69,69,69,69,69,69],"relic_stats":{"Torii":42,"counters":[27,149],"Dead Branch":[111],"Orichalcum":[0],"Smiling Mask":150,"Boot":[81],"Question Card":13,"Blood Vial":6,"Shovel":2,"Bloody Idol":76,"Snecko Eye":[223,230,241,225],"Art of War":[6],"obtain_stats":[{"Torii":11,"Bottled Tornado":19,"Smiling Mask":7,"Boot":9,"Blood Vial":49,"Shovel":40,"HornCleat":53,"WristBlade":34,"Toxic Egg 2":48,"Ring of the Snake":0,"NeowsBlessing":0,"Golden Idol":8,"Dead Branch":10,"Oddly Smooth Stone":44,"Orichalcum":54,"Question Card":25,"Akabeko":43,"Bottled Flame":52,"Bloody Idol":22,"Orrery":13,"Snecko Eye":17,"Molten Egg 2":30,"Art of War":46,"StrikeDummy":27,"FossilizedHelix":23},{"Torii":5,"Bottled Tornado":9,"Smiling Mask":4,"Boot":4,"Blood Vial":24,"Shovel":20,"HornCleat":25,"WristBlade":16,"Toxic Egg 2":24,"Ring of the Snake":0,"NeowsBlessing":0,"Golden Idol":4,"Dead Branch":4,"Oddly Smooth Stone":21,"Orichalcum":26,"Question Card":12,"Akabeko":20,"Bottled Flame":25,"Bloody Idol":10,"Orrery":6,"Snecko Eye":8,"Molten Egg 2":14,"Art of War":22,"StrikeDummy":13,"FossilizedHelix":11},{"Torii":17,"Bottled Tornado":43,"Smiling Mask":10,"Boot":10,"Blood Vial":126,"Shovel":103,"HornCleat":133,"WristBlade":83,"Toxic Egg 2":126,"Ring of the Snake":0,"NeowsBlessing":0,"Golden Idol":10,"Dead Branch":10,"Oddly Smooth Stone":110,"Orichalcum":139,"Question Card":61,"Akabeko":103,"Bottled Flame":133,"Bloody Idol":47,"Orrery":24,"Snecko Eye":36,"Molten Egg 2":72,"Art of War":118,"StrikeDummy":67,"FossilizedHelix":54}],"Ring of the Snake":[54]},"card_choices":[{"not_picked":["Concentrate","Dash"],"picked":"Noxious Fumes","floor":1.0},{"not_picked":["Sucker Punch","Flechettes"],"picked":"Dagger Throw","floor":3.0},{"not_picked":["Flechettes","Bane"],"picked":"Dash","floor":4.0},{"not_picked":["Doppelganger","Dagger Throw"],"picked":"Escape Plan","floor":7.0},{"not_picked":["Cloak And Dagger","Sucker Punch"],"picked":"Escape Plan","floor":11.0},{"not_picked":["Dash","Prepared"],"picked":"Poisoned Stab","floor":12.0},{"not_picked":["Endless Agony","Underhanded Strike"],"picked":"Bullet Time","floor":13.0},{"not_picked":["PiercingWail","Dagger Spray"],"picked":"Sucker Punch","floor":13.0},{"not_picked":["Flechettes","Dodge and Roll"],"picked":"Leg Sweep","floor":13.0},{"not_picked":["Acrobatics","Backflip"],"picked":"Glass Knife","floor":13.0},{"not_picked":["Cloak And Dagger","Phantasmal Killer"],"picked":"Acrobatics","floor":13.0},{"not_picked":["Slice","Quick Slash"],"picked":"Noxious Fumes","floor":14.0},{"not_picked":["Malaise","A Thousand Cuts"],"picked":"Wraith Form v2","floor":16.0},{"not_picked":["Flechettes","Blade Dance","Dodge and Roll"],"picked":"SKIP","floor":18.0},{"not_picked":["Outmaneuver","Deadly Poison"],"picked":"Underhanded Strike+1","floor":20.0},{"not_picked":["Accuracy+1","Expertise","Outmaneuver"],"picked":"SKIP","floor":23.0},{"not_picked":["Slice","Dagger Throw"],"picked":"Catalyst","floor":25.0},{"not_picked":["Phantasmal Killer","Dagger Throw+1","Backflip"],"picked":"Choke","floor":27.0},{"not_picked":["Sucker Punch+1","Outmaneuver","Calculated Gamble"],"picked":"Catalyst","floor":30.0},{"not_picked":["Riddle With Holes+1","Blade Dance+1","Cloak And Dagger"],"picked":"Deadly Poison+1","floor":31.0},{"not_picked":["Night Terror","Doppelganger","A Thousand Cuts"],"picked":"Envenom","floor":33.0},{"not_picked":["Slice+1","Quick Slash+1","Prepared+1"],"picked":"Backflip+1","floor":35.0},{"not_picked":["Expertise+1","Slice+1","Endless Agony+1"],"picked":"Caltrops+1","floor":37.0},{"not_picked":["Burst","Flying Knee+1","Dodge and Roll"],"picked":"Footwork","floor":39.0},{"not_picked":["Dagger Throw+1","Well Laid Plans","Backflip","Flechettes+1"],"picked":"SKIP","floor":40.0},{"not_picked":["Endless Agony+1","Deflect+1","Flying Knee+1"],"picked":"Doppelganger","floor":44.0},{"not_picked":["Grand Finale+1","Bane+1","Skewer+1"],"picked":"Acrobatics","floor":46.0},{"not_picked":["Backflip+1","Expertise","Sucker Punch+1"],"picked":"Blur+1","floor":47.0},{"not_picked":["Bane+1","Escape Plan+1","PiercingWail+1"],"picked":"Eviscerate+1","floor":48.0},{"not_picked":["Dash+1","Quick Slash+1","Flying Knee+1"],"picked":"Venomology+1","floor":54.0}],"player_experience":6210628,"relics_obtained":[{"floor":7.0,"key":"Smiling Mask"},{"floor":9.0,"key":"Boot"},{"floor":11.0,"key":"Torii"},{"floor":23.0,"key":"FossilizedHelix"},{"floor":25.0,"key":"Question Card"},{"floor":27.0,"key":"StrikeDummy"},{"floor":30.0,"key":"Molten Egg 2"},{"floor":40.0,"key":"Shovel"},{"floor":43.0,"key":"Akabeko"},{"floor":44.0,"key":"Oddly Smooth Stone"},{"floor":46.0,"key":"Art of War"},{"floor":48.0,"key":"Toxic Egg 2"},{"floor":49.0,"key":"Blood Vial"},{"floor":52.0,"key":"Bottled Flame"},{"floor":54.0,"key":"Orichalcum"}],"event_choices":[{"damage_healed":0.0,"max_hp_gain":0.0,"max_hp_loss":0.0,"gold_gain":0.0,"event_name":"Lab","player_choice":"Got Potions","floor":2.0,"gold_loss":0.0,"damage_taken":0.0},{"damage_healed":0.0,"max_hp_gain":0.0,"max_hp_loss":0.0,"gold_gain":75.0,"event_name":"World of Goop","player_choice":"Gather Gold","floor":5.0,"gold_loss":0.0,"damage_taken":11.0},{"damage_healed":0.0,"max_hp_gain":0.0,"max_hp_loss":6.0,"gold_gain":0.0,"event_name":"Golden Idol","player_choice":"Lose Max HP","floor":8.0,"gold_loss":0.0,"damage_taken":0.0,"relics_obtained":["Golden Idol"]},{"damage_healed":0.0,"max_hp_gain":0.0,"max_hp_loss":0.0,"gold_gain":30.0,"event_name":"Dead Adventurer","player_choice":"Searched \u00273\u0027 times","floor":10.0,"gold_loss":0.0,"damage_taken":0.0,"relics_obtained":["Dead Branch"]},{"damage_healed":0.0,"max_hp_gain":0.0,"max_hp_loss":0.0,"gold_gain":0.0,"cards_transformed":["Strike_G","Strike_G"],"event_name":"Drug Dealer","player_choice":"Became Test Subject","floor":21.0,"gold_loss":0.0,"damage_taken":0.0,"cards_obtained":["Adrenaline","Adrenaline"]},{"damage_healed":0.0,"max_hp_gain":0.0,"max_hp_loss":0.0,"gold_gain":0.0,"event_name":"Forgotten Altar","player_choice":"Gave Idol","floor":22.0,"relics_lost":["Golden Idol"],"gold_loss":0.0,"damage_taken":0.0,"relics_obtained":["Bloody Idol"]},{"cards_removed":["Strike_G"],"damage_healed":0.0,"max_hp_gain":0.0,"max_hp_loss":0.0,"gold_gain":0.0,"event_name":"Beggar","player_choice":"Gave Gold","floor":28.0,"gold_loss":75.0,"damage_taken":0.0},{"damage_healed":0.0,"max_hp_gain":0.0,"max_hp_loss":0.0,"gold_gain":0.0,"event_name":"Tomb of Lord Red Mask","player_choice":"Ignored","floor":36.0,"gold_loss":0.0,"damage_taken":0.0},{"damage_healed":0.0,"max_hp_gain":0.0,"max_hp_loss":0.0,"gold_gain":0.0,"event_name":"Winding Halls","player_choice":"Embrace Madness","floor":38.0,"gold_loss":0.0,"damage_taken":9.0,"cards_obtained":["Madness","Madness"]},{"damage_healed":0.0,"max_hp_gain":0.0,"max_hp_loss":0.0,"gold_gain":100.0,"event_name":"Golden Shrine","player_choice":"Pray","floor":42.0,"gold_loss":0.0,"damage_taken":0.0}],"is_beta":false,"boss_relics":[{"not_picked":["Ectoplasm","Tiny House"],"picked":"Snecko Eye"},{"not_picked":["Velvet Choker","Astrolabe"],"picked":"WristBlade"}],"items_purged_floors":[13,29,53],"is_endless":false,"potions_floor_spawned":[1,14,16,27,31,33,37,39,47,48,54],"ascension_level":10}}