{"host":"k7udt7atmcuzf6l0","time":1613096414,"event":{"mods":["AchievementEnabler","BaseMod","BetterRewards","Colored Map","Colored Powertips","Highlight Path","Minty Spire (QoL Compilation)","Quick Restart","Rare Cards Sparkle","Relic Stats","StSLib","UnlockEverythingMod"],"gold_per_floor":[119,119,84,94,13,13,40,40,65,100,100,110,19,45,45,45,45],"floor_reached":16,"language":"ZHS","playtime":259,"items_purged":[],"score":131,"play_id":"9f9c94ae-372e-456d-9c66-1e04a518c6de","local_time":"20210212102014","is_ascension_mode":false,"campfire_choices":[{"data":"Armaments","floor":6,"key":"SMITH"},{"data":"Infernal Blade","floor":8,"key":"SMITH"},{"data":"Combust","floor":11,"key":"SMITH"},{"data":"Trip","floor":15,"key":"SMITH"}],"circlet_count":0,"master_deck":["Strike_R","Strike_R","Strike_R","Strike_R","Strike_R","Defend_R","Defend_R","Defend_R","Defend_R","Bash","Anger+1","Combust+1","Armaments+1","Infernal Blade+1","Spot Weakness","Whirlwind","Trip+1","Hemokinesis"],"relics":["Burning Blood","NeowsBlessing","Lantern","Dream Catcher","PreservedInsect","Odd Mushroom"],"acts_visited":["Exordium"],"potions_floor_usage":[10],"damage_taken":[{"damage":0,"enemies":"Small Slimes","floor":1,"turns":1},{"damage":0,"enemies":"2 Louse","floor":4,"turns":1},{"damage":0,"enemies":"Gremlin Nob","floor":7,"turns":1},{"damage":29,"enemies":"Lagavulin","floor":10,"turns":4},{"damage":6,"enemies":"Jaw Worm","floor":12,"turns":2},{"damage":9,"enemies":"The Mushroom Lair","floor":14,"turns":3},{"damage":60,"enemies":"Hexaghost","floor":16,"turns":8}],"seed_played":"-478574195683195772","potions_obtained":[{"floor":4,"key":"ElixirPotion"},{"floor":7,"key":"BlessingOfTheForge"},{"floor":10,"key":"ElixirPotion"}],"is_trial":false,"path_per_floor":["M","?","$","M","$","R","E","R","T","E","R","M","$","?","R","B"],"character_chosen":"IRONCLAD","items_purchased":["Combust","Infernal Blade","Trip"],"campfire_rested":0,"item_purchase_floors":[3,5,13],"current_hp_per_floor":[80,80,80,80,80,80,80,80,80,57,57,57,57,54,54,0,0],"gold":45,"neow_bonus":"THREE_ENEMY_KILL","is_daily":false,"chose_seed":false,"campfire_upgraded":4,"win_rate":0.0,"timestamp":1613096414,"path_taken":["M","?","$","M","$","R","E","R","T","E","R","M","$","?","R","BOSS"],"items_purchased_type":["Card","Card","Card"],"build_version":"2020-12-22","purchased_purges":0,"victory":false,"max_hp_per_floor":[80,80,80,80,80,80,80,80,80,80,80,80,80,80,80,80,80],"relic_stats":{"Dream Catcher":0,"counters":[7,20],"PreservedInsect":0,"obtain_stats":[{"Lantern":7,"Dream Catcher":9,"NeowsBlessing":0,"PreservedInsect":10,"Odd Mushroom":14,"Burning Blood":0},{"Lantern":3,"Dream Catcher":3,"NeowsBlessing":0,"PreservedInsect":4,"Odd Mushroom":6,"Burning Blood":0},{"Lantern":3,"Dream Catcher":3,"NeowsBlessing":0,"PreservedInsect":7,"Odd Mushroom":12,"Burning Blood":0}],"Burning Blood":18},"card_choices":[{"not_picked":["Thunderclap","Searing Blow"],"picked":"Anger","floor":1},{"not_picked":["Shrug It Off","True Grit"],"picked":"Armaments","floor":4},{"not_picked":["Sword Boomerang","Rampage"],"picked":"Spot Weakness","floor":7},{"not_picked":["Armaments","Entrench","Searing Blow"],"picked":"SKIP","floor":10},{"not_picked":["Cleave","Infernal Blade"],"picked":"Whirlwind","floor":12},{"not_picked":["Spot Weakness","Exhume"],"picked":"Hemokinesis","floor":14}],"player_experience":102559,"relics_obtained":[{"floor":7,"key":"Lantern"},{"floor":9,"key":"Dream Catcher"},{"floor":10,"key":"PreservedInsect"},{"floor":14,"key":"Odd Mushroom"}],"event_choices":[{"damage_healed":0,"gold_gain":0,"player_choice":"Grow","damage_taken":0,"max_hp_gain":0,"max_hp_loss":0,"event_name":"Living Wall","floor":2,"gold_loss":0,"cards_upgraded":["Anger"]},{"damage_healed":0,"gold_gain":0,"player_choice":"Fought Mushrooms","damage_taken":0,"max_hp_gain":0,"max_hp_loss":0,"event_name":"Mushrooms","floor":14,"gold_loss":0}],"is_beta":false,"boss_relics":[],"items_purged_floors":[],"is_endless":false,"potions_floor_spawned":[4,7,10],"killed_by":"Hexaghost","ascension_level":0}}