{"host":"d52brwsy6af8zvaq","time":1613169456,"event":{"mods":["AchievementEnabler","BaseMod","Bestiary","Highlight Path","Minty Spire (QoL Compilation)","Quick Restart","Relic Stats","ojb\u0027s Better Paths Mod"],"gold_per_floor":[212,223,238,12,26,55,4,4,59,76,110,110,110,110],"floor_reached":13,"language":"ENG","playtime":754,"items_purged":["Strike_B"],"score":190,"play_id":"387f85f4-357f-47c5-8aa8-1fea89266fae","local_time":"20210212153736","is_ascension_mode":true,"campfire_choices":[{"floor":8,"key":"REST"},{"floor":12,"key":"REST"}],"circlet_count":0,"master_deck":["AscendersBane","Strike_B","Strike_B","Strike_B","Defend_B","Defend_B","Defend_B","Defend_B","Zap","Dualcast","Gash","Sweeping Beam","Beam Cell","Cold Snap","Leap","White Noise","Streamline","Self Repair"],"relics":["Cracked Core","Membership Card","Darkstone Periapt","Boot","Smiling Mask"],"acts_visited":["Exordium"],"potions_floor_usage":[13],"damage_taken":[{"damage":4,"enemies":"Jaw Worm","floor":1,"turns":4},{"damage":5,"enemies":"2 Louse","floor":2,"turns":2},{"damage":2,"enemies":"Small Slimes","floor":3,"turns":3},{"damage":9,"enemies":"3 Louse","floor":5,"turns":3},{"damage":42,"enemies":"Lagavulin","floor":6,"turns":9},{"damage":2,"enemies":"Blue Slaver","floor":10,"turns":3},{"damage":20,"enemies":"3 Sentries","floor":11,"turns":8},{"damage":23,"enemies":"Lagavulin","floor":13,"turns":4}],"seed_played":"-344362405365686365","potions_obtained":[{"floor":5,"key":"Dexterity Potion"},{"floor":10,"key":"GamblersBrew"}],"is_trial":false,"path_per_floor":["M","M","M","$","M","E","?","R","T","M","E","R","E"],"character_chosen":"DEFECT","items_purchased":["Membership Card","Cold Snap"],"campfire_rested":2,"item_purchase_floors":[4,4],"current_hp_per_floor":[60,55,53,53,44,2,2,23,23,21,1,22,0,0],"gold":110,"neow_bonus":"HUNDRED_GOLD","is_daily":false,"chose_seed":false,"campfire_upgraded":0,"win_rate":0.0,"timestamp":1613169456,"path_taken":["M","M","M","$","M","E","?","R","T","M","E","R","E"],"items_purchased_type":["Relic","Card"],"build_version":"2020-12-22","purchased_purges":1,"victory":false,"max_hp_per_floor":[71,71,71,71,71,71,71,71,71,71,71,71,71,71],"relic_stats":{"Darkstone Periapt":0,"counters":[8,36],"Boot":[11],"Smiling Mask":0,"obtain_stats":[{"Darkstone Periapt":6,"Membership Card":4,"Cracked Core":0,"Boot":9,"Smiling Mask":11},{"Darkstone Periapt":5,"Membership Card":3,"Cracked Core":0,"Boot":5,"Smiling Mask":7},{"Darkstone Periapt":21,"Membership Card":9,"Cracked Core":0,"Boot":21,"Smiling Mask":32}]},"card_choices":[{"not_picked":["Turbo","Leap"],"picked":"Gash","floor":1},{"not_picked":["Go for the Eyes","FTL"],"picked":"Sweeping Beam","floor":2},{"not_picked":["Steam","Redo"],"picked":"Beam Cell","floor":3},{"not_picked":["Sweeping Beam","Beam Cell"],"picked":"Leap","floor":5},{"not_picked":["Steam","Cold Snap"],"picked":"White Noise","floor":6},{"not_picked":["Reinforced Body","Darkness"],"picked":"Streamline","floor":10},{"not_picked":["Meteor Strike","Steam Power"],"picked":"Self Repair","floor":11}],"player_experience":2246494,"relics_obtained":[{"floor":6,"key":"Darkstone Periapt"},{"floor":9,"key":"Boot"},{"floor":11,"key":"Smiling Mask"}],"event_choices":[{"damage_healed":0,"gold_gain":0,"player_choice":"Left Gold","damage_taken":0,"max_hp_gain":0,"max_hp_loss":0,"event_name":"World of Goop","floor":7,"gold_loss":51}],"is_beta":false,"boss_relics":[],"items_purged_floors":[4],"is_endless":false,"potions_floor_spawned":[5,10],"killed_by":"Lagavulin","ascension_level":20}}