{"host":"suw5tyb7z6zbnnfs","time":1613150919,"event":{"mods":["AchievementEnabler","BaseMod","Colored Map","Minty Spire (QoL Compilation)"],"gold_per_floor":[110,35,53,64,64,64,94,17,17,17,50,50,84,84,84,183,183,202,202,301,317,217,217,247,247,273,273,284,314,339,367,379,492,504,529,594,606,629,271,271,287,287,287,306,334,41,41,41,41,41],"floor_reached":51,"language":"ENG","playtime":7052,"items_purged":["Clumsy","Strike_B","Defend_B","Strike_B"],"score":1057,"play_id":"57215571-0995-41e4-a549-d419d1979d76","local_time":"20210212122839","is_ascension_mode":true,"campfire_choices":[{"data":"Dualcast","floor":6.0,"key":"SMITH"},{"data":"Zap","floor":10.0,"key":"SMITH"},{"data":"Capacitor","floor":12.0,"key":"SMITH"},{"data":"Rainbow","floor":15.0,"key":"SMITH"},{"data":"Hologram","floor":23.0,"key":"SMITH"},{"data":"Self Repair","floor":25.0,"key":"SMITH"},{"data":"Coolheaded","floor":27.0,"key":"SMITH"},{"data":"Capacitor","floor":32.0,"key":"SMITH"},{"data":"Biased Cognition","floor":40,"key":"SMITH"},{"data":"Glacier","floor":42,"key":"SMITH"},{"data":"Lockon","floor":49,"key":"SMITH"}],"circlet_count":0,"master_deck":["Strike_B","Defend_B","Defend_B","Zap+1","Dualcast+1","Echo Form+1","Coolheaded+1","BootSequence","Self Repair+1","Glacier+1","Capacitor+1","Rip and Tear","Rainbow+1","Biased Cognition+1","Capacitor+1","Hologram+1","Electrodynamics","Go for the Eyes+1","Lockon+1"],"relics":["Cracked Core","Thread and Needle","Emotion Chip","Bronze Scales","Toy Ornithopter","DataDisk","Velvet Choker","Nunchaku","Akabeko","MawBank","Coffee Dripper","Torii","Eternal Feather","Ancient Tea Set","Vajra"],"acts_visited":["Exordium","TheCity","TheBeyond"],"potions_floor_usage":[36,44,46,50],"damage_taken":[{"damage":7.0,"enemies":"Small Slimes","floor":1.0,"turns":4.0},{"damage":0.0,"enemies":"Cultist","floor":3.0,"turns":4.0},{"damage":0.0,"enemies":"2 Louse","floor":4.0,"turns":3.0},{"damage":14.0,"enemies":"3 Sentries","floor":7.0,"turns":11.0},{"damage":1.0,"enemies":"Lagavulin","floor":11.0,"turns":8.0},{"damage":20.0,"enemies":"3 Sentries","floor":13.0,"turns":11.0},{"damage":3.0,"enemies":"The Guardian","floor":16.0,"turns":9.0},{"damage":8.0,"enemies":"2 Thieves","floor":18.0,"turns":4.0},{"damage":0.0,"enemies":"Spheric Guardian","floor":21.0,"turns":4.0},{"damage":17.0,"enemies":"Gremlin Leader","floor":24.0,"turns":8.0},{"damage":33.0,"enemies":"Shelled Parasite and Fungi","floor":28.0,"turns":7.0},{"damage":10.0,"enemies":"Book of Stabbing","floor":29.0,"turns":5.0},{"damage":9.0,"enemies":"Sentry and Sphere","floor":30.0,"turns":5.0},{"damage":0.0,"enemies":"3 Cultists","floor":31.0,"turns":7.0},{"damage":6.0,"enemies":"Champ","floor":33.0,"turns":11.0},{"damage":0,"enemies":"Orb Walker","floor":35,"turns":3},{"damage":17,"enemies":"2 Orb Walkers","floor":36,"turns":4},{"damage":12,"enemies":"3 Shapes","floor":38,"turns":3},{"damage":0,"enemies":"Writhing Mass","floor":41,"turns":6},{"damage":14,"enemies":"3 Darklings","floor":44,"turns":3},{"damage":0,"enemies":"Giant Head","floor":45,"turns":9},{"damage":33,"enemies":"Time Eater","floor":50,"turns":8}],"seed_played":"-976394290758302670","potions_obtained":[{"floor":4.0,"key":"DistilledChaos"},{"floor":7.0,"key":"Energy Potion"},{"floor":13.0,"key":"DistilledChaos"},{"floor":18.0,"key":"SkillPotion"},{"floor":24.0,"key":"Energy Potion"},{"floor":28.0,"key":"Block Potion"},{"floor":29.0,"key":"SteroidPotion"},{"floor":31.0,"key":"Weak Potion"},{"floor":41,"key":"FocusPotion"},{"floor":44,"key":"FocusPotion"}],"is_trial":false,"path_per_floor":["M","$","M","M","?","R","E","$","T","R","E","R","E","?","R","B",null,"M","?","?","M","$","R","E","R","T","R","M","E","M","M","R","B",null,"M","?","?","M","$","R","M","R","T","M","E","$","?","?","R","B",null],"character_chosen":"DEFECT","items_purchased":["Capacitor","Eternal Feather","Lockon","Fruit Juice"],"campfire_rested":0,"item_purchase_floors":[8,39,46,46],"current_hp_per_floor":[61,61,61,61,61,61,61,61,61,61,74,74,68,68,68,72,74,66,66,66,66,66,66,68,68,68,68,55,45,56,75,75,75,75,75,63,63,51,51,63,71,71,71,57,67,76,76,76,76,43],"gold":41,"neow_bonus":"THREE_RARE_CARDS","is_daily":false,"chose_seed":false,"campfire_upgraded":11,"win_rate":0.0,"timestamp":1613150919,"path_taken":["M","$","M","M","?","R","E","?","T","R","E","R","E","?","R","BOSS","M","?","?","M","$","R","E","R","T","R","M","E","M","M","R","BOSS","M","?","?","M","$","R","M","R","T","M","E","$","?","?","R","BOSS"],"items_purchased_type":["Card","Relic","Card","Potion"],"build_version":"2020-12-22","purchased_purges":4,"victory":true,"max_hp_per_floor":[75,75,75,75,75,75,75,75,75,75,75,75,75,75,75,75,75,75,75,75,75,75,75,75,75,75,75,75,75,75,75,75,75,75,75,75,71,71,71,71,71,71,71,71,71,76,76,76,76,76],"card_choices":[{"not_picked":["Meteor Strike","Seek"],"picked":"Echo Form","floor":0.0},{"not_picked":["Conserve Battery","Reprogram"],"picked":"Coolheaded","floor":1.0},{"not_picked":["Sweeping Beam","Compile Driver"],"picked":"BootSequence","floor":3.0},{"not_picked":["Leap","Go for the Eyes"],"picked":"Self Repair","floor":4.0},{"not_picked":["Cold Snap","Ball Lightning"],"picked":"Glacier","floor":7.0},{"not_picked":["Double Energy","Recycle"],"picked":"Rip and Tear","floor":11.0},{"not_picked":["Rebound","Force Field"],"picked":"Rainbow","floor":13.0},{"not_picked":["All For One","Core Surge"],"picked":"Biased Cognition","floor":16.0},{"not_picked":["Streamline","Conserve Battery","Redo"],"picked":"SKIP","floor":18.0},{"not_picked":["Tempest","Beam Cell+1"],"picked":"Hologram","floor":21.0},{"not_picked":["Barrage","Ball Lightning","Coolheaded"],"picked":"SKIP","floor":24.0},{"not_picked":["Conserve Battery","Glacier","Consume+1"],"picked":"SKIP","floor":28.0},{"not_picked":["Beam Cell+1","Darkness","Echo Form"],"picked":"SKIP","floor":29.0},{"not_picked":["Force Field","Beam Cell","Consume+1"],"picked":"SKIP","floor":30.0},{"not_picked":["Double Energy","Turbo","Leap"],"picked":"SKIP","floor":31.0},{"not_picked":["Machine Learning","Reboot"],"picked":"Electrodynamics","floor":33.0},{"not_picked":["Recycle+1","Redo+1","Auto Shields"],"picked":"SKIP","floor":35},{"not_picked":["Blizzard","Compile Driver","Ball Lightning"],"picked":"SKIP","floor":38},{"not_picked":["Blizzard","Sweeping Beam","Self Repair"],"picked":"SKIP","floor":41},{"not_picked":["Streamline+1","Redo+1"],"picked":"Go for the Eyes+1","floor":44},{"not_picked":["Ball Lightning","Loop","Leap+1"],"picked":"SKIP","floor":45}],"player_experience":891108,"relics_obtained":[{"floor":7.0,"key":"Thread and Needle"},{"floor":9.0,"key":"Emotion Chip"},{"floor":11.0,"key":"Bronze Scales"},{"floor":13.0,"key":"Toy Ornithopter"},{"floor":24.0,"key":"Nunchaku"},{"floor":26.0,"key":"Akabeko"},{"floor":29.0,"key":"MawBank"},{"floor":36,"key":"Torii"},{"floor":43,"key":"Ancient Tea Set"},{"floor":45,"key":"Vajra"}],"event_choices":[{"damage_healed":0.0,"max_hp_gain":0.0,"max_hp_loss":0.0,"gold_gain":0.0,"event_name":"Accursed Blacksmith","player_choice":"Forge","floor":5.0,"gold_loss":0.0,"damage_taken":0.0,"cards_upgraded":["Echo Form"]},{"damage_healed":0.0,"max_hp_gain":0.0,"max_hp_loss":0.0,"gold_gain":0.0,"event_name":"WeMeetAgain","player_choice":"Gave Potion","floor":14.0,"gold_loss":0.0,"damage_taken":0.0,"relics_obtained":["DataDisk"]},{"damage_healed":0.0,"max_hp_gain":0.0,"max_hp_loss":0.0,"gold_gain":0.0,"event_name":"The Library","player_choice":"Read","floor":19.0,"gold_loss":0.0,"damage_taken":0.0,"cards_obtained":["Capacitor"]},{"damage_healed":0.0,"max_hp_gain":0.0,"max_hp_loss":0.0,"gold_gain":99.0,"event_name":"Nest","player_choice":"Stole From Cult","floor":20.0,"gold_loss":0.0,"damage_taken":0.0},{"damage_healed":0,"gold_gain":0,"player_choice":"Fight","damage_taken":0,"max_hp_gain":0,"max_hp_loss":0,"event_name":"Mysterious Sphere","floor":36,"gold_loss":0},{"damage_healed":0,"gold_gain":0,"player_choice":"Max HP","damage_taken":0,"max_hp_gain":0,"max_hp_loss":4,"event_name":"Winding Halls","floor":37,"gold_loss":0},{"cards_removed":["Defend_B"],"damage_healed":0,"gold_gain":0,"player_choice":"Removed Skill","damage_taken":0,"max_hp_gain":0,"max_hp_loss":0,"event_name":"Falling","floor":47,"gold_loss":0},{"cards_removed":["Strike_B"],"damage_healed":0,"gold_gain":0,"player_choice":"Purged","damage_taken":0,"max_hp_gain":0,"max_hp_loss":0,"event_name":"Purifier","floor":48,"gold_loss":0}],"is_beta":false,"boss_relics":[{"not_picked":["Inserter","Cursed Key"],"picked":"Velvet Choker"},{"not_picked":["FrozenCore","Sozu"],"picked":"Coffee Dripper"}],"items_purged_floors":[2,22,39,46],"is_endless":false,"potions_floor_spawned":[4,7,13,18,24,28,29,31,41,44],"ascension_level":9}}