{"host":"gzsdmyo07u314vug","time":1613134361,"event":{"mods":["2.2 Compatiblity","Astrologer","BaseMod","Colored Powertips","GifTheSpireLib","Gremlin Mod","Hermit","Jorbs\u0027s Wanderer Trilogy","Minty Spire (QoL Compilation)","Quick Restart","Rare Cards Sparkle","Relic Stats","Replay The Spire","Robot Space Explorer","Shop Mod","StSLib","The Bladedancer","The Bug Knight","The Construct","The Cursed","The Elementalist","The Hierophant","The IronCluck","The Marked","The Necromancer","The Runesmith","The Servant 0.9.4","Unceasing Turn Reminder","everything is the same but u backflip on backflip","slay the spire mod where everything is the same but ironclad has a cowboy hat"],"gold_per_floor":[125,125,125,125,50,83,121,189,189,464,504,108,108,141,141,342,342,335,368,169,208,237,237,237,237,306,306,345,345,379,177,177,373,373,406,406,437,90,124,167,190,190,190,218,218,252,252,42,42,42],"floor_reached":51,"language":"ENG","playtime":3725,"items_purged":["blademaster:WrongfulFootwork","hermit:Strike_Hermit","hermit:Strike_Hermit","hermit:Strike_Hermit","hermit:Strike_Hermit"],"score":654,"play_id":"0aec02af-d369-46ec-af12-8bcc4b8fa010","local_time":"20210212095241","is_ascension_mode":false,"campfire_choices":[{"floor":13.0,"key":"REST"},{"data":"hermit:Covet","floor":15.0,"key":"SMITH"},{"data":"hermit:Adapt","floor":23,"key":"SMITH"},{"data":"hermit:Midnight","floor":25,"key":"SMITH"},{"data":"hermit:Brawl","floor":27,"key":"SMITH"},{"data":"hermit:Manifest","floor":32,"key":"SMITH"},{"data":"Sadistic Nature","floor":42,"key":"SMITH"},{"data":"hermit:SprayPray","floor":47,"key":"SMITH"},{"data":"hermit:Misfire","floor":49,"key":"SMITH"}],"circlet_count":0,"master_deck":["hermit:Defend_Hermit","hermit:Defend_Hermit","hermit:Defend_Hermit","hermit:Snapshot","hermit:Covet+1","hermit:DeadOrAlive","hermit:SprayPray+1","hermit:Manifest+1","hermit:WideOpen","Regret","hermit:Quickdraw","hermit:Malice+1","Flash of Steel","hermit:Covet+1","hermit:Midnight+1","hermit:Adapt+1","hermit:FlashPowder+1","hermit:FinalCanter","hermit:Brawl+1","hermit:ShadowCloak+1","hermit:CalledShot+1","hermit:FlashPowder+1","hermit:Misfire+1","Sadistic Nature+1","hermit:GhostlyPresence","hermit:Cheat"],"relics":["hermit:Momento","Golden Idol","Ring of Peace","Bottled Lightning","Gremlin Food","DollysMirror","Runic Pyramid","Snack Pack","Toy Ornithopter","hermit:BartenderGlass","CeramicFish","Replay:Accelerometer","Replay:Baseball"],"acts_visited":["Exordium","TheCity","TheBeyond"],"potions_floor_usage":[16,16,37,37,39,39,40,40,44,44,50,50,50,50],"damage_taken":[{"damage":0.0,"enemies":"Small Slimes","floor":1.0,"turns":3.0},{"damage":0.0,"enemies":"Jaw Worm","floor":6.0,"turns":5.0},{"damage":0.0,"enemies":"2 Louse","floor":7.0,"turns":3.0},{"damage":26.0,"enemies":"3 Sentries","floor":8.0,"turns":10.0},{"damage":3.0,"enemies":"Red Slaver","floor":11.0,"turns":6.0},{"damage":0.0,"enemies":"Blue Slaver","floor":14.0,"turns":5.0},{"damage":38,"enemies":"The Guardian","floor":16,"turns":14},{"damage":9,"enemies":"2 Thieves","floor":18,"turns":5},{"damage":0,"enemies":"Shell Parasite","floor":19,"turns":8},{"damage":0,"enemies":"Snecko","floor":21,"turns":6},{"damage":5,"enemies":"Shelled Parasite and Fungi","floor":22,"turns":7},{"damage":0,"enemies":"Centurion and Healer","floor":28,"turns":7},{"damage":0,"enemies":"Snake Plant","floor":30,"turns":7},{"damage":31,"enemies":"Automaton","floor":33,"turns":15},{"damage":0,"enemies":"3 Shapes","floor":35,"turns":8},{"damage":0,"enemies":"3 Darklings","floor":37,"turns":7},{"damage":20,"enemies":"Sphere and 2 Shapes","floor":39,"turns":7},{"damage":3,"enemies":"Reptomancer","floor":40,"turns":7},{"damage":0,"enemies":"Transient","floor":41,"turns":5},{"damage":0,"enemies":"3 Darklings","floor":44,"turns":6},{"damage":0,"enemies":"Maw","floor":46,"turns":10},{"damage":29,"enemies":"Awakened One","floor":50,"turns":11}],"seed_played":"678904156428523301","potions_obtained":[{"floor":6.0,"key":"Reflective Coating"},{"floor":8.0,"key":"Toxic Potion"},{"floor":14.0,"key":"Regen Potion"},{"floor":16,"key":"SteroidPotion"},{"floor":19,"key":"hermit:Tonic"},{"floor":41,"key":"hermit:Tonic"},{"floor":45,"key":"DuplicationPotion"}],"is_trial":false,"path_per_floor":["M","?","?","?","$","M","M","E","T","?","M","$","R","M","R","B",null,"M","M","$","M","M","R","?","R","T","R","M","?","M","$","R","B",null,"M","?","M","$","M","E","M","R","T","M","?","M","R","$","R","B",null],"character_chosen":"HERMIT","items_purchased":["hermit:Malice+1","Flash of Steel","DollysMirror","hermit:Brawl","hermit:Misfire","Sadistic Nature","hermit:Cheat","Replay:Baseball"],"campfire_rested":1,"item_purchase_floors":[12,12,12,20,31,38,48,48],"current_hp_per_floor":[75,57,57,57,57,57,57,31,31,31,28,28,50,50,50,12,75,66,66,66,66,61,61,61,61,61,61,67,67,69,69,69,50,75,75,75,75,75,57,70,72,72,72,75,75,75,75,75,75,74],"gold":42,"neow_bonus":"THREE_RARE_CARDS","is_daily":false,"chose_seed":false,"campfire_upgraded":8,"win_rate":0.0,"timestamp":1613134361,"path_taken":["M","?","?","?","$","M","M","E","T","?","?","$","R","M","R","BOSS","M","M","$","M","M","R","?","R","T","R","M","?","M","$","R","BOSS","M","?","M","$","M","E","M","R","T","M","?","?","R","$","R","BOSS"],"items_purchased_type":["Card","Card","Relic","Card","Card","Card","Card","Relic"],"build_version":"2020-12-22","purchased_purges":5,"victory":true,"max_hp_per_floor":[75,75,75,75,75,75,75,75,75,75,75,75,75,75,75,75,75,75,75,75,75,75,75,75,75,75,75,75,75,75,75,75,75,75,75,75,75,75,75,75,75,75,75,75,75,75,75,75,75,75],"relic_stats":{"counters":[22,162],"Golden Idol":156,"CeramicFish":18,"obtain_stats":[{"Gremlin Food":9,"Replay:Accelerometer":43,"Golden Idol":2,"CeramicFish":40,"Replay:Baseball":48,"DollysMirror":12,"Ring of Peace":4,"hermit:BartenderGlass":34,"Snack Pack":26,"Bottled Lightning":8,"hermit:Momento":0,"Toy Ornithopter":29,"Runic Pyramid":17},{"Gremlin Food":4,"Replay:Accelerometer":19,"Golden Idol":1,"CeramicFish":18,"Replay:Baseball":21,"DollysMirror":5,"Ring of Peace":1,"hermit:BartenderGlass":14,"Snack Pack":11,"Bottled Lightning":4,"hermit:Momento":0,"Toy Ornithopter":12,"Runic Pyramid":7},{"Gremlin Food":21,"Replay:Accelerometer":135,"Golden Idol":3,"CeramicFish":130,"Replay:Baseball":151,"DollysMirror":27,"Ring of Peace":3,"hermit:BartenderGlass":101,"Snack Pack":72,"Bottled Lightning":21,"hermit:Momento":0,"Toy Ornithopter":79,"Runic Pyramid":46}],"Toy Ornithopter":16},"card_choices":[{"not_picked":["hermit:FatalDesire","hermit:Purgatory"],"picked":"hermit:DeadOrAlive","floor":0.0},{"not_picked":["hermit:Snipe","hermit:Dive"],"picked":"hermit:SprayPray","floor":1.0},{"not_picked":["hermit:Misfire","hermit:Spite"],"picked":"hermit:Manifest","floor":6.0},{"not_picked":["hermit:HoleUp","hermit:Manifest"],"picked":"hermit:WideOpen","floor":7.0},{"not_picked":["hermit:EyeOfTheStorm","hermit:Enervate","hermit:Ricochet"],"picked":"SKIP","floor":8.0},{"not_picked":["hermit:Enervate","hermit:Roulette"],"picked":"hermit:Quickdraw","floor":11.0},{"not_picked":["hermit:GoldenBullet","hermit:TrackingShot"],"picked":"hermit:Midnight","floor":14.0},{"not_picked":["hermit:DeadOrAlive","hermit:OverwhelmingPower"],"picked":"hermit:Adapt","floor":16},{"not_picked":["hermit:Vantage","hermit:Glare"],"picked":"hermit:FlashPowder+1","floor":18},{"not_picked":["hermit:Maintenance+1","hermit:Headshot"],"picked":"hermit:FinalCanter","floor":19},{"not_picked":["hermit:WideOpen","hermit:LuckOfTheDraw+1"],"picked":"hermit:ShadowCloak+1","floor":21},{"not_picked":["hermit:Midnight","hermit:LowProfile+1"],"picked":"hermit:CalledShot+1","floor":22},{"not_picked":["hermit:Vantage","hermit:GhostlyPresence","hermit:Feint"],"picked":"SKIP","floor":28},{"not_picked":["hermit:Desperado","hermit:ShadowCloak"],"picked":"hermit:FlashPowder+1","floor":30},{"not_picked":["hermit:TakeCover+1","hermit:Dive","hermit:ItchyTrigger"],"picked":"SKIP","floor":35},{"not_picked":["hermit:LoneWolf+1","hermit:BigShot+1","hermit:ShadowCloak+1"],"picked":"SKIP","floor":37},{"not_picked":["hermit:LoneWolf+1","hermit:BigShot+1","hermit:ShadowCloak+1"],"picked":"SKIP","floor":37},{"not_picked":["hermit:CalledShot+1","hermit:Spite","hermit:Snipe+1"],"picked":"SKIP","floor":39},{"not_picked":["hermit:Ricochet","hermit:Enervate+1"],"picked":"hermit:GhostlyPresence","floor":40},{"not_picked":["hermit:Quickdraw+1","hermit:Purgatory","hermit:Ricochet"],"picked":"SKIP","floor":41},{"not_picked":["hermit:Scavenge","hermit:EternalForm","hermit:Headshot+1"],"picked":"SKIP","floor":44},{"not_picked":["hermit:LoneWolf","hermit:LowProfile","hermit:Showdown+1"],"picked":"SKIP","floor":46}],"player_experience":859305,"relics_obtained":[{"floor":4.0,"key":"Ring of Peace"},{"floor":8.0,"key":"Bottled Lightning"},{"floor":9.0,"key":"Gremlin Food"},{"floor":26,"key":"Snack Pack"},{"floor":40,"key":"CeramicFish"},{"floor":43,"key":"Replay:Accelerometer"}],"event_choices":[{"damage_healed":0.0,"max_hp_gain":0.0,"max_hp_loss":0.0,"gold_gain":0.0,"event_name":"Golden Idol","player_choice":"Take Damage","floor":2.0,"gold_loss":0.0,"damage_taken":18.0,"relics_obtained":["Golden Idol"]},{"damage_healed":0.0,"max_hp_gain":0.0,"max_hp_loss":0.0,"gold_gain":275.0,"event_name":"Golden Shrine","player_choice":"Desecrate","floor":10.0,"gold_loss":0.0,"damage_taken":0.0,"cards_obtained":["Regret"]},{"damage_healed":0,"gold_gain":0,"player_choice":"Ignored","damage_taken":0,"max_hp_gain":0,"max_hp_loss":0,"event_name":"Vampires","floor":24,"gold_loss":0},{"cards_removed":["hermit:Defend_Hermit"],"damage_healed":0,"gold_gain":0,"player_choice":"Removed Skill","damage_taken":0,"max_hp_gain":0,"max_hp_loss":0,"event_name":"Falling","floor":36,"gold_loss":0},{"damage_healed":0,"gold_gain":0,"player_choice":"Got Potions","damage_taken":0,"max_hp_gain":0,"max_hp_loss":0,"event_name":"Lab","floor":45,"gold_loss":0}],"is_beta":false,"boss_relics":[{"not_picked":["Ectoplasm","hermit:DentedPlate"],"picked":"Runic Pyramid"},{"not_picked":["Replay:Grab Bag","Ring of Chaos"],"picked":"hermit:BartenderGlass"}],"items_purged_floors":[5,12,20,31,38],"is_endless":false,"potions_floor_spawned":[6,8,14,16,19,28,30,33,39,41,44,46],"ascension_level":0}}