{"host":"gobyjzz6xbwq9f9i","time":1613095946,"event":{"mods":["AchievementEnabler","BaseMod","Bestiary","Colored Map","Minty Spire (QoL Compilation)","Relic Stats"],"gold_per_floor":[119,139,150,162,162,162,197,197,223,255,269,21,21,31,31,132,132,152,162,162,180,180,215,215,215,215],"floor_reached":25,"language":"ENG","playtime":803,"items_purged":[],"score":425,"play_id":"d62cfc41-1254-47d6-8fc0-bb0ee05d8505","local_time":"20210211181226","is_ascension_mode":true,"campfire_choices":[{"data":"Ball Lightning","floor":6.0,"key":"SMITH"},{"data":"Sweeping Beam","floor":8.0,"key":"SMITH"},{"data":"Recycle","floor":15.0,"key":"SMITH"},{"data":"Defragment","floor":24,"key":"SMITH"}],"circlet_count":0,"master_deck":["AscendersBane","Zap","Dualcast+1","Sunder+1","Steam","Ball Lightning","Ball Lightning+1","Sweeping Beam+1","Echo Form","Recycle+1","Compile Driver","Fission","Aggregate","Static Discharge","Go for the Eyes","Turbo","Scrape","Defragment+1","Melter","Force Field","Defragment+1","Steam Power+1","Chill"],"relics":["Cracked Core","Nunchaku","War Paint","Juzu Bracelet","Letter Opener","Pandora\u0027s Box","Smiling Mask"],"acts_visited":["Exordium","TheCity"],"potions_floor_usage":[23],"damage_taken":[{"damage":8.0,"enemies":"2 Louse","floor":1.0,"turns":2.0},{"damage":2.0,"enemies":"Jaw Worm","floor":2.0,"turns":3.0},{"damage":0.0,"enemies":"Cultist","floor":3.0,"turns":3.0},{"damage":0.0,"enemies":"Exordium Thugs","floor":4.0,"turns":4.0},{"damage":19.0,"enemies":"Lagavulin","floor":7.0,"turns":4.0},{"damage":5.0,"enemies":"3 Sentries","floor":10.0,"turns":4.0},{"damage":4.0,"enemies":"Lots of Slimes","floor":11.0,"turns":2.0},{"damage":8.0,"enemies":"Blue Slaver","floor":14.0,"turns":3.0},{"damage":0.0,"enemies":"Slime Boss","floor":16.0,"turns":5.0},{"damage":12,"enemies":"3 Byrds","floor":18,"turns":2},{"damage":33,"enemies":"Shell Parasite","floor":19,"turns":4},{"damage":2,"enemies":"Cultist and Chosen","floor":21,"turns":3},{"damage":17,"enemies":"Book of Stabbing","floor":23,"turns":4},{"damage":12,"enemies":"Centurion and Healer","floor":25,"turns":3}],"seed_played":"-3619556263329569396","potions_obtained":[{"floor":1.0,"key":"AttackPotion"},{"floor":2.0,"key":"LiquidMemories"},{"floor":10.0,"key":"Weak Potion"},{"floor":21,"key":"EssenceOfDarkness"}],"is_trial":false,"path_per_floor":["M","M","M","M","?","R","E","R","T","E","M","$","?","M","R","B",null,"M","M","?","M","?","E","R","M"],"character_chosen":"DEFECT","items_purchased":["Letter Opener"],"campfire_rested":0,"item_purchase_floors":[12],"current_hp_per_floor":[56,54,54,54,54,54,35,35,35,30,26,26,26,18,18,18,71,59,26,26,24,24,7,7,0,0],"gold":215,"neow_bonus":"TWENTY_PERCENT_HP_BONUS","is_daily":false,"chose_seed":false,"campfire_upgraded":4,"win_rate":0.0,"timestamp":1613095946,"path_taken":["M","M","M","M","?","R","E","R","T","E","M","$","?","M","R","BOSS","M","M","?","M","?","E","R","M"],"items_purchased_type":["Relic"],"build_version":"2020-12-22","purchased_purges":0,"victory":false,"max_hp_per_floor":[89,89,89,89,89,89,89,89,89,89,89,89,89,89,89,89,89,89,89,89,89,89,89,89,89,89],"relic_stats":{"Nunchaku":[6],"counters":[14,46],"Pandora\u0027s Box":["Aggregate","Static Discharge","Go for the Eyes","Turbo","Scrape","Defragment","Melter","Force Field"],"Juzu Bracelet":1,"Letter Opener":[80],"War Paint":["Defend_B","Dualcast"],"Smiling Mask":0,"obtain_stats":[{"Nunchaku":7,"Pandora\u0027s Box":17,"Juzu Bracelet":10,"Letter Opener":12,"War Paint":9,"Cracked Core":0,"Smiling Mask":23},{"Nunchaku":5,"Pandora\u0027s Box":9,"Juzu Bracelet":6,"Letter Opener":7,"War Paint":5,"Cracked Core":0,"Smiling Mask":13},{"Nunchaku":16,"Pandora\u0027s Box":30,"Juzu Bracelet":20,"Letter Opener":22,"War Paint":16,"Cracked Core":0,"Smiling Mask":43}]},"card_choices":[{"not_picked":["Chill","Leap"],"picked":"Sunder","floor":1.0},{"not_picked":["Chaos","Hologram"],"picked":"Steam","floor":2.0},{"not_picked":["Skim","Hologram"],"picked":"Ball Lightning","floor":3.0},{"not_picked":["Heatsinks","Gash"],"picked":"Ball Lightning","floor":4.0},{"not_picked":["Redo","Turbo"],"picked":"Sweeping Beam","floor":7.0},{"not_picked":["Go for the Eyes","Barrage"],"picked":"Echo Form","floor":10.0},{"not_picked":["Barrage","Hello World"],"picked":"Recycle","floor":11.0},{"not_picked":["Chaos","Go for the Eyes"],"picked":"Compile Driver","floor":14.0},{"not_picked":["Multi-Cast","Echo Form"],"picked":"Fission","floor":16.0},{"not_picked":["Barrage","Redo"],"picked":"Defragment","floor":18},{"not_picked":["Melter","Tempest"],"picked":"Steam Power+1","floor":19},{"not_picked":["Doom and Gloom","Rip and Tear","Ball Lightning"],"picked":"SKIP","floor":21},{"not_picked":["Ball Lightning","Chaos","Rebound"],"picked":"SKIP","floor":23}],"player_experience":1331727,"relics_obtained":[{"floor":7.0,"key":"Nunchaku"},{"floor":9.0,"key":"War Paint"},{"floor":10.0,"key":"Juzu Bracelet"},{"floor":23,"key":"Smiling Mask"}],"event_choices":[{"damage_healed":0.0,"max_hp_gain":0.0,"max_hp_loss":0.0,"gold_gain":0.0,"event_name":"Living Wall","player_choice":"Grow","floor":5.0,"gold_loss":0.0,"damage_taken":0.0,"cards_upgraded":["Sunder"]},{"damage_healed":0.0,"max_hp_gain":0.0,"max_hp_loss":0.0,"gold_gain":0.0,"event_name":"Liars Game","player_choice":"Ignored","floor":13.0,"gold_loss":0.0,"damage_taken":0.0},{"damage_healed":0,"gold_gain":0,"player_choice":"Forge","damage_taken":0,"max_hp_gain":0,"max_hp_loss":0,"event_name":"Accursed Blacksmith","floor":20,"gold_loss":0,"cards_upgraded":["Defragment"]},{"damage_healed":0,"gold_gain":0,"player_choice":"Read","damage_taken":0,"max_hp_gain":0,"max_hp_loss":0,"event_name":"The Library","floor":22,"gold_loss":0,"cards_obtained":["Chill"]}],"is_beta":false,"boss_relics":[{"not_picked":["Coffee Dripper","Sozu"],"picked":"Pandora\u0027s Box"}],"items_purged_floors":[],"is_endless":false,"potions_floor_spawned":[1,2,10,21],"killed_by":"Centurion and Healer","ascension_level":10}}