{"host":"pdq28s6637cpsst2","time":1613172160,"event":{"mods":["BaseMod","Colored Map","Highlight Path","Minty Spire (QoL Compilation)","Permanent Neow","Quick Restart"],"gold_per_floor":[111,127,127,138,148,148,118,11,62,92,92,127,137,153,153,256,256,266,266,285,297,297,297,307,307,307,307,318,334,145,244,244,341,341,360,360,360,310,323,323,116,146,146,181,198,68,84,103,103,103,103,103,29,60,60],"floor_reached":56,"language":"ENG","playtime":8897,"items_purged":["Strike_G","Strike_G","Strike_G"],"score":1586,"play_id":"f071101b-75b6-4ca7-8f11-9f6179ed8c20","local_time":"20210212182240","is_ascension_mode":true,"campfire_choices":[{"data":"Calculated Gamble","floor":6,"key":"SMITH"},{"floor":11,"key":"REST"},{"floor":15,"key":"REST"},{"floor":23,"key":"REST"},{"data":"After Image","floor":25,"key":"SMITH"},{"floor":27,"key":"REST"},{"data":"Well Laid Plans","floor":32,"key":"SMITH"},{"data":"Tools of the Trade","floor":40,"key":"SMITH"},{"floor":49,"key":"RECALL"},{"data":"Thinking Ahead","floor":52,"key":"SMITH"}],"circlet_count":0,"master_deck":["Strike_G","Defend_G","Defend_G","Defend_G","Defend_G","Defend_G","Survivor","Neutralize+1","Heel Hook","Backflip+1","Calculated Gamble+1","Crippling Poison","Acrobatics","Reflex","Escape Plan","After Image+1","Backflip","Well Laid Plans+1","Malaise","Reflex+1","Decay","Eviscerate","Underhanded Strike","Tools of the Trade+1","Thinking Ahead+1","Calculated Gamble+1"],"relics":["Ring of the Snake","Vajra","Bag of Preparation","Bag of Marbles","Cursed Key","Nilry\u0027s Codex","Membership Card","HoveringKite","Gambling Chip","Lizard Tail","White Beast Statue","Sundial","Bronze Scales","Happy Flower"],"acts_visited":["Exordium","TheCity","TheBeyond","TheEnding"],"potions_floor_usage":[5,16,16,33,33,55],"damage_taken":[{"damage":2,"enemies":"2 Louse","floor":1,"turns":4},{"damage":0,"enemies":"Cultist","floor":2,"turns":3},{"damage":1,"enemies":"Jaw Worm","floor":4,"turns":3},{"damage":12,"enemies":"Large Slime","floor":5,"turns":9},{"damage":6,"enemies":"Looter","floor":7,"turns":4},{"damage":43,"enemies":"3 Sentries","floor":10,"turns":20},{"damage":2,"enemies":"Lagavulin","floor":12,"turns":9},{"damage":3,"enemies":"Exordium Wildlife","floor":13,"turns":8},{"damage":9,"enemies":"Exordium Thugs","floor":14,"turns":5},{"damage":0,"enemies":"Slime Boss","floor":16,"turns":15},{"damage":7,"enemies":"Spheric Guardian","floor":18,"turns":8},{"damage":4,"enemies":"Shell Parasite","floor":20,"turns":8},{"damage":15,"enemies":"Snake Plant","floor":21,"turns":6},{"damage":7,"enemies":"Sentry and Sphere","floor":24,"turns":9},{"damage":4,"enemies":"Snecko","floor":28,"turns":9},{"damage":9,"enemies":"Centurion and Healer","floor":29,"turns":3},{"damage":38,"enemies":"Champ","floor":33,"turns":16},{"damage":8,"enemies":"3 Shapes","floor":35,"turns":3},{"damage":0,"enemies":"3 Darklings","floor":39,"turns":4},{"damage":0,"enemies":"Giant Head","floor":42,"turns":5},{"damage":15,"enemies":"Nemesis","floor":44,"turns":7},{"damage":1,"enemies":"Jaw Worm Horde","floor":45,"turns":3},{"damage":17,"enemies":"Spire Growth","floor":47,"turns":4},{"damage":0,"enemies":"3 Darklings","floor":48,"turns":2},{"damage":0,"enemies":"Awakened One","floor":50,"turns":5},{"damage":0,"enemies":"Shield and Spear","floor":54,"turns":4},{"damage":44,"enemies":"The Heart","floor":55,"turns":7}],"seed_played":"-3372701709449783649","potions_obtained":[{"floor":1,"key":"AttackPotion"},{"floor":5,"key":"Energy Potion"},{"floor":13,"key":"Strength Potion"},{"floor":14,"key":"SpeedPotion"},{"floor":20,"key":"GamblersBrew"},{"floor":28,"key":"SpeedPotion"},{"floor":29,"key":"SteroidPotion"},{"floor":42,"key":"SkillPotion"},{"floor":45,"key":"Block Potion"},{"floor":47,"key":"EntropicBrew"},{"floor":54,"key":"Energy Potion"}],"is_trial":false,"path_per_floor":["M","M","?","M","M","R","M","$","T","E","R","E","M","M","R","B",null,"M","?","M","M","T","R","M","R","T","R","M","M","$","?","R","B",null,"M","?","?","$","M","R","$","E","T","E","M","$","M","M","R","B",null,"R","$","E","B",null],"character_chosen":"THE_SILENT","items_purchased":["Reflex","Escape Plan","Membership Card","Gambling Chip","Sundial","Bronze Scales"],"campfire_rested":4,"item_purchase_floors":[8,8,30,41,46,53],"current_hp_per_floor":[68,68,68,67,55,55,49,49,49,6,27,25,22,13,34,34,61,54,38,34,19,19,40,33,33,33,54,50,41,41,41,41,3,53,45,45,45,45,45,45,45,45,45,30,29,29,12,12,12,12,56,56,56,56,12],"gold":60,"neow_bonus":"UPGRADE_CARD","is_daily":false,"chose_seed":false,"campfire_upgraded":5,"win_rate":0.0,"timestamp":1613172160,"path_taken":["M","M","?","M","?","R","M","?","T","E","R","E","M","M","R","BOSS","M","?","M","M","?","R","M","R","T","R","M","M","$","?","R","BOSS","M","?","?","$","M","R","?","E","T","E","M","$","M","?","R","BOSS","R","$","E","BOSS"],"items_purchased_type":["Card","Card","Relic","Relic","Relic","Relic"],"build_version":"2020-12-22","purchased_purges":3,"victory":true,"max_hp_per_floor":[70,70,70,70,70,70,70,70,70,70,70,70,70,70,70,70,70,70,70,70,70,70,70,70,70,70,70,70,70,70,70,70,70,70,70,70,70,70,70,70,70,70,70,70,70,70,70,70,70,70,70,70,70,70,70],"card_choices":[{"not_picked":["Crippling Poison","Blade Dance"],"picked":"Heel Hook","floor":1},{"not_picked":["Sucker Punch","Dagger Spray"],"picked":"Backflip","floor":2},{"not_picked":["Dagger Throw","Deflect"],"picked":"Calculated Gamble","floor":4},{"not_picked":["Poisoned Stab","Prepared"],"picked":"Crippling Poison","floor":5},{"not_picked":["Flying Knee","Setup"],"picked":"Acrobatics","floor":7},{"not_picked":["PiercingWail","Sucker Punch"],"picked":"After Image","floor":10},{"not_picked":["Riddle With Holes","Cloak And Dagger"],"picked":"Backflip","floor":12},{"not_picked":["Catalyst","Flechettes"],"picked":"Well Laid Plans","floor":13},{"not_picked":["Grand Finale","Deflect","Deadly Poison"],"picked":"SKIP","floor":14},{"not_picked":["Burst","Wraith Form v2"],"picked":"Malaise","floor":16},{"not_picked":["Backstab","Cloak And Dagger","Backflip"],"picked":"SKIP","floor":18},{"not_picked":["Backstab","Cloak And Dagger","Backflip"],"picked":"SKIP","floor":18},{"not_picked":["Blur","Expertise+1"],"picked":"Reflex+1","floor":20},{"not_picked":["Dagger Spray","Flying Knee+1","Well Laid Plans"],"picked":"SKIP","floor":21},{"not_picked":["Flying Knee+1","Outmaneuver+1","Dodge and Roll+1"],"picked":"SKIP","floor":24},{"not_picked":["Blade Dance","Noxious Fumes"],"picked":"Eviscerate","floor":28},{"not_picked":["Dodge and Roll","Noxious Fumes+1"],"picked":"Underhanded Strike","floor":29},{"not_picked":["Die Die Die","Wraith Form v2"],"picked":"Tools of the Trade","floor":33},{"not_picked":["Dodge and Roll","Caltrops","PiercingWail"],"picked":"SKIP","floor":35},{"not_picked":["Enlightenment","Madness"],"picked":"Thinking Ahead","floor":37},{"not_picked":["PiercingWail","Dagger Throw","Sucker Punch+1"],"picked":"SKIP","floor":39},{"not_picked":["Tools of the Trade","Backflip+1","Deflect+1"],"picked":"SKIP","floor":42},{"not_picked":["Deflect","After Image"],"picked":"Calculated Gamble+1","floor":44},{"not_picked":["Bouncing Flask","Sucker Punch+1","Dodge and Roll"],"picked":"SKIP","floor":45},{"not_picked":["Choke+1","PiercingWail+1","Concentrate"],"picked":"SKIP","floor":47},{"not_picked":["Cloak And Dagger","Outmaneuver","Acrobatics"],"picked":"SKIP","floor":48},{"not_picked":["Flechettes","Noxious Fumes+1","Acrobatics"],"picked":"SKIP","floor":54}],"player_experience":172850,"relics_obtained":[{"floor":9,"key":"Vajra"},{"floor":10,"key":"Bag of Preparation"},{"floor":12,"key":"Bag of Marbles"},{"floor":19,"key":"Nilry\u0027s Codex"},{"floor":42,"key":"Lizard Tail"},{"floor":44,"key":"White Beast Statue"},{"floor":54,"key":"Happy Flower"}],"event_choices":[{"damage_healed":0,"gold_gain":0,"player_choice":"Forge","damage_taken":0,"max_hp_gain":0,"max_hp_loss":0,"event_name":"Accursed Blacksmith","floor":3,"gold_loss":0,"cards_upgraded":["Backflip"]},{"damage_healed":0,"gold_gain":0,"player_choice":"Obtained Book","damage_taken":16,"max_hp_gain":0,"max_hp_loss":0,"event_name":"Cursed Tome","floor":19,"gold_loss":0},{"damage_healed":0,"gold_gain":99,"player_choice":"Stole From Cult","damage_taken":0,"max_hp_gain":0,"max_hp_loss":0,"event_name":"Nest","floor":31,"gold_loss":0},{"cards_removed":["Strike_G"],"damage_healed":0,"gold_gain":0,"player_choice":"Removed Attack","damage_taken":0,"max_hp_gain":0,"max_hp_loss":0,"event_name":"Falling","floor":36,"gold_loss":0},{"damage_healed":0,"gold_gain":0,"player_choice":"Memory 1","damage_taken":0,"max_hp_gain":0,"max_hp_loss":0,"event_name":"SensoryStone","floor":37,"gold_loss":0}],"is_beta":false,"boss_relics":[{"not_picked":["Velvet Choker","Fusion Hammer"],"picked":"Cursed Key"},{"not_picked":["SacredBark","Black Star"],"picked":"HoveringKite"}],"items_purged_floors":[30,38,41],"is_endless":false,"potions_floor_spawned":[1,5,13,14,20,28,29,42,45,47,48,54],"ascension_level":5}}