{"host":"phniwng9zo19jwdb","time":1613140028,"event":{"mods":["AchievementEnabler","BaseMod","Colored Powertips","Dark Map","Faster Ascension Climbing","GifTheSpireLib","Minty Spire (QoL Compilation)","Permanent Neow","Rare Cards Sparkle","Relic Filter Mod","StSLib","Weighted Paths"],"gold_per_floor":[115,129,149,162,175,175,205,205,231,260,276,276,308,308,308,380,380,390,68,83,83,83,115,0,34,61,95,95,121,138,171,171,246,246,265,265,265,285,295,328,328,353,398,425,425,425,435,460,460,460,460,460,460,10,42,42,42],"floor_reached":56,"language":"ENG","playtime":3217,"items_purged":["Setup+1","Shame"],"score":2387,"play_id":"d84673d6-39ab-4d9e-bf7e-2966bd726c78","local_time":"20210212152708","is_ascension_mode":true,"campfire_choices":[{"data":"Apotheosis","floor":6.0,"key":"SMITH"},{"floor":8.0,"key":"REST"},{"data":"Tools of the Trade","floor":12.0,"key":"SMITH"},{"data":"Reflex","floor":15.0,"key":"SMITH"},{"data":"Calculated Gamble","floor":28,"key":"SMITH"},{"data":"Adrenaline","floor":32,"key":"SMITH"},{"floor":41,"key":"REST"},{"floor":49,"key":"RECALL"},{"floor":53,"key":"REST"}],"circlet_count":0,"master_deck":["AscendersBane","Strike_G","Strike_G","Defend_G","Defend_G","Defend_G","Defend_G","Defend_G","Survivor","Neutralize","Apotheosis+1","Tactician","Reflex+1","Cloak And Dagger","Prepared","Tools of the Trade+1","Backflip","Storm of Steel","Underhanded Strike","Underhanded Strike","Adrenaline+1","Escape Plan+1","Quick Slash+1","Calculated Gamble+1","Adrenaline","Footwork","Backflip","Dagger Throw","Footwork","A Thousand Cuts","Acrobatics+1","Endless Agony","Adrenaline","Dagger Throw","PiercingWail+1","Cloak And Dagger+1","Blur","Distraction","Reflex","Acrobatics","PiercingWail"],"relics":["Ring of the Snake","Dream Catcher","Lantern","Strawberry","Snake Skull","Astrolabe","DollysMirror","CaptainsWheel","MutagenicStrength","The Courier","Toy Ornithopter","Smiling Mask","Bronze Scales","PreservedInsect","SlaversCollar","Pen Nib","Centennial Puzzle","Regal Pillow","The Specimen","Shuriken","Thread and Needle","Mummified Hand","TungstenRod","Art of War"],"acts_visited":["Exordium","TheCity","TheBeyond","TheEnding"],"potions_floor_usage":[27,33,42,44,55,56],"damage_taken":[{"damage":0.0,"enemies":"Small Slimes","floor":1.0,"turns":5.0},{"damage":0.0,"enemies":"Cultist","floor":2.0,"turns":5.0},{"damage":3.0,"enemies":"2 Louse","floor":3.0,"turns":4.0},{"damage":5.0,"enemies":"Exordium Wildlife","floor":4.0,"turns":5.0},{"damage":6.0,"enemies":"Blue Slaver","floor":5.0,"turns":5.0},{"damage":10.0,"enemies":"Lagavulin","floor":7.0,"turns":9.0},{"damage":11.0,"enemies":"3 Sentries","floor":10.0,"turns":11.0},{"damage":3.0,"enemies":"Exordium Thugs","floor":11.0,"turns":4.0},{"damage":7.0,"enemies":"Lagavulin","floor":13.0,"turns":7.0},{"damage":28.0,"enemies":"Hexaghost","floor":16.0,"turns":10.0},{"damage":15.0,"enemies":"Chosen","floor":18.0,"turns":5.0},{"damage":0.0,"enemies":"Shell Parasite","floor":20.0,"turns":4.0},{"damage":0.0,"enemies":"Slavers","floor":23.0,"turns":4.0},{"damage":5,"enemies":"Gremlin Leader","floor":25,"turns":8},{"damage":17,"enemies":"Book of Stabbing","floor":27,"turns":5},{"damage":0,"enemies":"3 Cultists","floor":30,"turns":3},{"damage":9,"enemies":"Slavers","floor":31,"turns":4},{"damage":0,"enemies":"Automaton","floor":33,"turns":5},{"damage":8,"enemies":"3 Darklings","floor":35,"turns":2},{"damage":0,"enemies":"3 Shapes","floor":38,"turns":2},{"damage":9,"enemies":"Spire Growth","floor":39,"turns":5},{"damage":3,"enemies":"Giant Head","floor":40,"turns":6},{"damage":0,"enemies":"Reptomancer","floor":42,"turns":4},{"damage":14,"enemies":"Nemesis","floor":44,"turns":3},{"damage":10,"enemies":"Jaw Worm Horde","floor":47,"turns":4},{"damage":0,"enemies":"Mind Bloom Boss Battle","floor":48,"turns":6},{"damage":12,"enemies":"Time Eater","floor":50,"turns":12},{"damage":0,"enemies":"Awakened One","floor":51,"turns":8},{"damage":36,"enemies":"Shield and Spear","floor":55,"turns":4},{"damage":76,"enemies":"The Heart","floor":56,"turns":5}],"seed_played":"-4407589378434624870","potions_obtained":[{"floor":1.0,"key":"Block Potion"},{"floor":3.0,"key":"BlessingOfTheForge"},{"floor":10.0,"key":"Fire Potion"},{"floor":11.0,"key":"FairyPotion"},{"floor":25,"key":"Regen Potion"},{"floor":30,"key":"Poison Potion"},{"floor":31,"key":"ColorlessPotion"},{"floor":38,"key":"PowerPotion"},{"floor":42,"key":"PowerPotion"},{"floor":47,"key":"SkillPotion"},{"floor":55,"key":"DistilledChaos"}],"is_trial":false,"path_per_floor":["M","M","M","M","M","R","E","R","T","E","M","R","E","?","R","B",null,"M","$","M","?","?","E","$","E","T","E","R","T","M","E","R","B",null,"M","?","?","M","M","E","R","E","T","E","?","T","M","?","R","B","B",null,"R","$","E","B"],"character_chosen":"THE_SILENT","items_purchased":["DollysMirror","Footwork","Footwork","Mummified Hand","TungstenRod"],"campfire_rested":3,"item_purchase_floors":[19,19,24,54,54],"current_hp_per_floor":[59,59,56,51,45,45,35,53,53,49,46,46,39,39,39,11,53,38,38,38,38,38,38,38,33,33,35,35,35,35,26,26,31,58,50,50,50,50,41,38,58,63,63,53,53,53,43,43,43,31,31,58,67,67,31,0,0],"gold":42,"neow_bonus":"RANDOM_COLORLESS_2","is_daily":false,"chose_seed":false,"campfire_upgraded":5,"win_rate":0.0,"timestamp":1613140028,"path_taken":["M","M","M","M","M","R","E","R","T","E","M","R","E","?","R","BOSS","M","$","M","?","?","E","?","E","T","E","R","?","M","E","R","BOSS","M","?","?","M","?","E","R","E","T","E","?","?","M","?","R","BOSS","BOSS","R","$","E","BOSS"],"items_purchased_type":["Relic","Card","Card","Relic","Relic"],"build_version":"2020-12-22","purchased_purges":2,"victory":false,"max_hp_per_floor":[60,60,60,60,60,60,60,60,60,67,67,67,67,67,67,67,67,67,67,67,67,67,67,67,67,67,67,67,67,67,67,67,67,67,67,67,67,67,67,67,67,67,67,67,67,67,67,67,67,67,67,67,67,67,67,67,67],"card_choices":[{"not_picked":["Master of Strategy","Magnetism"],"picked":"Apotheosis","floor":0.0},{"not_picked":["Flechettes","Outmaneuver"],"picked":"Tactician","floor":1.0},{"not_picked":["Deadly Poison","Accuracy"],"picked":"Reflex","floor":2.0},{"not_picked":["Masterful Stab","Infinite Blades"],"picked":"Underhanded Strike","floor":3.0},{"not_picked":["Outmaneuver","Catalyst"],"picked":"Cloak And Dagger","floor":4.0},{"not_picked":["Infinite Blades","Quick Slash"],"picked":"Prepared","floor":5.0},{"not_picked":["Sucker Punch","Expertise"],"picked":"Tools of the Trade","floor":7.0},{"not_picked":["Poisoned Stab","Flying Knee"],"picked":"Backflip","floor":8.0},{"not_picked":["Infinite Blades","Dagger Spray"],"picked":"Storm of Steel","floor":10.0},{"not_picked":["Dash","PiercingWail"],"picked":"Underhanded Strike","floor":11.0},{"not_picked":["Caltrops","Finisher"],"picked":"Underhanded Strike","floor":13.0},{"not_picked":["Unload","Storm of Steel"],"picked":"Adrenaline","floor":16.0},{"not_picked":["Acrobatics","Bane"],"picked":"Calculated Gamble","floor":18.0},{"not_picked":["Underhanded Strike","Reflex+1"],"picked":"Backflip","floor":20.0},{"not_picked":["Unload","Setup"],"picked":"Dagger Throw","floor":23.0},{"not_picked":["Choke","Dagger Throw"],"picked":"A Thousand Cuts","floor":25},{"not_picked":["Masterful Stab","Outmaneuver"],"picked":"Acrobatics+1","floor":27},{"not_picked":["Deadly Poison+1","Outmaneuver","Skewer"],"picked":"SKIP","floor":30},{"not_picked":["Unload","Bane"],"picked":"Endless Agony","floor":31},{"not_picked":["Night Terror","Wraith Form v2"],"picked":"Adrenaline","floor":33},{"not_picked":["Outmaneuver","Slice"],"picked":"Dagger Throw","floor":35},{"not_picked":["Dagger Spray","Leg Sweep+1","Underhanded Strike"],"picked":"SKIP","floor":38},{"not_picked":["Prepared","Flying Knee+1"],"picked":"PiercingWail+1","floor":39},{"not_picked":["Dodge and Roll","Concentrate","Deadly Poison"],"picked":"SKIP","floor":40},{"not_picked":["Underhanded Strike+1","PiercingWail"],"picked":"Cloak And Dagger+1","floor":41},{"not_picked":["Dagger Throw","Outmaneuver"],"picked":"Blur","floor":42},{"not_picked":["Flying Knee","Poisoned Stab"],"picked":"Distraction","floor":44},{"not_picked":["Masterful Stab","Flechettes","A Thousand Cuts"],"picked":"SKIP","floor":47},{"not_picked":["Prepared","Cloak And Dagger"],"picked":"Reflex","floor":48},{"not_picked":["Underhanded Strike","PiercingWail"],"picked":"Acrobatics","floor":53},{"not_picked":["Skewer","Underhanded Strike"],"picked":"PiercingWail","floor":55}],"player_experience":120602,"relics_obtained":[{"floor":7.0,"key":"Dream Catcher"},{"floor":9.0,"key":"Lantern"},{"floor":10.0,"key":"Strawberry"},{"floor":13.0,"key":"Snake Skull"},{"floor":23.0,"key":"The Courier"},{"floor":25,"key":"Toy Ornithopter"},{"floor":27,"key":"Smiling Mask"},{"floor":29,"key":"Bronze Scales"},{"floor":31,"key":"PreservedInsect"},{"floor":40,"key":"Pen Nib"},{"floor":42,"key":"Centennial Puzzle"},{"floor":43,"key":"Regal Pillow"},{"floor":44,"key":"The Specimen"},{"floor":46,"key":"Shuriken"},{"floor":48,"key":"Thread and Needle"},{"floor":55,"key":"Art of War"}],"event_choices":[{"damage_healed":0.0,"max_hp_gain":0.0,"max_hp_loss":0.0,"gold_gain":0.0,"event_name":"Match and Keep!","player_choice":"1 cards matched","floor":14.0,"gold_loss":0.0,"damage_taken":0.0,"cards_obtained":["Flechettes"]},{"damage_healed":0.0,"max_hp_gain":0.0,"max_hp_loss":0.0,"gold_gain":0.0,"event_name":"Addict","player_choice":"Stole Relic","floor":21.0,"gold_loss":0.0,"damage_taken":0.0,"relics_obtained":["CaptainsWheel"],"cards_obtained":["Shame"]},{"damage_healed":0.0,"max_hp_gain":0.0,"max_hp_loss":0.0,"gold_gain":0.0,"event_name":"Drug Dealer","player_choice":"Inject Mutagens","floor":22.0,"gold_loss":0.0,"damage_taken":0.0,"relics_obtained":["MutagenicStrength"]},{"cards_removed":["Underhanded Strike"],"damage_healed":0,"gold_gain":0,"player_choice":"Removed Attack","damage_taken":0,"max_hp_gain":0,"max_hp_loss":0,"event_name":"Falling","floor":36,"gold_loss":0},{"cards_removed":["Strike_G"],"damage_healed":0,"gold_gain":0,"player_choice":"Purged","damage_taken":0,"max_hp_gain":0,"max_hp_loss":0,"event_name":"Purifier","floor":37,"gold_loss":0},{"damage_healed":0,"gold_gain":0,"player_choice":"Ignored","damage_taken":0,"max_hp_gain":0,"max_hp_loss":0,"event_name":"Tomb of Lord Red Mask","floor":45,"gold_loss":0},{"damage_healed":0,"gold_gain":0,"player_choice":"Fight","damage_taken":0,"max_hp_gain":0,"max_hp_loss":0,"event_name":"MindBloom","floor":48,"gold_loss":0}],"is_beta":false,"boss_relics":[{"not_picked":["Philosopher\u0027s Stone","WristBlade"],"picked":"Astrolabe"},{"not_picked":["Velvet Choker","Runic Pyramid"],"picked":"SlaversCollar"}],"items_purged_floors":[19,24],"is_endless":false,"potions_floor_spawned":[1,3,5,10,11,18,25,30,31,38,39,42,47,55],"killed_by":"The Heart","ascension_level":20}}