{"host":"lx933ja015x1ub68","time":1613112085,"event":{"mods":["AchievementEnabler","BaseMod","Better Match","Better Third Choice","BetterRewards","Colored Map","Exacting","FTL Soundtrack","Minty Spire (QoL Compilation)","Shop Mod","StSLib"],"gold_per_floor":[116,15,15,15,35,35,53,81,154,154,166,186,186,215,215,334,334,346,346,366,366,396,424,435,449,449,459,473,473,473],"floor_reached":29,"language":"ENG","playtime":3293,"items_purged":[],"score":359,"play_id":"4a82ba11-4490-4299-8e66-de31428b1a27","local_time":"20210212174125","is_ascension_mode":false,"campfire_choices":[{"floor":6.0,"key":"REST"},{"data":"Capacitor","floor":10.0,"key":"SMITH"},{"data":"Zap","floor":15.0,"key":"SMITH"}],"circlet_count":0,"master_deck":["Strike_B+1","Strike_B","Strike_B","Strike_B","Defend_B+1","Defend_B+1","Defend_B","Defend_B+1","Zap+1","Dualcast+1","Discovery","Gash","Redo","Capacitor+1","Glacier","Ball Lightning","Glacier","Beam Cell","Fission","Barrage","Chaos","Steam+1","Rebound","Streamline+1","Static Discharge","Self Repair"],"relics":["FrozenCore","Toolbox","Tiny Chest","War Paint","MerchantsRug","Blood Vial","Shuriken","Bottled Tornado","MealTicket","Incense Burner","Eternal Feather"],"acts_visited":["Exordium","TheCity"],"potions_floor_usage":[28,28],"damage_taken":[{"damage":0.0,"enemies":"Cultist","floor":1.0,"turns":3.0},{"damage":0.0,"enemies":"Small Slimes","floor":5.0,"turns":3.0},{"damage":0.0,"enemies":"Jaw Worm","floor":7.0,"turns":2.0},{"damage":6.0,"enemies":"3 Sentries","floor":8.0,"turns":3.0},{"damage":1.0,"enemies":"2 Fungi Beasts","floor":11.0,"turns":3.0},{"damage":0.0,"enemies":"Large Slime","floor":12.0,"turns":4.0},{"damage":5.0,"enemies":"Lagavulin","floor":14.0,"turns":5.0},{"damage":17.0,"enemies":"Slime Boss","floor":16.0,"turns":9.0},{"damage":0.0,"enemies":"Spheric Guardian","floor":18.0,"turns":4.0},{"damage":0.0,"enemies":"Shell Parasite","floor":20.0,"turns":5.0},{"damage":22.0,"enemies":"Shelled Parasite and Fungi","floor":22.0,"turns":7.0},{"damage":44.0,"enemies":"Gremlin Leader","floor":23.0,"turns":9.0},{"damage":2.0,"enemies":"Snake Plant","floor":24.0,"turns":7.0},{"damage":4.0,"enemies":"Snecko","floor":25.0,"turns":6.0},{"damage":10.0,"enemies":"Shelled Parasite and Fungi","floor":27.0,"turns":4.0},{"damage":0,"enemies":"Sentry and Sphere","floor":28,"turns":4},{"damage":7,"enemies":"3 Cultists","floor":29,"turns":4}],"seed_played":"3659232181608851573","potions_obtained":[{"floor":1.0,"key":"PotionOfCapacity"},{"floor":8.0,"key":"Strength Potion"},{"floor":11.0,"key":"Energy Potion"},{"floor":14.0,"key":"Fire Potion"},{"floor":24.0,"key":"DistilledChaos"},{"floor":25.0,"key":"Weak Potion"},{"floor":27.0,"key":"Energy Potion"},{"floor":28,"key":"SpeedPotion"}],"is_trial":false,"path_per_floor":["M","$","?","?","M","R","M","E","T","R","M","M","T","E","R","B",null,"M","?","M","?","M","E","M","M","T","M","M","M"],"character_chosen":"DEFECT","items_purchased":["Toolbox","Tiny Chest","War Paint","Discovery","MerchantsRug","EntropicBrew"],"campfire_rested":1,"item_purchase_floors":[0,0,0,0,0,2],"current_hp_per_floor":[49,49,34,34,34,56,67,61,61,61,62,64,64,61,61,46,75,75,75,75,59,54,12,12,10,10,2,4,0,0],"gold":473,"neow_bonus":"","is_daily":false,"chose_seed":false,"campfire_upgraded":2,"win_rate":0.0,"timestamp":1613112085,"path_taken":["M","$","?","?","M","R","M","E","T","R","M","?","?","E","R","BOSS","M","?","M","?","M","E","M","M","T","M","M","M"],"items_purchased_type":["Relic","Relic","Relic","Card","Relic","Potion"],"build_version":"2020-12-22","purchased_purges":0,"victory":false,"max_hp_per_floor":[75,75,75,75,75,75,75,75,75,75,75,75,75,75,75,75,75,75,75,75,75,75,75,75,75,75,75,75,75,75],"card_choices":[{"not_picked":["Undo","Force Field"],"picked":"Gash","floor":1.0},{"not_picked":["Fusion","BootSequence"],"picked":"Redo","floor":5.0},{"not_picked":["Aggregate","Rebound"],"picked":"Capacitor","floor":7.0},{"not_picked":["Barrage","Streamline"],"picked":"Glacier","floor":8.0},{"not_picked":["Conserve Battery","Self Repair"],"picked":"Ball Lightning","floor":11.0},{"not_picked":["Conserve Battery","Cold Snap"],"picked":"Glacier","floor":12.0},{"not_picked":["Go for the Eyes","Genetic Algorithm"],"picked":"Beam Cell","floor":14.0},{"not_picked":["Reboot","Buffer"],"picked":"Fission","floor":16.0},{"not_picked":["Undo+1","Skim"],"picked":"Barrage","floor":18.0},{"not_picked":["Rebound","Aggregate+1"],"picked":"Chaos","floor":20.0},{"not_picked":["Consume","Go for the Eyes"],"picked":"Steam+1","floor":22.0},{"not_picked":["Fusion","Buffer"],"picked":"Rebound","floor":23.0},{"not_picked":["Sweeping Beam","Hologram","Force Field"],"picked":"SKIP","floor":24.0},{"not_picked":["Hello World","Force Field"],"picked":"Streamline+1","floor":25.0},{"not_picked":["Doom and Gloom","Coolheaded+1"],"picked":"Static Discharge","floor":27.0},{"not_picked":["Beam Cell","Defragment"],"picked":"Self Repair","floor":28}],"player_experience":56751,"relics_obtained":[{"floor":8.0,"key":"Blood Vial"},{"floor":9.0,"key":"Shuriken"},{"floor":13.0,"key":"Bottled Tornado"},{"floor":14.0,"key":"MealTicket"},{"floor":23.0,"key":"Incense Burner"},{"floor":26.0,"key":"Eternal Feather"}],"event_choices":[{"damage_healed":49.0,"max_hp_gain":0.0,"max_hp_loss":75.0,"gold_gain":0.0,"event_name":"betterThird:BetterShining","player_choice":"Upgrade","floor":3.0,"gold_loss":0.0,"damage_taken":15.0,"cards_upgraded":["Defend_B","Strike_B"]},{"damage_healed":0.0,"max_hp_gain":0.0,"max_hp_loss":0.0,"gold_gain":0.0,"event_name":"Upgrade Shrine","player_choice":"Upgraded","floor":4.0,"gold_loss":0.0,"damage_taken":0.0,"cards_upgraded":["Dualcast"]},{"damage_healed":0.0,"max_hp_gain":0.0,"max_hp_loss":0.0,"gold_gain":0.0,"event_name":"betterThird:BetterWriting","player_choice":"Adaptability","floor":19.0,"gold_loss":0.0,"damage_taken":0.0},{"damage_healed":0.0,"max_hp_gain":0.0,"max_hp_loss":0.0,"gold_gain":0.0,"event_name":"Cursed Tome","player_choice":"Obtained Book","floor":21.0,"gold_loss":0.0,"damage_taken":16.0}],"is_beta":false,"boss_relics":[{"not_picked":["Sozu","Coffee Dripper"],"picked":"FrozenCore"}],"items_purged_floors":[],"is_endless":false,"potions_floor_spawned":[1,8,11,14,24,25,27,28],"killed_by":"3 Cultists","ascension_level":0}}