{"host":"zsnmfqgcm92hlreo","time":1613172102,"event":{"mods":["AchievementEnabler","BaseMod","Bestiary","Block Reminder","Colored Map","Colored Powertips","Filter the Spire","Minty Spire (QoL Compilation)","Permanent Neow","Quick Restart","Relic Stats","StSLib","Weighted Paths"],"gold_per_floor":[114,130,144,161,177,177,208,208,208,234,253,285,301,327,327,403,403,423,185,212,227,241,241,241],"floor_reached":23,"language":"ENG","playtime":1171,"items_purged":[],"score":450,"play_id":"77d44014-6cf9-4743-9132-df8ccf20ea39","local_time":"20210212172142","is_ascension_mode":true,"campfire_choices":[{"data":"Envenom","floor":6.0,"key":"SMITH"},{"floor":8.0,"key":"REST"},{"floor":15,"key":"REST"}],"circlet_count":0,"master_deck":["AscendersBane","Survivor","Neutralize","Finisher","Crippling Poison","Backflip","Concentrate","Outmaneuver","Corpse Explosion","After Image","Cloak And Dagger","Envenom+1","Bouncing Flask","Bane","Cloak And Dagger","All Out Attack","Underhanded Strike","Blade Dance","Riddle With Holes","Deadly Poison","Deadly Poison","Dodge and Roll","Burst","Noxious Fumes","Well Laid Plans","Blur"],"relics":["Pandora\u0027s Box","Centennial Puzzle","Singing Bowl","Bag of Marbles","Ginger","Orichalcum","Cursed Key","Bag of Preparation","Red Mask"],"acts_visited":["Exordium","TheCity"],"potions_floor_usage":[14,16,21],"damage_taken":[{"damage":0.0,"enemies":"Cultist","floor":1.0,"turns":4.0},{"damage":0.0,"enemies":"Small Slimes","floor":2.0,"turns":3.0},{"damage":9.0,"enemies":"2 Louse","floor":3.0,"turns":2.0},{"damage":7.0,"enemies":"Gremlin Gang","floor":4.0,"turns":3.0},{"damage":7.0,"enemies":"3 Louse","floor":5.0,"turns":3.0},{"damage":9.0,"enemies":"3 Sentries","floor":7.0,"turns":4.0},{"damage":8.0,"enemies":"Gremlin Nob","floor":10.0,"turns":3.0},{"damage":10.0,"enemies":"Exordium Thugs","floor":11.0,"turns":3.0},{"damage":12.0,"enemies":"Lagavulin","floor":12.0,"turns":6.0},{"damage":7.0,"enemies":"Blue Slaver","floor":13.0,"turns":2.0},{"damage":3,"enemies":"Gremlin Nob","floor":14,"turns":3},{"damage":14,"enemies":"Hexaghost","floor":16,"turns":8},{"damage":12,"enemies":"Spheric Guardian","floor":18,"turns":4},{"damage":18,"enemies":"Masked Bandits","floor":20,"turns":4},{"damage":2,"enemies":"2 Thieves","floor":21,"turns":3},{"damage":23,"enemies":"Snake Plant","floor":22,"turns":4},{"damage":11,"enemies":"Gremlin Leader","floor":23,"turns":1}],"seed_played":"8471309222902149516","potions_obtained":[{"floor":2.0,"key":"Fruit Juice"},{"floor":3.0,"key":"Fire Potion"},{"floor":4.0,"key":"EssenceOfSteel"},{"floor":7.0,"key":"Block Potion"},{"floor":11.0,"key":"DuplicationPotion"},{"floor":20,"key":"AttackPotion"}],"is_trial":false,"path_per_floor":["M","M","M","M","M","R","E","R","T","E","M","E","M","E","R","B",null,"M","$","?","M","M","E"],"character_chosen":"THE_SILENT","items_purchased":["Bag of Preparation","Noxious Fumes"],"campfire_rested":2,"item_purchase_floors":[19,19],"current_hp_per_floor":[59,64,55,48,41,41,32,53,53,45,35,23,16,15,36,22,60,50,50,32,30,9,0,0],"gold":241,"neow_bonus":"BOSS_RELIC","is_daily":false,"chose_seed":false,"campfire_upgraded":1,"win_rate":0.0,"timestamp":1613172102,"path_taken":["M","?","M","M","M","R","E","R","T","E","M","E","M","E","R","BOSS","M","$","?","M","M","E"],"items_purchased_type":["Relic","Card"],"build_version":"2020-12-22","purchased_purges":0,"victory":false,"max_hp_per_floor":[66,71,71,71,71,71,71,71,71,71,71,71,71,73,73,73,73,75,75,75,75,77,77,77],"relic_stats":{"Centennial Puzzle":[33],"Singing Bowl":6,"counters":[17,60],"Pandora\u0027s Box":["Finisher","Crippling Poison","Backflip","Concentrate","Outmaneuver","Corpse Explosion","After Image","Cloak And Dagger","Envenom","Bouncing Flask"],"Bag of Preparation":[8],"Ginger":[5],"Orichalcum":[36],"Cursed Key":0,"obtain_stats":[{"Centennial Puzzle":7,"Singing Bowl":9,"Pandora\u0027s Box":0,"Bag of Marbles":10,"Bag of Preparation":19,"Red Mask":20,"Ginger":12,"Orichalcum":14,"Cursed Key":17,"Ring of the Snake":0},{"Centennial Puzzle":6,"Singing Bowl":6,"Pandora\u0027s Box":0,"Bag of Marbles":7,"Bag of Preparation":13,"Red Mask":14,"Ginger":9,"Orichalcum":11,"Cursed Key":12,"Ring of the Snake":0},{"Centennial Puzzle":19,"Singing Bowl":19,"Pandora\u0027s Box":0,"Bag of Marbles":22,"Bag of Preparation":48,"Red Mask":52,"Ginger":31,"Orichalcum":36,"Cursed Key":44,"Ring of the Snake":0}]},"card_choices":[{"not_picked":["Dodge and Roll","Deflect"],"picked":"Bane","floor":1.0},{"not_picked":["Poisoned Stab","Tactician"],"picked":"Cloak And Dagger","floor":2.0},{"not_picked":["Expertise","Dagger Spray","Sucker Punch"],"picked":"SKIP","floor":3.0},{"not_picked":["Finisher","Night Terror"],"picked":"All Out Attack","floor":4.0},{"not_picked":["Calculated Gamble","Eviscerate"],"picked":"Underhanded Strike","floor":5.0},{"not_picked":["Slice","Deadly Poison"],"picked":"Blade Dance","floor":7.0},{"not_picked":["Escape Plan","Distraction"],"picked":"Riddle With Holes","floor":10.0},{"not_picked":["Bouncing Flask","Cloak And Dagger"],"picked":"Deadly Poison","floor":11.0},{"not_picked":["Reflex","Choke"],"picked":"Deadly Poison","floor":12.0},{"not_picked":["Slice","Deadly Poison"],"picked":"Dodge and Roll","floor":13.0},{"not_picked":["Dagger Throw","Sucker Punch","Slice"],"picked":"Singing Bowl","floor":14},{"not_picked":["Die Die Die","Unload"],"picked":"Burst","floor":16},{"not_picked":["Escape Plan","Acrobatics","Slice"],"picked":"Singing Bowl","floor":18},{"not_picked":["Tactician","Deflect"],"picked":"Well Laid Plans","floor":20},{"not_picked":["Well Laid Plans+1","Deadly Poison"],"picked":"Blur","floor":21},{"not_picked":["Outmaneuver","Tactician","Flying Knee+1"],"picked":"Singing Bowl","floor":22}],"player_experience":1102398,"relics_obtained":[{"floor":7.0,"key":"Centennial Puzzle"},{"floor":9.0,"key":"Singing Bowl"},{"floor":10.0,"key":"Bag of Marbles"},{"floor":12.0,"key":"Ginger"},{"floor":14,"key":"Orichalcum"},{"floor":20,"key":"Red Mask"}],"event_choices":[{"damage_healed":0,"gold_gain":0,"player_choice":"Fought Bandits","damage_taken":0,"max_hp_gain":0,"max_hp_loss":0,"event_name":"Masked Bandits","floor":20,"gold_loss":0}],"is_beta":false,"boss_relics":[{"not_picked":["SacredBark","Ectoplasm"],"picked":"Cursed Key"}],"items_purged_floors":[],"is_endless":false,"potions_floor_spawned":[2,3,4,7,11,20],"killed_by":"Gremlin Leader","ascension_level":20}}