{"host":"10hinapzqlh39548","time":1613125243,"event":{"mods":["BaseMod","Colored Powertips","Minty Spire (QoL Compilation)","MostiFishMod","Reliquary","Replay The Spire","Spire Arcade","StSLib"],"gold_per_floor":[118,130,142,67,80,80,114,114,141,141,172,183,183,215,215,286,286,300,300,29,39,39,39,68,14,82,111,36,67,67,83,83,162,162,174,190,65,83,98,129,129,156,156,156,156,170,67,101,101,101,101,101,47,72,72],"floor_reached":56,"language":"ENG","playtime":4014,"items_purged":["Strike_B","Delirium","Strike_B"],"score":2685,"play_id":"7153c413-9d01-45ce-b7e4-37a5ed162a4d","local_time":"20210212112043","is_ascension_mode":true,"campfire_choices":[{"data":"Capacitor","floor":6.0,"key":"SMITH"},{"data":"Coolheaded","floor":8.0,"key":"SMITH"},{"data":"Beam Cell","floor":10.0,"key":"SMITH"},{"data":"Blizzard","floor":13.0,"key":"SMITH"},{"data":"Genetic Algorithm","floor":15.0,"key":"SMITH"},{"data":"Mirror Shield","floor":23.0,"key":"SMITH"},{"data":"Chill","floor":30.0,"key":"SMITH"},{"data":"Redo","floor":32.0,"key":"SMITH"},{"floor":41,"key":"RECALL"},{"data":"Coolheaded","floor":44,"key":"SMITH"},{"data":"Coolheaded","floor":49,"key":"SMITH"},{"data":"Coolheaded","floor":52,"key":"SMITH"}],"circlet_count":0,"master_deck":["AscendersBane","Strike_B","Strike_B","Defend_B","Defend_B","Defend_B","Defend_B","Zap","Dualcast","Beam Cell+1","Capacitor+1","Glacier","Gash","Coolheaded+1","Genetic Algorithm+1","Blizzard+1","Mirror Shield+1","Redo+1","Gash","Chill+1","Gash","Coolheaded+1","FIFO Queue+1","All For One","Go for the Eyes+1","Reboot","Glacier","Coolheaded+1","White Noise","Coolheaded+1","Cold Snap","Coolheaded","Redo+1"],"relics":["DaveBox","Civilization","SlaversCollar","SynthV:TestCard","Happy Flower","Replay:Antivirus Software","reliquary:SilkGlove","xbg","Ring of Shattering","Oddly Smooth Stone","Dead Branch","White Beast Statue","reliquary:PurpleTingedLeaf","MealTicket","Prayer Wheel","FeatherPendant","Ornamental Fan","Garlic","Iron Hammer","Bag of Preparation","Du-Vu Doll"],"acts_visited":["Exordium","TheCity","TheBeyond","TheEnding"],"potions_floor_usage":[],"damage_taken":[{"damage":10.0,"enemies":"2 Louse","floor":1.0,"turns":3.0},{"damage":0.0,"enemies":"Jaw Worm","floor":2.0,"turns":2.0},{"damage":0.0,"enemies":"Cultist","floor":3.0,"turns":3.0},{"damage":3.0,"enemies":"Exordium Wildlife","floor":5.0,"turns":4.0},{"damage":0.0,"enemies":"3 Sentries","floor":7.0,"turns":7.0},{"damage":1.0,"enemies":"Gremlin Nob","floor":11.0,"turns":4.0},{"damage":0.0,"enemies":"Exordium Thugs","floor":12.0,"turns":4.0},{"damage":0.0,"enemies":"3 Sentries","floor":14.0,"turns":5.0},{"damage":21.0,"enemies":"Hexaghost","floor":16.0,"turns":7.0},{"damage":0.0,"enemies":"Shell Parasite","floor":18.0,"turns":5.0},{"damage":0.0,"enemies":"3 Byrds","floor":21.0,"turns":5.0},{"damage":0.0,"enemies":"Book of Stabbing","floor":24.0,"turns":5.0},{"damage":0.0,"enemies":"Gremlin Leader","floor":27.0,"turns":7.0},{"damage":0.0,"enemies":"Slavers","floor":29.0,"turns":4.0},{"damage":0.0,"enemies":"Cultist and Chosen","floor":31.0,"turns":5.0},{"damage":14.0,"enemies":"Collector","floor":33.0,"turns":9.0},{"damage":0,"enemies":"3 Darklings","floor":35,"turns":3},{"damage":0,"enemies":"3 Shapes","floor":36,"turns":4},{"damage":0,"enemies":"Writhing Mass","floor":38,"turns":4},{"damage":0,"enemies":"Sphere and 2 Shapes","floor":39,"turns":3},{"damage":0,"enemies":"Giant Head","floor":40,"turns":4},{"damage":0,"enemies":"R_Hoarder","floor":42,"turns":4},{"damage":0,"enemies":"Jaw Worm Horde","floor":46,"turns":4},{"damage":0,"enemies":"Reptomancer","floor":48,"turns":3},{"damage":0,"enemies":"Awakened One","floor":50,"turns":5},{"damage":0,"enemies":"Shield and Spear","floor":54,"turns":2},{"damage":15,"enemies":"The Heart","floor":55,"turns":5}],"seed_played":"3019726775802392948","potions_obtained":[{"floor":1.0,"key":"Energy Potion"},{"floor":5.0,"key":"Strength Potion"},{"floor":12.0,"key":"Explosive Potion"},{"floor":16.0,"key":"SkillPotion"},{"floor":27.0,"key":"ColorlessPotion"},{"floor":31.0,"key":"DuplicationPotion"},{"floor":38,"key":"FairyPotion"}],"is_trial":false,"path_per_floor":["M","M","M","$","M","R","E","R","T","R","E","M","R","E","R","B",null,"M","?","$","M","?","R","E","$","T","E","$","E","R","M","R","B",null,"M","M","$","M","M","E","R","E","T","R","?","M","$","E","R","B",null,"R","$","E","B",null],"character_chosen":"DEFECT","items_purchased":["Oddly Smooth Stone","Gash","Chill","White Noise","Coolheaded","Coolheaded"],"campfire_rested":0,"item_purchase_floors":[20,25,28,47,47,53],"current_hp_per_floor":[56,59,63,63,65,65,70,70,70,70,74,79,79,84,84,68,100,105,105,105,110,110,110,115,115,115,120,120,126,126,132,132,126,140,147,152,155,160,165,170,170,175,175,175,175,180,180,185,185,190,190,190,190,195,187],"gold":72,"neow_bonus":"BOSS_RELIC","is_daily":false,"chose_seed":false,"campfire_upgraded":11,"win_rate":0.0,"timestamp":1613125243,"path_taken":["M","M","M","$","M","R","E","R","T","R","E","M","R","E","R","BOSS","M","?","$","M","?","R","E","$","T","E","?","E","R","M","R","BOSS","M","?","$","M","M","E","R","E","T","R","?","M","?","E","R","BOSS","R","$","E","BOSS"],"items_purchased_type":["Relic","Card","Card","Card","Card","Card"],"build_version":"2020-12-22","purchased_purges":3,"victory":true,"max_hp_per_floor":[73,76,80,80,85,85,90,90,90,90,95,100,100,105,105,110,110,115,115,115,120,120,120,125,125,125,130,130,135,135,140,140,145,145,150,155,155,160,165,170,170,175,175,175,175,180,180,185,185,190,190,190,190,195,200],"card_choices":[{"not_picked":["Fusion","Panic Button"],"picked":"Beam Cell","floor":1.0},{"not_picked":["Beam Cell","Coolheaded","MostiFishMod:Impulse","ReplayTheSpireMod:Reroute Power"],"picked":"Capacitor","floor":2.0},{"not_picked":["Coolheaded","Compile Driver","MostiFishMod:ReprogramOld","MostiFishMod:IceShield"],"picked":"Glacier","floor":3.0},{"not_picked":["Leap","Sunder","Tempest","Turbo"],"picked":"Gash","floor":5.0},{"not_picked":["ReplayTheSpireMod:Calculation Training","Redo","Sweeping Beam","Fusion"],"picked":"Coolheaded","floor":7.0},{"not_picked":["ReplayTheSpireMod:Reroute Power","Ball Lightning","MostiFishMod:StarOceanB","Lockon"],"picked":"Genetic Algorithm","floor":11.0},{"not_picked":["ReplayTheSpireMod:Reroute Power","MostiFishMod:FluxCapactior","Fusion","Panic Button"],"picked":"Blizzard","floor":12.0},{"not_picked":["Conserve Battery","Sunder","Auto Shields","MostiFishMod:PushDownKick","Ball Lightning"],"picked":"SKIP","floor":14.0},{"not_picked":["ReplayRNGCard","MostiFishMod:TalkingToTheRain","Rainbow","Meteor Strike"],"picked":"Mirror Shield","floor":16.0},{"not_picked":["Stack+1","Doom and Gloom","Self Repair","Panic Button"],"picked":"Redo","floor":18.0},{"not_picked":["Time Bomb+1","Compile Driver","Sweeping Beam","Double Energy","MostiFishMod:FluxCapactior"],"picked":"SKIP","floor":21.0},{"not_picked":["Time Bomb+1","Compile Driver","Sweeping Beam","Double Energy","MostiFishMod:FluxCapactior"],"picked":"SKIP","floor":21.0},{"not_picked":["Conserve Battery","Heatsinks+1","MostiFishMod:DeathFromBelow","ReplayTheSpireMod:Reroute Power","Turbo"],"picked":"SKIP","floor":24.0},{"not_picked":["Barrage","Panic Button","Consume","Rebound+1","Ball Lightning"],"picked":"SKIP","floor":27.0},{"not_picked":["MostiFishMod:ActiveDefenseSystem","Compile Driver","Tempest","MostiFishMod:PushDownKick","Steam"],"picked":"SKIP","floor":29.0},{"not_picked":["Ball Lightning","Conserve Battery","Sweeping Beam","Genetic Algorithm","Rebound+1"],"picked":"SKIP","floor":31.0},{"not_picked":["Panic Button","Recycle","Rebound","Barrage","Crystallizer"],"picked":"SKIP","floor":31.0},{"not_picked":["Lockon","MostiFishMod:GatherIntelligence","MostiFishMod:LinkProtocol","Ball Lightning+1"],"picked":"Gash","floor":35},{"not_picked":["Gash","MostiFishMod:PushDownKick","ReplayTheSpireMod:System Scan","Stack","Redo"],"picked":"SKIP","floor":35},{"not_picked":["Stack","Time Bomb","Compile Driver+1","Undo"],"picked":"Coolheaded","floor":36},{"not_picked":["BasicCrystalCard+1","Electrodynamics","Turbo","Hologram","Beam Cell"],"picked":"SKIP","floor":36},{"not_picked":["Beam Cell","Defragment","Compile Driver+1","MostiFishMod:Impulse"],"picked":"FIFO Queue+1","floor":38},{"not_picked":["Stack+1","Barrage","Time Bomb","ReplaySort","Conserve Battery"],"picked":"SKIP","floor":38},{"not_picked":["Redo","Panic Button","Leap+1","MostiFishMod:PushDownKick"],"picked":"All For One","floor":39},{"not_picked":["Beam Cell","Steam","Sunder","Ball Lightning"],"picked":"Go for the Eyes+1","floor":39},{"not_picked":["Lockon","Gash+1","MostiFishMod:Impulse","Time Bomb","Melter+1"],"picked":"SKIP","floor":40},{"not_picked":["Conserve Battery+1","Skim+1","Fission","Aggregate"],"picked":"Reboot","floor":42},{"not_picked":["Stack","Streamline","Static Discharge","MostiFishMod:PushDownKick"],"picked":"Coolheaded","floor":46},{"not_picked":["MostiFishMod:IceShield","Capacitor","Barrage","Conserve Battery","Steam+1"],"picked":"SKIP","floor":46},{"not_picked":["Sunder","ReplaySolidLightProjector","Conserve Battery","ReplayTheSpireMod:Fabricate Wheel"],"picked":"Cold Snap","floor":48},{"not_picked":["ReplayTheSpireMod:Reroute Power","Buffer","MostiFishMod:IceShield","Defragment"],"picked":"Redo+1","floor":54}],"player_experience":1192393,"relics_obtained":[{"floor":1.0,"key":"SynthV:TestCard"},{"floor":7.0,"key":"Happy Flower"},{"floor":11.0,"key":"Replay:Antivirus Software"},{"floor":14.0,"key":"reliquary:SilkGlove"},{"floor":19.0,"key":"Ring of Shattering"},{"floor":24.0,"key":"Dead Branch"},{"floor":26.0,"key":"White Beast Statue"},{"floor":27.0,"key":"reliquary:PurpleTingedLeaf"},{"floor":29.0,"key":"MealTicket"},{"floor":40,"key":"Ornamental Fan"},{"floor":42,"key":"Garlic"},{"floor":43,"key":"Iron Hammer"},{"floor":48,"key":"Bag of Preparation"},{"floor":54,"key":"Du-Vu Doll"}],"event_choices":[{"damage_healed":0,"gold_gain":0,"player_choice":"Copied","damage_taken":0,"max_hp_gain":0,"max_hp_loss":0,"event_name":"Duplicator","floor":45,"gold_loss":0,"cards_obtained":["Glacier"]}],"is_beta":false,"boss_relics":[{"not_picked":["reliquary:Ember","RhineCircuit"],"picked":"xbg"},{"not_picked":["Pandora\u0027s Box","Kintsugi"],"picked":"FeatherPendant"}],"items_purged_floors":[4,20,37],"is_endless":false,"potions_floor_spawned":[1,5,12,16,18,27,29,31,33,35,36,38,39,40,42,46,48,54],"ascension_level":16}}