{"host":"fff5e1uasnm04x18","time":1613138152,"event":{"mods":["BaseMod","Highlight Path","Minty Spire (QoL Compilation)","StSLib"],"gold_per_floor":[109,122,49,49,49,49,66,66,114,147,165,165,165],"floor_reached":12,"language":"ENG","playtime":625,"items_purged":[],"score":90,"play_id":"87b44fe7-4017-4d23-8a2e-7c999f62a89f","local_time":"20210212085552","is_ascension_mode":true,"campfire_choices":[{"data":"ReachHeaven","floor":6.0,"key":"SMITH"},{"data":"WaveOfTheHand","floor":8.0,"key":"SMITH"}],"circlet_count":0,"master_deck":["Strike_P","Strike_P","Strike_P","Defend_P","Defend_P","Defend_P","Defend_P","Eruption","Vigilance","ReachHeaven+1","LikeWater+1","WaveOfTheHand+1","TalkToTheHand"],"relics":["PureWater","Regal Pillow","Vajra"],"acts_visited":["Exordium"],"potions_floor_usage":[],"damage_taken":[{"damage":2.0,"enemies":"2 Louse","floor":1.0,"turns":5.0},{"damage":2.0,"enemies":"Jaw Worm","floor":2.0,"turns":3.0},{"damage":0.0,"enemies":"Cultist","floor":7.0,"turns":3.0},{"damage":23.0,"enemies":"3 Sentries","floor":10.0,"turns":7.0},{"damage":12.0,"enemies":"Lots of Slimes","floor":11.0,"turns":5.0},{"damage":0,"enemies":"Lagavulin","floor":12,"turns":4}],"seed_played":"6786000716188707461","potions_obtained":[{"floor":7.0,"key":"Fire Potion"},{"floor":11,"key":"Block Potion"}],"is_trial":false,"path_per_floor":["M","M","$","?","?","R","M","R","T","E","M","E"],"character_chosen":"WATCHER","items_purchased":["LikeWater"],"campfire_rested":0,"item_purchase_floors":[3],"current_hp_per_floor":[77,75,75,75,68,68,68,68,68,45,33,33,33],"gold":165,"neow_bonus":"TEN_PERCENT_HP_BONUS","is_daily":false,"chose_seed":false,"campfire_upgraded":2,"win_rate":0.0,"timestamp":1613138152,"path_taken":["M","M","$","?","?","R","M","R","T","E","M","E"],"items_purchased_type":["Card"],"build_version":"2020-12-22","purchased_purges":0,"victory":false,"max_hp_per_floor":[79,79,79,79,79,79,79,79,79,79,79,79,79],"card_choices":[{"not_picked":["Evaluate","Tantrum"],"picked":"ReachHeaven","floor":1.0},{"not_picked":["Protect","ThirdEye","Wallop"],"picked":"SKIP","floor":2.0},{"not_picked":["FollowUp","Wireheading"],"picked":"WaveOfTheHand","floor":7.0},{"not_picked":["Protect","Sanctity","Wireheading"],"picked":"SKIP","floor":10.0},{"not_picked":["Halt","CutThroughFate"],"picked":"TalkToTheHand","floor":11}],"player_experience":593383,"relics_obtained":[{"floor":9.0,"key":"Regal Pillow"},{"floor":10.0,"key":"Vajra"}],"event_choices":[{"damage_healed":0.0,"max_hp_gain":0.0,"max_hp_loss":0.0,"gold_gain":0.0,"event_name":"Living Wall","player_choice":"Grow","floor":4.0,"gold_loss":0.0,"damage_taken":0.0,"cards_upgraded":["LikeWater"]},{"cards_removed":["Strike_P"],"damage_healed":0.0,"max_hp_gain":0.0,"max_hp_loss":0.0,"gold_gain":0.0,"event_name":"Golden Wing","player_choice":"Card Removal","floor":5.0,"gold_loss":0.0,"damage_taken":7.0}],"is_beta":false,"boss_relics":[],"items_purged_floors":[],"is_endless":false,"potions_floor_spawned":[7,11],"killed_by":"Lagavulin","ascension_level":3}}