{"host":"qrjxgo49ov8bsko8","time":1613153373,"event":{"mods":["BaseMod","Curses Come First","Downfall","Minty Spire (QoL Compilation)","Relic Stats","StSLib"],"gold_per_floor":[99,118,293,308,408,7,75,75,90,90,6,6,23,23,35,35,35,35],"floor_reached":16,"language":"ENG","playtime":774,"items_purged":[],"score":89,"play_id":"a05e836b-1405-4cbe-9d6d-0756c41959b2","local_time":"20210212130933","is_ascension_mode":false,"campfire_choices":[{"data":"champ:Defend","floor":1,"key":"SMITH"},{"data":"champ:Defend","floor":10,"key":"SMITH"},{"data":"champ:ShieldWall","floor":12,"key":"SMITH"}],"circlet_count":0,"master_deck":["champ:Strike","champ:Strike","champ:Strike","champ:Strike","champ:Defend","champ:Defend","champ:Defend+1","champ:Defend+1","champ:Execute","champ:Taunt","champ:TornadoPunch","champ:BerserkersShout","champ:BringItOn","champ:EnGarde","champ:TornadoPunch","champ:ShieldWall+1","champ:MurderStrike","champ:DefensiveShout"],"relics":["champ:ChampionCrown","Vajra","InkBottle","Bottled Flame","Spirit Poop"],"acts_visited":["Exordium"],"potions_floor_usage":[],"damage_taken":[{"damage":20,"enemies":"Cultist","floor":2,"turns":3},{"damage":15,"enemies":"2 Louse","floor":4,"turns":3},{"damage":20,"enemies":"downfall:FleeingMerchant","floor":6,"turns":4},{"damage":21,"enemies":"Jaw Worm","floor":9,"turns":4},{"damage":0,"enemies":"downfall:FleeingMerchant","floor":11,"turns":4},{"damage":15,"enemies":"2 Fungi Beasts","floor":13,"turns":4},{"damage":3,"enemies":"Lots of Slimes","floor":15,"turns":2},{"damage":61,"enemies":"IC_STATUS_ARCHETYPE","floor":16,"turns":8}],"seed_played":"-1474763498556974017","potions_obtained":[{"floor":2,"key":"BlessingOfTheForge"},{"floor":8,"key":"bronze:BurnAndBuffPotion"},{"floor":8,"key":"bronze:BurnAndBuffPotion"}],"is_trial":false,"path_per_floor":["R","M","?","M","?","$","T","?","M","R","$","R","M","?","M","B"],"character_chosen":"THE_CHAMP","items_purchased":["Vajra","InkBottle","champ:ShieldWall"],"campfire_rested":0,"item_purchase_floors":[6,6,11],"current_hp_per_floor":[99,99,99,94,94,89,89,89,78,78,78,78,63,63,60,0,0,0],"gold":35,"neow_bonus":"TEN_PERCENT_HP_BONUS","is_daily":false,"chose_seed":false,"campfire_upgraded":3,"win_rate":0.0,"timestamp":1613153373,"path_taken":["R","M","?","M","?","?","T","?","?","R","?","R","M","?","M","BOSS"],"items_purchased_type":["Relic","Relic","Card"],"build_version":"2020-12-22","purchased_purges":0,"victory":false,"max_hp_per_floor":[99,99,99,99,99,99,99,99,99,99,99,99,99,99,99,99,99,99],"relic_stats":{"counters":[8,32],"obtain_stats":[{"Bottled Flame":7,"Vajra":6,"Spirit Poop":14,"champ:ChampionCrown":0,"InkBottle":6},{"Bottled Flame":3,"Vajra":3,"Spirit Poop":6,"champ:ChampionCrown":0,"InkBottle":3},{"Bottled Flame":10,"Vajra":10,"Spirit Poop":22,"champ:ChampionCrown":0,"InkBottle":10}],"InkBottle":[5]},"card_choices":[{"not_picked":["champ:Circumvent","champ:Lariat"],"picked":"champ:TornadoPunch","floor":2},{"not_picked":["champ:HeartStrike","champ:ArenaPreparation"],"picked":"champ:BerserkersShout","floor":4},{"not_picked":["champ:PerfectedStrike","champ:BerserkersShout"],"picked":"champ:BringItOn","floor":6},{"not_picked":["champ:FanOfKnives","champ:Backstep"],"picked":"champ:EnGarde","floor":9},{"not_picked":["champ:FlashCut","champ:ShieldSlam"],"picked":"champ:TornadoPunch","floor":11},{"not_picked":["champ:FanOfKnives","champ:ShieldSlam"],"picked":"champ:MurderStrike","floor":13},{"not_picked":["champ:CalledShot","champ:Backstep"],"picked":"champ:DefensiveShout","floor":15}],"player_experience":503147,"relics_obtained":[{"floor":7,"key":"Bottled Flame"}],"event_choices":[{"damage_healed":0,"gold_gain":0,"player_choice":"Got Potions","damage_taken":0,"max_hp_gain":0,"max_hp_loss":0,"event_name":"Lab","floor":8,"gold_loss":0},{"cards_removed":["Doubt"],"damage_healed":0,"gold_gain":0,"player_choice":"Offered Curse","damage_taken":0,"relics_obtained":["Spirit Poop"],"max_hp_gain":0,"max_hp_loss":0,"event_name":"Bonfire Elementals","floor":14,"gold_loss":0}],"is_beta":false,"boss_relics":[],"items_purged_floors":[],"is_endless":false,"potions_floor_spawned":[2,9],"killed_by":"IC_STATUS_ARCHETYPE","ascension_level":0}}