{"host":"91blwi3hgehj6ch9","time":1613137598,"event":{"mods":["2.2 Compatiblity","AchievementEnabler","BaseMod","Colored Map","DeckTracker","Keyboard Shortcuts","Minty Spire (QoL Compilation)","Permanent Neow","Quick Restart","StSLib","SuperFastMode","everything is the same but u backflip on backflip"],"gold_per_floor":[115,131,56,68,68,93,93,93,93,103,116,116,144,155,155,228,228,248,264,80,94,113,113,126,126,126],"floor_reached":25,"language":"KOR","playtime":1064,"items_purged":["Strike_G","Catalyst"],"score":401,"play_id":"81691af8-8302-4c2a-99cc-ecc4f9dde3e5","local_time":"20210212224638","is_ascension_mode":true,"campfire_choices":[{"data":"Leg Sweep","floor":7.0,"key":"SMITH"},{"data":"Eviscerate","floor":12.0,"key":"SMITH"},{"data":"Acrobatics","floor":15.0,"key":"SMITH"},{"floor":23.0,"key":"REST"}],"circlet_count":0,"master_deck":["AscendersBane","Survivor","Neutralize","Dash","Dagger Throw","Choke","Leg Sweep+1","Blur","Eviscerate+1","Backflip","Acrobatics+1","A Thousand Cuts","Crippling Poison","Escape Plan","A Thousand Cuts","Cloak And Dagger","Doppelganger","Flechettes","Reflex","Dagger Spray","Choke","Backflip","Tactician","Acrobatics","Bouncing Flask"],"relics":["Snecko Eye","Darkstone Periapt","CultistMask","HornCleat","Lantern","Pandora\u0027s Box"],"acts_visited":["Exordium","TheCity"],"potions_floor_usage":[],"damage_taken":[{"damage":5.0,"enemies":"Jaw Worm","floor":1.0,"turns":7.0},{"damage":6.0,"enemies":"Cultist","floor":2.0,"turns":5.0},{"damage":0.0,"enemies":"2 Louse","floor":4.0,"turns":2.0},{"damage":7.0,"enemies":"3 Sentries","floor":6.0,"turns":7.0},{"damage":0.0,"enemies":"Exordium Thugs","floor":10.0,"turns":3.0},{"damage":0.0,"enemies":"Red Slaver","floor":11.0,"turns":3.0},{"damage":7.0,"enemies":"Lagavulin","floor":13.0,"turns":5.0},{"damage":0.0,"enemies":"Lots of Slimes","floor":14.0,"turns":5.0},{"damage":11.0,"enemies":"The Guardian","floor":16.0,"turns":14.0},{"damage":0.0,"enemies":"Shell Parasite","floor":18.0,"turns":4.0},{"damage":14.0,"enemies":"3 Byrds","floor":19.0,"turns":3.0},{"damage":10.0,"enemies":"Centurion and Healer","floor":21.0,"turns":4.0},{"damage":13.0,"enemies":"Cultist and Chosen","floor":22.0,"turns":6.0},{"damage":18,"enemies":"Snake Plant","floor":24,"turns":5},{"damage":21,"enemies":"Book of Stabbing","floor":25,"turns":4}],"seed_played":"-1048129643121091642","potions_obtained":[{"floor":1.0,"key":"Poison Potion"},{"floor":2.0,"key":"CunningPotion"},{"floor":22.0,"key":"Dexterity Potion"}],"is_trial":false,"path_per_floor":["M","M","$","M","$","E","R","?","T","M","M","R","E","M","R","B",null,"M","M","$","M","M","R","M","E"],"character_chosen":"THE_SILENT","items_purchased":["Tactician"],"campfire_rested":1,"item_purchase_floors":[20],"current_hp_per_floor":[54,48,48,48,48,41,41,41,41,41,41,41,34,34,34,23,55,55,41,41,31,18,37,19,0,0],"gold":126,"neow_bonus":"BOSS_RELIC","is_daily":false,"chose_seed":false,"campfire_upgraded":3,"win_rate":0.0,"timestamp":1613137598,"path_taken":["M","M","$","M","$","E","R","?","T","?","M","R","E","M","R","BOSS","M","M","$","M","M","R","M","E"],"items_purchased_type":["Card"],"build_version":"2020-12-22","purchased_purges":2,"victory":false,"max_hp_per_floor":[66,66,66,66,66,66,66,66,66,66,66,66,66,66,66,66,66,66,66,66,66,66,66,66,66,66],"card_choices":[{"not_picked":["Heel Hook","PiercingWail"],"picked":"Dash","floor":1.0},{"not_picked":["Deadly Poison","Deflect"],"picked":"Dagger Throw","floor":2.0},{"not_picked":["Bouncing Flask","Dagger Spray"],"picked":"Choke","floor":4.0},{"not_picked":["Flying Knee","Finisher"],"picked":"Leg Sweep","floor":6.0},{"not_picked":["Deflect","Setup"],"picked":"Blur","floor":10.0},{"not_picked":["Concentrate","Terror"],"picked":"Eviscerate","floor":11.0},{"not_picked":["Deadly Poison","Distraction"],"picked":"Backflip","floor":13.0},{"not_picked":["Quick Slash","Distraction"],"picked":"Acrobatics","floor":14.0},{"not_picked":["Phantasmal Killer","Venomology"],"picked":"A Thousand Cuts","floor":16.0},{"not_picked":["Dagger Throw","Sucker Punch"],"picked":"Choke","floor":18.0},{"not_picked":["Terror","Sucker Punch"],"picked":"Backflip","floor":19.0},{"not_picked":["Cloak And Dagger","Phantasmal Killer"],"picked":"Acrobatics","floor":21.0},{"not_picked":["Flying Knee+1","Poisoned Stab","Caltrops"],"picked":"SKIP","floor":22.0},{"not_picked":["Bane","Blur+1"],"picked":"Bouncing Flask","floor":24}],"player_experience":229145,"relics_obtained":[{"floor":6.0,"key":"Darkstone Periapt"},{"floor":9.0,"key":"HornCleat"},{"floor":13.0,"key":"Lantern"}],"event_choices":[{"damage_healed":0.0,"max_hp_gain":0.0,"max_hp_loss":0.0,"gold_gain":0.0,"event_name":"FaceTrader","player_choice":"Trade","floor":8.0,"gold_loss":0.0,"damage_taken":0.0,"relics_obtained":["CultistMask"]}],"is_beta":false,"boss_relics":[{"not_picked":["WristBlade","Fusion Hammer"],"picked":"Pandora\u0027s Box"}],"items_purged_floors":[3,20],"is_endless":false,"potions_floor_spawned":[1,2,4,22],"killed_by":"Book of Stabbing","ascension_level":17}}