{"host":"3z4ju2qnfrhpg6py","time":1613116697,"event":{"mods":["Act Like it!","Arknights","BaseMod","Colored Powertips","Minty Spire (QoL Compilation)","Spicy Shops","StSLib","UnlockEverythingMod","Wide Potions","noobMod","¡¾ÒÅÎï¿¨ÅÆ¡¿REMEMod"],"gold_per_floor":[119,135,155,173,173,212,287,327,351,374,407,427,471,490,490,615,678,692,692,712,755,22,55,55,55,78,116,132,145,188,211,211,342,342,366,386,386,405,627,663,663,702,702,721,744,744,433,477,477,477,477,477,119,159,159],"floor_reached":56,"language":"ZHS","playtime":2151,"items_purged":["ats:Strike V","ats:Defend","Injury"],"score":2020,"play_id":"a97717f9-342b-48c1-be60-be5cb8b7c12d","local_time":"20210212155817","is_ascension_mode":true,"campfire_choices":[{"data":"ats:Emotion Absorption","floor":15,"key":"SMITH"},{"data":"ats:Thorns","floor":24,"key":"SMITH"},{"floor":32,"key":"RECALL"},{"data":"ats:Echo Reverb","floor":46,"key":"SMITH"},{"data":"ats:Hook Shot","floor":49,"key":"SMITH"},{"data":"ats:Ambush","floor":52,"key":"SMITH"}],"circlet_count":0,"master_deck":["ats:Strike C","ats:Strike G","ats:Strike S","ats:Armor Crushing Shot","ats:Defend","ats:Defend+1","ats:Defend","ats:Emotion Absorption+1","ats:Ambush+1","ats:Support Order","ats:Absolute Focus","ats:Explosion Area Strengthen","ats:Explosion Area Strengthen","ats:Cat Scratch","ats:Red Shift","ats:Flexible Camouflage","ats:Thorns+1","ats:Durian","ats:Poison Spread","ats:Closed Bolt Burst Fire+1","ats:Poison Spread","ats:Sashimi Platter+1","ats:Flexible Camouflage+1","Apotheosis","ats:Consecutive Shot Auto","ats:Absolute Focus+1","ats:Apocalypse+1","ats:Consecutive Shot Auto","ats:Echo Reverb+1","ats:Apocalypse+1","ats:Apocalypse+1","Madness","Madness","ats:Song Of Battle","Flash of Steel","Finesse","Swift Strike","ats:Phantom+1","ats:Hook Shot+1","ats:Apocalypse+1","ats:Overload","ats:Demon Strength","ats:Durian"],"relics":["ats:Sanity","REME_ComplimentaryCards","ice","Incense Burner","Golden Idol","ats:Originium","Blood Vial","Centennial Puzzle","Boot","Toy Ornithopter","Tiny House","Red Mask","ats:Spiritual Recovery","Bronze Scales","REME_PuzzleBoxRelic","Ancient Tea Set","SacredBark","REME_HandOfSuture","Omamori","CaptainsWheel","Bag of Preparation","HornCleat","Letter Opener","Bag of Marbles"],"acts_visited":["Exordium","TheCity","TheBeyond","TheEnding"],"potions_floor_usage":[55,55,55,55,55,55],"damage_taken":[{"damage":16,"enemies":"ats:Genji","floor":1,"turns":4},{"damage":0,"enemies":"2 Louse","floor":2,"turns":3},{"damage":4,"enemies":"Small Slimes","floor":3,"turns":4},{"damage":20,"enemies":"Looter","floor":4,"turns":4},{"damage":67,"enemies":"3 Sentries","floor":6,"turns":17},{"damage":0,"enemies":"Lagavulin","floor":8,"turns":5},{"damage":0,"enemies":"Large Slime","floor":10,"turns":2},{"damage":1,"enemies":"3 Sentries","floor":11,"turns":2},{"damage":0,"enemies":"Exordium Wildlife","floor":12,"turns":3},{"damage":0,"enemies":"Gremlin Nob","floor":13,"turns":2},{"damage":0,"enemies":"Exordium Thugs","floor":14,"turns":2},{"damage":0,"enemies":"Slime Boss","floor":16,"turns":4},{"damage":5,"enemies":"3 Byrds","floor":18,"turns":2},{"damage":9,"enemies":"Shell Parasite","floor":20,"turns":2},{"damage":6,"enemies":"Masked Bandits","floor":21,"turns":2},{"damage":5,"enemies":"REME_1_Revenger","floor":23,"turns":3},{"damage":6,"enemies":"Book of Stabbing","floor":27,"turns":3},{"damage":0,"enemies":"3 Cultists","floor":28,"turns":2},{"damage":0,"enemies":"Cultist and Chosen","floor":29,"turns":2},{"damage":5,"enemies":"REME_1_Revenger","floor":30,"turns":2},{"damage":3,"enemies":"Chosen and Byrds","floor":31,"turns":3},{"damage":5,"enemies":"Automaton","floor":33,"turns":2},{"damage":16,"enemies":"3 Shapes","floor":35,"turns":2},{"damage":0,"enemies":"Orb Walker","floor":36,"turns":2},{"damage":0,"enemies":"Transient","floor":38,"turns":6},{"damage":5,"enemies":"Giant Head","floor":40,"turns":3},{"damage":0,"enemies":"Nemesis","floor":42,"turns":1},{"damage":0,"enemies":"3 Darklings","floor":44,"turns":3},{"damage":17,"enemies":"4 Shapes","floor":45,"turns":3},{"damage":0,"enemies":"Giant Head","floor":48,"turns":3},{"damage":25,"enemies":"Awakened One","floor":50,"turns":5},{"damage":0,"enemies":"Shield and Spear","floor":54,"turns":4},{"damage":17,"enemies":"The Heart","floor":55,"turns":3}],"seed_played":"-1243294795410719151","potions_obtained":[{"floor":3,"key":"AttackPotion"},{"floor":4,"key":"FearPotion"},{"floor":8,"key":"Block Potion"},{"floor":45,"key":"EntropicBrew"}],"is_trial":false,"path_per_floor":["M","M","M","M","?","E","?","E","T","M","E","M","E","M","R","B",null,"M","?","M","?","$","E","R","?","T","E","M","M","E","M","R","B",null,"M","M","?","M","?","E","?","E","T","M","M","R","$","E","R","B",null,"R","$","E","B",null],"character_chosen":"DOCTOR_CLASS","items_purchased":["Apotheosis","Bag of Preparation","ats:Hook Shot","ats:Overload","ats:Demon Strength","Letter Opener"],"campfire_rested":0,"item_purchase_floors":[22,47,47,53,53,53],"current_hp_per_floor":[35,35,31,11,11,15,4,84,84,84,84,86,87,87,87,87,92,87,87,80,76,76,73,73,73,73,69,88,93,90,89,89,110,110,94,102,88,119,119,119,109,111,111,113,122,122,122,124,124,136,137,137,137,140,170],"gold":159,"neow_bonus":"ONE_RARE_RELIC","is_daily":false,"chose_seed":false,"campfire_upgraded":5,"win_rate":0.0,"timestamp":1613116697,"path_taken":["M","M","M","M","?","E","?","E","T","M","E","M","E","M","R","BOSS","M","?","M","?","$","E","R","?","T","E","M","M","E","M","R","BOSS","M","M","?","M","?","E","?","E","T","?","M","R","?","E","R","BOSS","R","$","E","BOSS"],"items_purchased_type":["Card","Relic","Card","Card","Card","Relic"],"build_version":"2020-12-22","purchased_purges":3,"victory":true,"max_hp_per_floor":[72,72,72,72,72,83,83,84,84,85,86,87,87,87,87,87,92,92,92,94,96,96,97,97,97,97,100,100,102,102,110,110,110,110,114,115,115,119,119,120,120,120,120,122,127,127,127,129,129,137,137,137,137,144,183],"card_choices":[{"not_picked":["ats:Leaping Hammer","ats:Apocalypse"],"picked":"ats:Support Order","floor":1},{"not_picked":["ats:Literary Storm","ats:Hammer On"],"picked":"ats:Absolute Focus","floor":2},{"not_picked":["ats:Phantom","ats:Guard Mode","ats:Closed Bolt Burst Fire"],"picked":"SKIP","floor":3},{"not_picked":["ats:Healing Strengthening","ats:Ignite","ats:Assault Order"],"picked":"SKIP","floor":4},{"not_picked":["ats:Very Hot Blade","ats:Rat Pack"],"picked":"ats:Explosion Area Strengthen","floor":6},{"not_picked":["ats:Guard Mode","ats:Serious Mode"],"picked":"ats:Explosion Area Strengthen","floor":8},{"not_picked":["ats:Spore Proliferation","ats:Automatic Cover"],"picked":"ats:Cat Scratch","floor":10},{"not_picked":["ats:Composite Medical Shells","ats:Soul Absorption"],"picked":"ats:Red Shift","floor":11},{"not_picked":["ats:Explosion Area Strengthen","ats:Shell Defense"],"picked":"ats:Flexible Camouflage","floor":12},{"not_picked":["ats:Composite Medical Shells","ats:Assault Order"],"picked":"ats:Thorns","floor":13},{"not_picked":["ats:Thermite Blade","ats:Leaping Hammer","ats:Literary Storm"],"picked":"SKIP","floor":14},{"not_picked":["ats:Rat Pack","ats:Fractured Body"],"picked":"ats:Durian","floor":16},{"not_picked":["ats:Powerful Strike","ats:Beaten Up"],"picked":"ats:Poison Spread","floor":17},{"not_picked":["ats:Magnetic Hammer","ats:Blood Oath"],"picked":"ats:Closed Bolt Burst Fire+1","floor":18},{"not_picked":["ats:Absolute Focus","ats:Serious Mode"],"picked":"ats:Sashimi Platter+1","floor":20},{"not_picked":["ats:Closed Bolt Burst Fire","ats:Guardian Obelisk"],"picked":"ats:Flexible Camouflage+1","floor":21},{"not_picked":["ats:Song Of Battle","ats:Flexible Camouflage+1"],"picked":"ats:Consecutive Shot Auto","floor":23},{"not_picked":["ats:Cat Scratch","ats:Guardian Obelisk","ats:Steam Pump"],"picked":"SKIP","floor":27},{"not_picked":["ats:Disruption Kick","ats:Hook Shot"],"picked":"ats:Absolute Focus+1","floor":28},{"not_picked":["ats:Assault Order","ats:Collapsing Strike"],"picked":"ats:Apocalypse+1","floor":29},{"not_picked":["ats:Leaping Hammer","ats:Closed Bolt Burst Fire"],"picked":"ats:Consecutive Shot Auto","floor":30},{"not_picked":["ats:Apocalypse","ats:Hammer On","ats:Shell Defense"],"picked":"SKIP","floor":31},{"not_picked":["ats:Wolf Pack","ats:Rat Pack"],"picked":"ats:Echo Reverb","floor":33},{"not_picked":["ats:Soul Absorption","ats:Blood Oath"],"picked":"ats:Apocalypse+1","floor":35},{"not_picked":["ats:Flexible Camouflage","ats:Charging Defense"],"picked":"ats:Apocalypse+1","floor":36},{"not_picked":["ats:Guard Mode+1","ats:Beaten Up+1","ats:Blood Oath"],"picked":"SKIP","floor":38},{"not_picked":["ats:Mental Burst","ats:Shell Defense"],"picked":"ats:Song Of Battle","floor":40},{"not_picked":["Enlightenment","REME_MagicPocketWatch"],"picked":"Flash of Steel","floor":41},{"not_picked":["Purity","Secret Technique"],"picked":"Finesse","floor":41},{"not_picked":["PanicButton","Apotheosis"],"picked":"Swift Strike","floor":41},{"not_picked":["ats:Revitalization+1","ats:Ignite+1"],"picked":"ats:Phantom+1","floor":42},{"not_picked":["ats:Assault Order","ats:Very Hot Blade+1","ats:Hammer On+1"],"picked":"SKIP","floor":44},{"not_picked":["ats:Charging Defense","ats:Healing Drone+1","ats:Apocalypse+1"],"picked":"SKIP","floor":45},{"not_picked":["ats:Flexible Camouflage","ats:Leaping Hammer"],"picked":"ats:Apocalypse+1","floor":48},{"not_picked":["ats:Beaten Up","ats:Revitalization"],"picked":"ats:Durian","floor":54}],"player_experience":15860,"relics_obtained":[{"floor":6,"key":"ats:Originium"},{"floor":6,"key":"Blood Vial"},{"floor":8,"key":"ats:Originium"},{"floor":8,"key":"Centennial Puzzle"},{"floor":11,"key":"ats:Originium"},{"floor":11,"key":"Boot"},{"floor":13,"key":"ats:Originium"},{"floor":13,"key":"Toy Ornithopter"},{"floor":21,"key":"Red Mask"},{"floor":23,"key":"ats:Spiritual Recovery"},{"floor":26,"key":"Bronze Scales"},{"floor":27,"key":"REME_PuzzleBoxRelic"},{"floor":30,"key":"Ancient Tea Set"},{"floor":40,"key":"REME_HandOfSuture"},{"floor":42,"key":"Omamori"},{"floor":43,"key":"CaptainsWheel"},{"floor":48,"key":"HornCleat"},{"floor":54,"key":"Bag of Marbles"}],"event_choices":[{"damage_healed":0,"gold_gain":0,"player_choice":"Take Wound","damage_taken":0,"relics_obtained":["Golden Idol"],"max_hp_gain":0,"max_hp_loss":0,"event_name":"Golden Idol","floor":5,"gold_loss":0,"cards_obtained":["Injury"]},{"damage_healed":0,"gold_gain":75,"player_choice":"Gather Gold","damage_taken":11,"max_hp_gain":0,"max_hp_loss":0,"event_name":"World of Goop","floor":7,"gold_loss":0},{"damage_healed":0,"gold_gain":0,"player_choice":"Read","damage_taken":0,"max_hp_gain":0,"max_hp_loss":0,"event_name":"The Library","floor":19,"gold_loss":0,"cards_obtained":["ats:Poison Spread"]},{"damage_healed":0,"gold_gain":0,"player_choice":"Fought Bandits","damage_taken":0,"max_hp_gain":0,"max_hp_loss":0,"event_name":"Masked Bandits","floor":21,"gold_loss":0},{"damage_healed":0,"gold_gain":0,"player_choice":"Ignored","damage_taken":0,"max_hp_gain":0,"max_hp_loss":0,"event_name":"Vampires","floor":25,"gold_loss":0},{"damage_healed":0,"gold_gain":0,"player_choice":"Embrace Madness","damage_taken":14,"max_hp_gain":0,"max_hp_loss":0,"event_name":"Winding Halls","floor":37,"gold_loss":0,"cards_obtained":["Madness","Madness"]},{"damage_healed":0,"gold_gain":222,"player_choice":"Wore Mask","damage_taken":0,"max_hp_gain":0,"max_hp_loss":0,"event_name":"Tomb of Lord Red Mask","floor":39,"gold_loss":0},{"damage_healed":0,"gold_gain":0,"player_choice":"Memory 3","damage_taken":10,"max_hp_gain":0,"max_hp_loss":0,"event_name":"SensoryStone","floor":41,"gold_loss":0}],"is_beta":false,"boss_relics":[{"not_picked":["Empty Cage","REME_ChargedStone"],"picked":"Tiny House"},{"not_picked":["REME_DuelDisc","Runic Pyramid"],"picked":"SacredBark"}],"items_purged_floors":[22,22,47],"is_endless":false,"potions_floor_spawned":[3,4,8,11,16,20,21,23,27,38,40,44,45],"ascension_level":4}}