{"host":"3zmssa4s99zhxek5","time":1613115577,"event":{"mods":["AchievementEnabler","BaseMod","Minty Spire (QoL Compilation)","Permanent Neow","Relic Stats"],"gold_per_floor":[117,117,135,135,154,195,195,231,231,271,271,286,307,307,307,402,402,416,416,30,43,119,119,160,160,184,218,234,234,254,274,274,368,368,382,432,460,478,43,43,90,0,0,44,77,77,77,30,30,30,30,30],"floor_reached":51,"language":"KOR","playtime":6938,"items_purged":["Strike_P"],"score":1472,"play_id":"8e60354b-4802-41b7-9002-f164e127c869","local_time":"20210212163937","is_ascension_mode":true,"campfire_choices":[{"data":"Eruption","floor":7.0,"key":"SMITH"},{"data":"FlurryOfBlows","floor":15.0,"key":"SMITH"},{"data":"Vault","floor":23.0,"key":"SMITH"},{"data":"Tantrum","floor":25.0,"key":"SMITH"},{"data":"TalkToTheHand","floor":29.0,"key":"SMITH"},{"data":"ThirdEye","floor":32.0,"key":"SMITH"},{"data":"Vault","floor":40,"key":"SMITH"},{"floor":49,"key":"REST"}],"circlet_count":0,"master_deck":["AscendersBane","Strike_P+1","Defend_P+1","Defend_P+1","Eruption+1","Vigilance+1","CarveReality+1","Protect+1","ClearTheMind+1","FearNoEvil+1","Protect+1","Conclude+1","WaveOfTheHand+1","FlurryOfBlows+1","LessonLearned+1","BowlingBash+1","Vault+1","Tantrum+1","FearNoEvil+1","CutThroughFate+1","TalkToTheHand+1","ThirdEye+1","Vault+1","CurseOfTheBell","WindmillStrike+1","Madness+1","Madness+1","Vault","Consecrate+1","Consecrate+1","JustLucky"],"relics":["Astrolabe","Golden Idol","Eternal Feather","Bird Faced Urn","Torii","Darkstone Periapt","War Paint","Philosopher\u0027s Stone","Nilry\u0027s Codex","Singing Bowl","White Beast Statue","Blood Vial","Juzu Bracelet","StrikeDummy","Calling Bell","CeramicFish","Mercury Hourglass","Unceasing Top","Kunai","HandDrill","Question Card","Red Mask","Ice Cream"],"acts_visited":["Exordium","TheCity","TheBeyond"],"potions_floor_usage":[44,50,51],"damage_taken":[{"damage":0.0,"enemies":"2 Louse","floor":1.0,"turns":2.0},{"damage":0.0,"enemies":"Small Slimes","floor":3.0,"turns":2.0},{"damage":0.0,"enemies":"Jaw Worm","floor":5.0,"turns":3.0},{"damage":8.0,"enemies":"Lagavulin","floor":6.0,"turns":6.0},{"damage":16.0,"enemies":"Gremlin Nob","floor":8.0,"turns":3.0},{"damage":1.0,"enemies":"Lagavulin","floor":10.0,"turns":5.0},{"damage":1.0,"enemies":"Exordium Wildlife","floor":12.0,"turns":4.0},{"damage":1.0,"enemies":"Gremlin Gang","floor":13.0,"turns":2.0},{"damage":30.0,"enemies":"The Guardian","floor":16.0,"turns":17.0},{"damage":0.0,"enemies":"Spheric Guardian","floor":18.0,"turns":4.0},{"damage":1.0,"enemies":"Chosen","floor":21.0,"turns":5.0},{"damage":0.0,"enemies":"Gremlin Leader","floor":24.0,"turns":4.0},{"damage":7.0,"enemies":"Slavers","floor":27.0,"turns":5.0},{"damage":15.0,"enemies":"Shelled Parasite and Fungi","floor":28.0,"turns":4.0},{"damage":11.0,"enemies":"Snecko","floor":30.0,"turns":5.0},{"damage":1.0,"enemies":"Centurion and Healer","floor":31.0,"turns":6.0},{"damage":33,"enemies":"Collector","floor":33,"turns":12},{"damage":11,"enemies":"3 Shapes","floor":35,"turns":4},{"damage":0,"enemies":"3 Darklings","floor":37,"turns":3},{"damage":24,"enemies":"Reptomancer","floor":41,"turns":6},{"damage":17,"enemies":"Nemesis","floor":44,"turns":8},{"damage":0,"enemies":"Jaw Worm Horde","floor":45,"turns":3},{"damage":88,"enemies":"Time Eater","floor":50,"turns":13},{"damage":14,"enemies":"Donu and Deca","floor":51,"turns":2}],"seed_played":"-7640814167409981516","potions_obtained":[{"floor":1.0,"key":"Energy Potion"},{"floor":3.0,"key":"FearPotion"},{"floor":13.0,"key":"Fruit Juice"},{"floor":18.0,"key":"LiquidBronze"},{"floor":27.0,"key":"SkillPotion"},{"floor":28.0,"key":"LiquidMemories"},{"floor":31.0,"key":"AttackPotion"},{"floor":44,"key":"GamblersBrew"},{"floor":45,"key":"Regen Potion"}],"is_trial":false,"path_per_floor":["M","?","M","?","M","E","R","E","T","E","?","M","M","?","R","B",null,"M","?","$","M","T","R","E","R","T","E","M","R","M","M","R","B",null,"M","?","M","?","$","R","E","?","T","E","M","?","?","$","R","B","B"],"character_chosen":"WATCHER","items_purchased":["FearNoEvil","Singing Bowl","Kunai","HandDrill","JustLucky"],"campfire_rested":1,"item_purchase_floors":[20,20,39,39,48],"current_hp_per_floor":[61,61,61,66,66,58,67,51,51,50,50,49,48,43,52,22,56,61,40,40,39,39,51,51,63,63,58,47,59,52,55,67,36,72,67,67,69,54,54,69,47,47,47,32,34,34,34,34,77,7,0,0],"gold":30,"neow_bonus":"BOSS_RELIC","is_daily":false,"chose_seed":false,"campfire_upgraded":7,"win_rate":0.0,"timestamp":1613115577,"path_taken":["M","?","M","?","M","E","R","E","T","E","?","M","M","?","R","BOSS","M","?","$","M","?","R","E","R","T","E","M","R","M","M","R","BOSS","M","?","M","?","$","R","E","?","T","E","M","?","?","?","R","BOSS","BOSS"],"items_purchased_type":["Card","Relic","Relic","Relic","Card"],"build_version":"2020-12-22","purchased_purges":1,"victory":false,"max_hp_per_floor":[68,62,62,67,67,67,67,67,67,67,67,67,67,67,67,67,67,72,72,72,72,72,72,72,72,72,72,74,74,76,76,76,76,82,84,84,84,84,84,84,84,84,84,84,84,84,84,84,84,84,84,84],"relic_stats":{"Darkstone Periapt":6,"Torii":23,"Singing Bowl":6,"counters":[24,128],"Golden Idol":154,"Astrolabe":["CarveReality","Protect","ClearTheMind"],"CeramicFish":63,"Eternal Feather":99,"Juzu Bracelet":3,"War Paint":["Defend_P","WaveOfTheHand"],"Question Card":2,"Mercury Hourglass":[148],"Blood Vial":24,"Bird Faced Urn":[8],"HandDrill":[8],"Kunai":[19],"obtain_stats":[{"Darkstone Periapt":10,"Ice Cream":44,"Torii":9,"Singing Bowl":20,"Golden Idol":2,"Nilry\u0027s Codex":19,"Astrolabe":0,"CeramicFish":34,"Eternal Feather":6,"Juzu Bracelet":26,"War Paint":14,"Question Card":41,"White Beast Statue":22,"Mercury Hourglass":34,"Blood Vial":24,"Calling Bell":34,"Bird Faced Urn":8,"Philosopher\u0027s Stone":17,"HandDrill":39,"Red Mask":42,"Kunai":39,"PureWater":0,"StrikeDummy":27,"Unceasing Top":34},{"Darkstone Periapt":6,"Ice Cream":21,"Torii":5,"Singing Bowl":10,"Golden Idol":1,"Nilry\u0027s Codex":10,"Astrolabe":0,"CeramicFish":17,"Eternal Feather":4,"Juzu Bracelet":12,"War Paint":8,"Question Card":20,"White Beast Statue":11,"Mercury Hourglass":17,"Blood Vial":12,"Calling Bell":17,"Bird Faced Urn":5,"Philosopher\u0027s Stone":9,"HandDrill":19,"Red Mask":20,"Kunai":19,"PureWater":0,"StrikeDummy":13,"Unceasing Top":17},{"Darkstone Periapt":21,"Ice Cream":110,"Torii":16,"Singing Bowl":48,"Golden Idol":2,"Nilry\u0027s Codex":48,"Astrolabe":0,"CeramicFish":89,"Eternal Feather":13,"Juzu Bracelet":57,"War Paint":27,"Question Card":102,"White Beast Statue":53,"Mercury Hourglass":89,"Blood Vial":57,"Calling Bell":89,"Bird Faced Urn":16,"Philosopher\u0027s Stone":44,"HandDrill":96,"Red Mask":102,"Kunai":96,"PureWater":0,"StrikeDummy":62,"Unceasing Top":89}],"Unceasing Top":[8]},"card_choices":[{"not_picked":["Nirvana","ClearTheMind"],"picked":"FearNoEvil","floor":1.0},{"not_picked":["CrushJoints","Prostrate"],"picked":"Protect","floor":3.0},{"not_picked":["Worship","MentalFortress"],"picked":"Conclude","floor":5.0},{"not_picked":["Halt","JustLucky"],"picked":"WaveOfTheHand","floor":6.0},{"not_picked":["ConjureBlade","ThirdEye"],"picked":"FlurryOfBlows","floor":8.0},{"not_picked":["FlurryOfBlows","Collect"],"picked":"LessonLearned","floor":10.0},{"not_picked":["FlurryOfBlows","Protect"],"picked":"BowlingBash","floor":12.0},{"not_picked":["Prostrate","PathToVictory","Crescendo"],"picked":"SKIP","floor":13.0},{"not_picked":["ConjureBlade","Devotion"],"picked":"Vault","floor":16.0},{"not_picked":["JustLucky","FlyingSleeves+1","Tantrum"],"picked":"SKIP","floor":18.0},{"not_picked":["JustLucky","FlyingSleeves+1"],"picked":"Tantrum","floor":18.0},{"not_picked":["Halt+1","EmptyFist"],"picked":"CutThroughFate+1","floor":21.0},{"not_picked":["Brilliance","WreathOfFlame"],"picked":"EmptyMind","floor":24.0},{"not_picked":["LessonLearned","Consecrate"],"picked":"TalkToTheHand","floor":27.0},{"not_picked":["WheelKick","PathToVictory","Indignation"],"picked":"Singing Bowl","floor":28.0},{"not_picked":["CutThroughFate","JustLucky","DeceiveReality"],"picked":"Singing Bowl","floor":30.0},{"not_picked":["Worship","FollowUp"],"picked":"ThirdEye","floor":31.0},{"not_picked":["Scrawl","Omniscience"],"picked":"Vault","floor":33},{"not_picked":["Conclude","Study","Evaluate"],"picked":"Singing Bowl","floor":35},{"not_picked":["CutThroughFate","FlyingSleeves"],"picked":"WindmillStrike+1","floor":37},{"not_picked":["MentalFortress","Meditate"],"picked":"Vault","floor":41},{"not_picked":["Adaptation","Nirvana","CarveReality"],"picked":"Consecrate","floor":44},{"not_picked":["Meditate","Protect","Adaptation"],"picked":"Consecrate+1","floor":45}],"player_experience":1608159,"relics_obtained":[{"floor":6.0,"key":"Eternal Feather"},{"floor":8.0,"key":"Bird Faced Urn"},{"floor":9.0,"key":"Torii"},{"floor":10.0,"key":"Darkstone Periapt"},{"floor":19.0,"key":"Nilry\u0027s Codex"},{"floor":22.0,"key":"White Beast Statue"},{"floor":24.0,"key":"Blood Vial"},{"floor":26.0,"key":"Juzu Bracelet"},{"floor":27.0,"key":"StrikeDummy"},{"floor":34,"key":"CeramicFish"},{"floor":34,"key":"Mercury Hourglass"},{"floor":34,"key":"Unceasing Top"},{"floor":41,"key":"Question Card"},{"floor":44,"key":"Ice Cream"}],"event_choices":[{"damage_healed":0.0,"max_hp_gain":0.0,"max_hp_loss":6.0,"gold_gain":0.0,"event_name":"Golden Idol","player_choice":"Lose Max HP","floor":2.0,"gold_loss":0.0,"damage_taken":0.0,"relics_obtained":["Golden Idol"]},{"damage_healed":0.0,"max_hp_gain":5.0,"max_hp_loss":0.0,"gold_gain":0.0,"event_name":"Big Fish","player_choice":"Donut","floor":4.0,"gold_loss":0.0,"damage_taken":0.0},{"damage_healed":0.0,"max_hp_gain":0.0,"max_hp_loss":0.0,"gold_gain":0.0,"event_name":"Liars Game","player_choice":"Ignored","floor":11.0,"gold_loss":0.0,"damage_taken":0.0},{"damage_healed":0.0,"max_hp_gain":0.0,"max_hp_loss":0.0,"gold_gain":0.0,"event_name":"Scrap Ooze","player_choice":"Success","floor":14.0,"gold_loss":0.0,"damage_taken":5.0,"relics_obtained":["War Paint"]},{"damage_healed":0.0,"max_hp_gain":0.0,"max_hp_loss":0.0,"gold_gain":0.0,"event_name":"Cursed Tome","player_choice":"Obtained Book","floor":19.0,"gold_loss":0.0,"damage_taken":21.0},{"damage_healed":0,"gold_gain":50,"player_choice":"Pray","damage_taken":0,"max_hp_gain":0,"max_hp_loss":0,"event_name":"Golden Shrine","floor":36,"gold_loss":0},{"damage_healed":0,"gold_gain":0,"player_choice":"Embrace Madness","damage_taken":15,"max_hp_gain":0,"max_hp_loss":0,"event_name":"Winding Halls","floor":38,"gold_loss":0,"cards_obtained":["Madness","Madness"]},{"damage_healed":0,"gold_gain":0,"player_choice":"Paid","damage_taken":0,"relics_obtained":["Red Mask"],"max_hp_gain":0,"max_hp_loss":0,"event_name":"Tomb of Lord Red Mask","floor":42,"gold_loss":90},{"cards_removed":["EmptyMind"],"damage_healed":0,"gold_gain":0,"player_choice":"Removed Skill","damage_taken":0,"max_hp_gain":0,"max_hp_loss":0,"event_name":"Falling","floor":46,"gold_loss":0},{"cards_removed":["Strike_P"],"damage_healed":0,"gold_gain":0,"player_choice":"Offered Basic","damage_taken":0,"max_hp_gain":0,"max_hp_loss":0,"event_name":"Bonfire Elementals","floor":47,"gold_loss":0}],"is_beta":false,"boss_relics":[{"not_picked":["VioletLotus","Black Star"],"picked":"Philosopher\u0027s Stone"},{"not_picked":["Tiny House","Runic Pyramid"],"picked":"Calling Bell"}],"items_purged_floors":[20],"is_endless":false,"potions_floor_spawned":[1,3,8,13,18,24,27,28,30,31,33,35,37,41,44,45],"killed_by":"Donu and Deca","ascension_level":20}}