{"host":"8z36vytlngm24mn0","time":1613115351,"event":{"mods":["Act Like it!","Aspiration","BaseMod","Beaked The Cultist","BetterRewards","Conspire","Friendly Minions","Halation","Mimic Mod","Minty Spire (QoL Compilation)","StSLib"],"gold_per_floor":[119,131,143,143,160,160,160],"floor_reached":6,"language":"DEU","playtime":689,"items_purged":[],"score":38,"play_id":"4c8a02b9-ed09-41d3-8a6e-f69f06fcc119","local_time":"20210212083551","is_ascension_mode":false,"campfire_choices":[],"circlet_count":0,"master_deck":["beaked:Strike_Y","beaked:Strike_Y","beaked:Strike_Y","beaked:Strike_Y","beaked:Strike_Y","beaked:Strike_Y","beaked:Defend_Y","beaked:Defend_Y","beaked:Defend_Y","beaked:Defend_Y","beaked:Ceremony","beaked:Ceremony","beaked:Ceremony","beaked:DigDeep","beaked:AwakenedForm","Pain","beaked:DigDeep"],"relics":["beaked:MendingPlumage","halation:PrussianBluePaint","WarpedTongs"],"acts_visited":["Exordium"],"potions_floor_usage":[],"damage_taken":[{"damage":3,"enemies":"Cultist","floor":1,"turns":5},{"damage":9,"enemies":"Jaw Worm","floor":2,"turns":5},{"damage":6,"enemies":"conspire:RoseBush","floor":3,"turns":4},{"damage":36,"enemies":"Lots of Slimes","floor":5,"turns":5},{"damage":43,"enemies":"3 Sentries","floor":6,"turns":6}],"seed_played":"7525363975549105893","potions_obtained":[{"floor":3,"key":"SteroidPotion"}],"is_trial":false,"path_per_floor":["M","M","M","?","M","E"],"character_chosen":"BEAKED_THE_CULTIST","items_purchased":[],"campfire_rested":0,"item_purchase_floors":[],"current_hp_per_floor":[50,50,49,49,29,0,0],"gold":160,"neow_bonus":"RANDOM_COMMON_RELIC","is_daily":false,"chose_seed":false,"campfire_upgraded":0,"win_rate":0.0,"timestamp":1613115351,"path_taken":["M","M","?","?","M","E"],"items_purchased_type":[],"build_version":"2020-12-22","purchased_purges":0,"victory":false,"max_hp_per_floor":[50,50,50,50,50,50,50],"card_choices":[{"not_picked":["beaked:Tweet","beaked:Cower"],"picked":"beaked:DigDeep","floor":1},{"not_picked":["beaked:Tradeoff","beaked:SurvivalInstinct","beaked:TuckingFeathers"],"picked":"SKIP","floor":2},{"not_picked":["beaked:Foresight","beaked:DigDeep"],"picked":"beaked:AwakenedForm","floor":3},{"not_picked":["beaked:SurvivalInstinct","beaked:Redirect"],"picked":"beaked:DigDeep","floor":5}],"player_experience":613954,"relics_obtained":[],"event_choices":[{"damage_healed":0,"gold_gain":0,"player_choice":"Rummage","damage_taken":0,"relics_obtained":["WarpedTongs"],"max_hp_gain":0,"max_hp_loss":0,"event_name":"Accursed Blacksmith","floor":4,"gold_loss":0,"cards_obtained":["Pain"]}],"is_beta":false,"boss_relics":[],"items_purged_floors":[],"is_endless":false,"potions_floor_spawned":[3],"killed_by":"3 Sentries","ascension_level":0}}