{"host":"3c8x8j1h2jyrixpf","time":1613154346,"event":{"mods":["BaseMod","Colored Powertips","Highlight Path","Minty Spire (QoL Compilation)","StSLib"],"gold_per_floor":[161,5,22,38,50,50,50,50,101,131,131,131,148,148,148],"floor_reached":14,"language":"ENG","playtime":395,"items_purged":[],"score":140,"play_id":"6ead1e00-c72e-4772-b41c-69d75ba1a285","local_time":"20210212122546","is_ascension_mode":true,"campfire_choices":[{"data":"Skewer","floor":6,"key":"SMITH"},{"data":"Deadly Poison","floor":8,"key":"SMITH"},{"data":"Deadly Poison","floor":11,"key":"SMITH"}],"circlet_count":0,"master_deck":["AscendersBane","Strike_G","Strike_G","Strike_G+1","Strike_G","Defend_G","Defend_G","Defend_G","Defend_G+1","Defend_G+1","Survivor","Neutralize","Deadly Poison+1","Masterful Stab","Poisoned Stab","Skewer+1","Deadly Poison+1","Night Terror","Outmaneuver"],"relics":["Tiny House","Bronze Scales","War Paint","Boot"],"acts_visited":["Exordium"],"potions_floor_usage":[10],"damage_taken":[{"damage":0,"enemies":"2 Louse","floor":1,"turns":4},{"damage":3,"enemies":"Small Slimes","floor":3,"turns":3},{"damage":1,"enemies":"Cultist","floor":4,"turns":3},{"damage":3,"enemies":"Looter","floor":5,"turns":3},{"damage":30,"enemies":"3 Sentries","floor":10,"turns":8},{"damage":7,"enemies":"2 Fungi Beasts","floor":13,"turns":3},{"damage":25,"enemies":"Lagavulin","floor":14,"turns":5}],"seed_played":"-4817647596626856691","potions_obtained":[{"floor":0,"key":"Fruit Juice"},{"floor":3,"key":"CunningPotion"},{"floor":13,"key":"LiquidBronze"}],"is_trial":false,"path_per_floor":["M","$","M","M","M","R","?","R","T","E","R","?","M","E"],"character_chosen":"THE_SILENT","items_purchased":["Bronze Scales"],"campfire_rested":0,"item_purchase_floors":[2],"current_hp_per_floor":[68,68,65,64,61,61,61,61,61,31,31,31,24,0,0],"gold":148,"neow_bonus":"BOSS_RELIC","is_daily":false,"chose_seed":false,"campfire_upgraded":3,"win_rate":0.0,"timestamp":1613154346,"path_taken":["M","$","M","M","M","R","?","R","T","E","R","?","M","E"],"items_purchased_type":["Relic"],"build_version":"2020-12-22","purchased_purges":0,"victory":false,"max_hp_per_floor":[75,75,75,75,75,75,75,75,75,75,75,75,75,75,75],"card_choices":[{"not_picked":["Poisoned Stab","Acrobatics"],"picked":"Deadly Poison","floor":0},{"not_picked":["Terror","Poisoned Stab"],"picked":"Masterful Stab","floor":1},{"not_picked":["Underhanded Strike","Bane","Expertise"],"picked":"SKIP","floor":3},{"not_picked":["Acrobatics","Deflect"],"picked":"Poisoned Stab","floor":4},{"not_picked":["Masterful Stab","Finisher"],"picked":"Skewer","floor":5},{"not_picked":["Acrobatics","Dodge and Roll"],"picked":"Deadly Poison","floor":10},{"not_picked":["Deflect","Escape Plan"],"picked":"Outmaneuver","floor":13}],"player_experience":235426,"relics_obtained":[{"floor":9,"key":"War Paint"},{"floor":10,"key":"Boot"}],"event_choices":[{"damage_healed":0,"gold_gain":0,"player_choice":"Ignored","damage_taken":0,"max_hp_gain":0,"max_hp_loss":0,"event_name":"Liars Game","floor":7,"gold_loss":0},{"damage_healed":0,"gold_gain":0,"cards_transformed":["Strike_G"],"player_choice":"Transformed","damage_taken":0,"max_hp_gain":0,"max_hp_loss":0,"event_name":"Transmorgrifier","floor":12,"gold_loss":0,"cards_obtained":["Night Terror"]}],"is_beta":false,"boss_relics":[],"items_purged_floors":[],"is_endless":false,"potions_floor_spawned":[3,13],"killed_by":"Lagavulin","ascension_level":11}}