{"host":"15ff3ltgpietarej","time":1613149131,"event":{"mods":["BaseMod","Bestiary","Downfall","Highlight Path","Minty Spire (QoL Compilation)","Relic Stats","StSLib"],"gold_per_floor":[0,18,28,43,493,493,519,519,200,228,113,139,39,56,74,176,176,176,187,201,201,213,227,227,227,254,114,14,32,32,57,69,164,164,64,78,95,232,242,242,322,335,355,355,381,381,59,82,96,96,96,147,1,1,1,1],"floor_reached":57,"language":"ENG","playtime":5117,"items_purged":["downfall:Icky","downfall:Icky","hexamod:Strike","hexamod:Strike+1","hexamod:FirstSeal"],"score":1787,"play_id":"5bfaddae-bf40-474d-a645-a4252b1427f5","local_time":"20210212175851","is_ascension_mode":true,"campfire_choices":[{"floor":1.0,"key":"DIG"},{"floor":8.0,"key":"DIG"},{"data":"hexamod:Rewind","floor":13.0,"key":"SMITH"},{"floor":18.0,"key":"RECALL"},{"floor":28.0,"key":"DIG"},{"floor":30.0,"key":"DIG"},{"floor":35.0,"key":"DIG"},{"floor":40.0,"key":"DIG"},{"floor":44,"key":"DIG"},{"floor":46,"key":"DIG"},{"data":"Panache","floor":54,"key":"SMITH"}],"circlet_count":0,"master_deck":["hexamod:Strike+1","hexamod:Defend+1","hexamod:Defend+1","hexamod:Defend+1","hexamod:Defend+1","hexamod:Sear+1","hexamod:Float+1","hexamod:GhostOfSpirePast+1","hexamod:SpectralSpark+1","hexamod:ThirdSeal","hexamod:GhostOfSpirePast+1","hexamod:FirstSeal","hexamod:AdvancingGuard+1","hexamod:Rewind+1","hexamod:GhostOfSpirePast","hexamod:ForkedFlame+1","hexamod:SixthSeal","hexamod:BacktrackSmack+1","hexamod:RetreatToShadows+1","hexamod:BacktrackSmack+1","hexamod:EmpoweredFlame+1","hexamod:RadiantFlame","hexamod:RetreatToShadows+1","hexamod:FlamesFromBeyond+1","hexamod:EmpoweredFlame+1","hexamod:ForkedFlame+1","hexamod:WildfireWeapon","hexamod:BurningTouch+1","hexamod:ExtraCrispy+1","Panache+1","hexamod:PhantomCloak","hexamod:GhostOfSpirePast+1","hexamod:ThermalTransfer","hexamod:Rewind+1","hexamod:Rewind+1","hexamod:EmpoweredFlame","hexamod:FlamesFromBeyond","hexamod:GhostOfSpirePast+1"],"relics":["hexamod:SpiritBrand","Shovel","Mummified Hand","downfall:ShatteredFragment","Toy Ornithopter","Whetstone","Guardian:BottledAnomaly","Matryoshka","Du-Vu Doll","downfall:HeartBlessingGreen","SlaversCollar","Centennial Puzzle","Lantern","downfall:HeartBlessingRed","hexamod:MatchstickCase","Bottled Tornado","Bag of Marbles","SacredBark","downfall:HeartBlessingBlue","Juzu Bracelet","Shuriken","Pen Nib","Kunai","Blue Candle","CeramicFish","Akabeko","Membership Card","Anchor","Blood Vial"],"acts_visited":["Exordium","TheCity","TheBeyond","TheEnding"],"potions_floor_usage":[47,47,56,56,56,56],"damage_taken":[{"damage":3.0,"enemies":"2 Louse","floor":2.0,"turns":4.0},{"damage":1.0,"enemies":"Jaw Worm","floor":3.0,"turns":4.0},{"damage":0.0,"enemies":"Cultist","floor":4.0,"turns":3.0},{"damage":0.0,"enemies":"downfall:FleeingMerchant","floor":9.0,"turns":4.0},{"damage":20.0,"enemies":"3 Sentries","floor":10.0,"turns":10.0},{"damage":10.0,"enemies":"downfall:FleeingMerchant","floor":11.0,"turns":4.0},{"damage":7.0,"enemies":"Lagavulin","floor":12.0,"turns":5.0},{"damage":7.0,"enemies":"Large Slime","floor":14.0,"turns":3.0},{"damage":0.0,"enemies":"Blue Slaver","floor":15.0,"turns":3.0},{"damage":0.0,"enemies":"IC_STATUS_ARCHETYPE","floor":16.0,"turns":5.0},{"damage":1.0,"enemies":"Shell Parasite","floor":19.0,"turns":3.0},{"damage":0.0,"enemies":"Spheric Guardian","floor":20.0,"turns":3.0},{"damage":19.0,"enemies":"Chosen and Byrds","floor":22.0,"turns":6.0},{"damage":1.0,"enemies":"Centurion and Healer","floor":23.0,"turns":5.0},{"damage":6.0,"enemies":"Slavers","floor":26.0,"turns":5.0},{"damage":6.0,"enemies":"downfall:FleeingMerchant","floor":27.0,"turns":4.0},{"damage":6.0,"enemies":"Sentry and Sphere","floor":29.0,"turns":3.0},{"damage":13.0,"enemies":"Gremlin Leader","floor":31.0,"turns":5.0},{"damage":1.0,"enemies":"3 Cultists","floor":32.0,"turns":4.0},{"damage":0.0,"enemies":"DF_ARCHETYPE_CLAW","floor":33.0,"turns":4.0},{"damage":7.0,"enemies":"3 Darklings","floor":36.0,"turns":3.0},{"damage":2.0,"enemies":"3 Shapes","floor":37.0,"turns":3.0},{"damage":0.0,"enemies":"downfall:FleeingMerchant","floor":38.0,"turns":1.0},{"damage":18.0,"enemies":"Writhing Mass","floor":39.0,"turns":3.0},{"damage":15.0,"enemies":"Maw","floor":42.0,"turns":6.0},{"damage":0,"enemies":"4 Shapes","floor":43,"turns":3},{"damage":25,"enemies":"Nemesis","floor":45,"turns":5},{"damage":3,"enemies":"3 Darklings","floor":49,"turns":3},{"damage":3,"enemies":"SI_POISON_ARCHETYPE","floor":50,"turns":6},{"damage":3,"enemies":"downfall:CharBossMerchant","floor":52,"turns":6},{"damage":53,"enemies":"downfall:NeowBoss","floor":55,"turns":11},{"damage":24,"enemies":"downfall:NeowBossFinal","floor":56,"turns":7}],"seed_played":"-4385711722978729310","potions_obtained":[{"floor":2.0,"key":"Fruit Juice"},{"floor":10.0,"key":"Block Potion"},{"floor":12.0,"key":"champ:CounterPotion"},{"floor":15.0,"key":"ColorlessPotion"},{"floor":22.0,"key":"Block Potion"},{"floor":32.0,"key":"Swift Potion"},{"floor":33.0,"key":"BlessingOfTheForge"},{"floor":39.0,"key":"SkillPotion"},{"floor":42.0,"key":"DuplicationPotion"},{"floor":52,"key":"ColorlessPotion"}],"is_trial":false,"path_per_floor":["R","M","M","M","?","?","T","R","$","E","$","E","R","M","M","B",null,"R","M","M","?","M","M","T","?","E","$","R","M","R","E","M","B",null,"R","M","M","$","M","R","T","M","M","R","E","R","$","?","M","B",null,"E","$","R","B","B",null],"character_chosen":"THE_SPIRIT","items_purchased":["hexamod:FirstSeal","Guardian:BottledAnomaly","Panache","hexamod:PhantomCloak","Membership Card","Fruit Juice","Fruit Juice","EntropicBrew","hexamod:GhostOfSpirePast"],"campfire_rested":0,"item_purchase_floors":[9,9,38,38,47,47,47,53,53],"current_hp_per_floor":[70,67,66,66,66,45,45,45,45,42,39,39,39,39,46,53,75,75,75,75,75,63,69,69,69,70,71,71,72,72,74,75,75,75,85,85,85,85,74,74,74,66,66,66,55,55,85,85,96,105,105,105,105,105,59,64],"gold":1,"neow_bonus":"ONE_RARE_RELIC","is_daily":false,"chose_seed":false,"campfire_upgraded":2,"win_rate":0.0,"timestamp":1613149131,"path_taken":["R","M","M","M","?","?","T","R","$","E","?","E","R","M","M","BOSS","R","M","M","?","?","M","T","?","E","$","R","M","R","E","M","BOSS","R","M","M","$","M","R","T","M","M","R","E","R","$","?","M","BOSS","E","$","R","BOSS","BOSS"],"items_purchased_type":["Card","Relic","Card","Card","Relic","Potion","Potion","Potion","Card"],"build_version":"2020-12-22","purchased_purges":5,"victory":true,"max_hp_per_floor":[70,70,70,70,70,70,70,70,70,75,75,75,75,75,75,75,75,75,75,75,75,75,75,75,75,75,75,75,75,75,75,75,75,75,85,85,85,85,85,85,85,85,85,85,85,85,105,105,105,105,105,105,105,105,105,105],"relic_stats":{"counters":[32,144],"Blue Candle":[9],"CeramicFish":27,"Pen Nib":[11],"Juzu Bracelet":0,"Whetstone":["hexamod:Strike","hexamod:Strike"],"Blood Vial":2,"Centennial Puzzle":[45],"Shovel":8,"Mummified Hand":[221],"Shuriken":[22],"Kunai":[22],"obtain_stats":[{"Lantern":26,"SacredBark":34,"CeramicFish":45,"downfall:HeartBlessingGreen":13,"Juzu Bracelet":35,"Whetstone":8,"Bottled Tornado":30,"Blood Vial":52,"Centennial Puzzle":24,"Shovel":0,"Matryoshka":10,"Mummified Hand":1,"downfall:HeartBlessingBlue":35,"Kunai":41,"Guardian:BottledAnomaly":9,"hexamod:SpiritBrand":0,"downfall:ShatteredFragment":6,"downfall:HeartBlessingRed":28,"Blue Candle":44,"Pen Nib":41,"Akabeko":46,"hexamod:MatchstickCase":28,"Du-Vu Doll":12,"SlaversCollar":17,"Anchor":48,"Shuriken":40,"Bag of Marbles":31,"Membership Card":47,"Toy Ornithopter":7},{"Lantern":15,"SacredBark":20,"CeramicFish":27,"downfall:HeartBlessingGreen":7,"Juzu Bracelet":20,"Whetstone":3,"Bottled Tornado":17,"Blood Vial":30,"Centennial Puzzle":14,"Shovel":0,"Matryoshka":5,"Mummified Hand":0,"downfall:HeartBlessingBlue":20,"Kunai":24,"Guardian:BottledAnomaly":4,"hexamod:SpiritBrand":0,"downfall:ShatteredFragment":3,"downfall:HeartBlessingRed":16,"Blue Candle":26,"Pen Nib":24,"Akabeko":27,"hexamod:MatchstickCase":16,"Du-Vu Doll":7,"SlaversCollar":10,"Anchor":27,"Shuriken":24,"Bag of Marbles":18,"Membership Card":27,"Toy Ornithopter":3},{"Lantern":67,"SacredBark":87,"CeramicFish":111,"downfall:HeartBlessingGreen":34,"Juzu Bracelet":87,"Whetstone":11,"Bottled Tornado":74,"Blood Vial":126,"Centennial Puzzle":62,"Shovel":0,"Matryoshka":25,"Mummified Hand":0,"downfall:HeartBlessingBlue":87,"Kunai":97,"Guardian:BottledAnomaly":15,"hexamod:SpiritBrand":0,"downfall:ShatteredFragment":11,"downfall:HeartBlessingRed":71,"Blue Candle":106,"Pen Nib":97,"Akabeko":111,"hexamod:MatchstickCase":71,"Du-Vu Doll":34,"SlaversCollar":45,"Anchor":111,"Shuriken":97,"Bag of Marbles":79,"Membership Card":111,"Toy Ornithopter":11}],"Toy Ornithopter":43},"card_choices":[{"not_picked":["hexamod:AdvancingGuard","hexamod:SpectralSpark"],"picked":"hexamod:GhostOfSpirePast","floor":2.0},{"not_picked":["hexamod:BurningTouch","hexamod:NecessarySacrifice"],"picked":"hexamod:SpectralSpark","floor":3.0},{"not_picked":["hexamod:PowerFromBeyond","hexamod:BurningTouch"],"picked":"hexamod:ThirdSeal","floor":4.0},{"not_picked":["hexamod:ShieldOfDarkness","hexamod:NightmareStrike"],"picked":"hexamod:GhostOfSpirePast","floor":9.0},{"not_picked":["hexamod:EtherealExpedition","hexamod:PhantomFireball","hexamod:ShieldOfDarkness"],"picked":"SKIP","floor":9.0},{"not_picked":["hexamod:Hexaguard","hexamod:TurnItUp"],"picked":"hexamod:AdvancingGuard","floor":10.0},{"not_picked":["hexamod:FlamesFromBeyond","hexamod:InspiringFlames"],"picked":"hexamod:Rewind","floor":10.0},{"not_picked":["hexamod:GhostShield","hexamod:RetreatToShadows"],"picked":"hexamod:GhostOfSpirePast","floor":11.0},{"not_picked":["hexamod:Firestarter","hexamod:SpectralAdrenaline","hexamod:ParanormalForm"],"picked":"SKIP","floor":11.0},{"not_picked":["hexamod:ThirdSeal","hexamod:AdvancingGuard","hexamod:FlamesFromBeyond"],"picked":"SKIP","floor":12.0},{"not_picked":["hexamod:HeatMetal","hexamod:NightmareGuise","hexamod:SpectersWail"],"picked":"SKIP","floor":12.0},{"not_picked":["hexamod:NightmareGuise","hexamod:Incineration"],"picked":"hexamod:ForkedFlame","floor":14.0},{"not_picked":["hexamod:BurningTouch","hexamod:SuperheatedStrike","hexamod:PhantomCloak"],"picked":"SKIP","floor":14.0},{"not_picked":["hexamod:HeatMetal","hexamod:NecessarySacrifice","hexamod:GhostOfSpirePast"],"picked":"SKIP","floor":15.0},{"not_picked":["hexamod:ForkedFlame","hexamod:TimeWarp"],"picked":"hexamod:SixthSeal","floor":16.0},{"not_picked":["hexamod:AdvancingGuard","hexamod:Hexaguard"],"picked":"hexamod:BacktrackSmack","floor":19.0},{"not_picked":["hexamod:AdvancingGuard+1","hexamod:ChargedBarrage","hexamod:SpectralSpark"],"picked":"SKIP","floor":19.0},{"not_picked":["hexamod:NightmareGuise","hexamod:Again"],"picked":"hexamod:RetreatToShadows","floor":20.0},{"not_picked":["hexamod:BurningTouch+1","hexamod:ChargedBarrage+1","hexamod:NecessarySacrifice"],"picked":"SKIP","floor":20.0},{"not_picked":["hexamod:ChargedBarrage","hexamod:GhostLash"],"picked":"hexamod:BacktrackSmack+1","floor":22.0},{"not_picked":["hexamod:ShieldOfDarkness+1","hexamod:ParanormalForm","hexamod:NightmareStrike"],"picked":"SKIP","floor":22.0},{"not_picked":["hexamod:ShieldOfDarkness+1","hexamod:ParanormalForm","hexamod:NightmareStrike"],"picked":"SKIP","floor":22.0},{"not_picked":["hexamod:BurningTouch","hexamod:HeatMetal"],"picked":"hexamod:EmpoweredFlame","floor":23.0},{"not_picked":["hexamod:AdvancingGuard","hexamod:HeatCrush","hexamod:CatchUp"],"picked":"SKIP","floor":23.0},{"not_picked":["hexamod:EtherealExpedition+1","hexamod:SecondSeal"],"picked":"hexamod:RadiantFlame","floor":26.0},{"not_picked":["hexamod:SpectersWail","hexamod:AdvancingGuard+1","hexamod:ThermalTransfer"],"picked":"SKIP","floor":26.0},{"not_picked":["hexamod:SkipABeat","hexamod:StepThrough+1","hexamod:ThirdSeal"],"picked":"SKIP","floor":27.0},{"not_picked":["hexamod:HauntingEcho+1","hexamod:HeatCrush+1","hexamod:SkipABeat"],"picked":"SKIP","floor":27.0},{"not_picked":["hexamod:ExtraCrispy","hexamod:InspiringFlames"],"picked":"hexamod:RetreatToShadows","floor":29.0},{"not_picked":["hexamod:HauntingEcho","hexamod:NecessarySacrifice","hexamod:HeatMetal"],"picked":"SKIP","floor":29.0},{"not_picked":["hexamod:SpectralAdrenaline","hexamod:SkipABeat"],"picked":"hexamod:FlamesFromBeyond+1","floor":31.0},{"not_picked":["hexamod:Firestarter","hexamod:GhostflameInferno","hexamod:NightmareStrike"],"picked":"SKIP","floor":31.0},{"not_picked":["hexamod:HauntingEcho","hexamod:FlamesFromBeyond"],"picked":"hexamod:EmpoweredFlame+1","floor":32.0},{"not_picked":["hexamod:PowerFromBeyond","hexamod:SuperheatedStrike","hexamod:StepThrough+1"],"picked":"SKIP","floor":32.0},{"not_picked":["hexamod:SixthSeal","hexamod:GhostOfSpirePresent"],"picked":"hexamod:ForkedFlame","floor":33.0},{"not_picked":["hexamod:ApocalypticArmor","hexamod:FifthSeal"],"picked":"hexamod:WildfireWeapon","floor":33.0},{"not_picked":["hexamod:FastForward+1","hexamod:GhostOfSpireFuture","hexamod:SuperheatedStrike+1"],"picked":"SKIP","floor":36.0},{"not_picked":["hexamod:HeatMetal","hexamod:ThermalTransfer","hexamod:NecessarySacrifice"],"picked":"SKIP","floor":36.0},{"not_picked":["hexamod:Firestarter","hexamod:InspiringFlames+1"],"picked":"hexamod:BurningTouch+1","floor":37.0},{"not_picked":["hexamod:HauntingEcho+1","hexamod:GhostLash","hexamod:FastForward+1"],"picked":"SKIP","floor":37.0},{"not_picked":["hexamod:NightmareGuise+1","hexamod:BurningTouch+1"],"picked":"hexamod:ExtraCrispy","floor":38.0},{"not_picked":["hexamod:GhostShield","hexamod:PhantomCloak"],"picked":"hexamod:GhostOfSpirePast+1","floor":39.0},{"not_picked":["hexamod:Again+1","hexamod:Incineration","hexamod:InspiringFlames+1"],"picked":"SKIP","floor":39.0},{"not_picked":["hexamod:StepThrough+1","hexamod:SwordOfDarkness+1"],"picked":"hexamod:ThermalTransfer","floor":42.0},{"not_picked":["hexamod:AdvancingGuard+1","hexamod:SwordOfDarkness+1"],"picked":"hexamod:Rewind","floor":42.0},{"not_picked":["hexamod:RecurringNightmare+1","hexamod:SixthSeal"],"picked":"hexamod:FirstSeal","floor":43},{"not_picked":["hexamod:GhostLash+1","hexamod:NecessarySacrifice+1","hexamod:ThirdSeal"],"picked":"SKIP","floor":43},{"not_picked":["hexamod:BacktrackSmack+1","hexamod:DynamicBlow"],"picked":"hexamod:Rewind","floor":45},{"not_picked":["hexamod:PowerFromBeyond+1","hexamod:RecurringNightmare+1","hexamod:SuperheatedStrike"],"picked":"SKIP","floor":45},{"not_picked":["hexamod:Incineration+1","hexamod:RecurringNightmare","hexamod:HeatMetal"],"picked":"SKIP","floor":49},{"not_picked":["hexamod:GhostflameBarrier","hexamod:SecondSeal","hexamod:GhostShield+1"],"picked":"SKIP","floor":49},{"not_picked":["hexamod:Haunt","hexamod:Firestarter+1"],"picked":"hexamod:EmpoweredFlame","floor":52},{"not_picked":["hexamod:Incineration+1","hexamod:HeatMetal+1"],"picked":"hexamod:FlamesFromBeyond","floor":52}],"player_experience":452834,"relics_obtained":[{"floor":1.0,"key":"Mummified Hand"},{"floor":7.0,"key":"Toy Ornithopter"},{"floor":8.0,"key":"Whetstone"},{"floor":10.0,"key":"Matryoshka"},{"floor":12.0,"key":"Du-Vu Doll"},{"floor":24.0,"key":"Centennial Puzzle"},{"floor":26.0,"key":"Lantern"},{"floor":28.0,"key":"hexamod:MatchstickCase"},{"floor":30.0,"key":"Bottled Tornado"},{"floor":31.0,"key":"Bag of Marbles"},{"floor":35.0,"key":"Juzu Bracelet"},{"floor":40.0,"key":"Shuriken"},{"floor":41.0,"key":"Pen Nib"},{"floor":41.0,"key":"Kunai"},{"floor":44,"key":"Blue Candle"},{"floor":45,"key":"CeramicFish"},{"floor":46,"key":"Akabeko"},{"floor":48,"key":"Anchor"},{"floor":52,"key":"Blood Vial"}],"event_choices":[],"is_beta":false,"boss_relics":[{"not_picked":["Snecko Eye","Philosopher\u0027s Stone"],"picked":"SlaversCollar"},{"not_picked":["Sozu","Cursed Key"],"picked":"SacredBark"}],"items_purged_floors":[9,11,27,47,53],"is_endless":false,"potions_floor_spawned":[2,10,12,15,19,22,32,33,39,42,43,52],"ascension_level":3}}