{"host":"24d26nswb7ia7374","time":1613089148,"event":{"mods":["Aspiration","BaseMod","Beaked The Cultist","Better Third Choice","BetterRewards","Colored Map","Conspire","DeckTracker","Downfall","Halation","Highlight Path","Hubris","Minty Spire (QoL Compilation)","Relic Sorter","Replay The Spire","Reworked Bosses","Shop Mod","Spikes Relics","Spire Arcade","StSLib","The Valiant"],"gold_per_floor":[366,366,377,291,309,335,335,362,385,385,402,402,372,383,383,480,480,499,515,515,532,545,559,559,559],"floor_reached":24,"language":"ENG","playtime":862,"items_purged":[],"score":273,"play_id":"87f0ddb6-59b3-4f50-8d5c-0ec9ac6992dd","local_time":"20210211191908","is_ascension_mode":true,"campfire_choices":[{"floor":7,"key":"REST"},{"floor":15,"key":"REST"}],"circlet_count":0,"master_deck":["Strike_R","Strike_R","Strike_R","Strike_R","Strike_R","Defend_R","Defend_R","Defend_R","Defend_R","Bash","bronze:Goto","bronze:Replicate","Cleave","Rupture","Heavy Blade","ReplayTheSpireMod:Muscle Training","Entrench+1","Flex","Shrug It Off","Double Tap","Anger","Anger+1","ReplayTheSpireMod:Wings of Steel","Twin Strike"],"relics":["Burning Blood","halation:PinkSoulGem","hubris:ChampionShield","Mercury Hourglass","Replay:Multitool","Replay:Mystery Machine","hubris:EvacipatedBox","hubris:FruitBowl","Red Skull","aspiration:BeakedSkillbook"],"acts_visited":["Exordium","TheCity"],"potions_floor_usage":[6,16,16,16,21,24],"damage_taken":[{"damage":1,"enemies":"Cultist","floor":1,"turns":3},{"damage":8,"enemies":"Jaw Worm","floor":3,"turns":4},{"damage":5,"enemies":"2 Louse","floor":5,"turns":3},{"damage":40,"enemies":"3 Sentries","floor":6,"turns":6},{"damage":23,"enemies":"Lagavulin","floor":8,"turns":7},{"damage":9,"enemies":"2 Fungi Beasts","floor":11,"turns":3},{"damage":1,"enemies":"Red Slaver","floor":14,"turns":2},{"damage":1,"enemies":"Slime Boss","floor":16,"turns":6},{"damage":38,"enemies":"Chosen","floor":18,"turns":5},{"damage":33,"enemies":"2 Thieves","floor":19,"turns":3},{"damage":1,"enemies":"Centurion and Healer","floor":21,"turns":5},{"damage":15,"enemies":"Snecko","floor":22,"turns":5},{"damage":5,"enemies":"Cultist and Chosen","floor":23,"turns":6},{"damage":22,"enemies":"Shelled Parasite and Fungi","floor":24,"turns":4}],"seed_played":"-8882869259320780992","potions_obtained":[{"floor":5,"key":"Strength Potion"},{"floor":6,"key":"SkillPotion"},{"floor":8,"key":"CultistPotion"},{"floor":11,"key":"ColorlessPotion"},{"floor":18,"key":"DuplicationPotion"},{"floor":22,"key":"Ancient Potion"},{"floor":23,"key":"AttackPotion"}],"is_trial":false,"path_per_floor":["M","?","M","?","M","E","R","E","T","R","M","$","?","M","R","B",null,"M","M","?","M","M","M","M"],"character_chosen":"IRONCLAD","items_purchased":["hubris:EvacipatedBox","hubris:FruitBowl","Red Skull"],"campfire_rested":2,"item_purchase_floors":[12,12,12],"current_hp_per_floor":[80,80,78,78,79,45,69,52,52,76,73,25,25,30,54,59,80,48,21,15,25,16,22,0,0],"gold":559,"neow_bonus":"TWO_FIFTY_GOLD","is_daily":false,"chose_seed":false,"campfire_upgraded":0,"win_rate":0.0,"timestamp":1613089148,"path_taken":["M","?","M","?","?","E","R","E","T","R","M","?","?","M","R","BOSS","M","M","?","M","?","M","M"],"items_purchased_type":["Relic","Relic","Relic"],"build_version":"2020-12-22","purchased_purges":0,"victory":false,"max_hp_per_floor":[80,80,80,80,80,80,80,80,80,80,80,80,80,80,80,80,80,80,80,80,80,80,80,80,80],"card_choices":[{"not_picked":["Headbutt","Bloodletting"],"picked":"Cleave","floor":1},{"not_picked":["Intimidate","Warcry"],"picked":"Rupture","floor":3},{"not_picked":["Fiend Fire","BarbarianYell"],"picked":"Heavy Blade","floor":5},{"not_picked":["Metallicize","Iron Wave"],"picked":"ReplayTheSpireMod:Muscle Training","floor":6},{"not_picked":["Perfected Strike","Corruption"],"picked":"Entrench","floor":8},{"not_picked":["Headbutt","Twin Strike"],"picked":"Flex","floor":11},{"not_picked":["hubris:ReadiedAction","Clash"],"picked":"Shrug It Off","floor":14},{"not_picked":["Bludgeon","Eclipse"],"picked":"Double Tap","floor":16},{"not_picked":["beaked:CursingBlood","beaked:Tweet+1","Power Through","Perfected Strike+1"],"picked":"SKIP","floor":18},{"not_picked":["Defy Death","Perfected Strike","Heavy Blade+1"],"picked":"Anger","floor":19},{"not_picked":["beaked:Tradeoff+1","Burning Pact","beaked:SurvivalInstinct"],"picked":"Anger+1","floor":21},{"not_picked":["Massacre","beaked:Insight","Wild Strike+1"],"picked":"ReplayTheSpireMod:Wings of Steel","floor":22},{"not_picked":["Warcry","beaked:DesperateSwing","Headbutt+1"],"picked":"Twin Strike","floor":23}],"player_experience":371605,"relics_obtained":[{"floor":6,"key":"Mercury Hourglass"},{"floor":8,"key":"Replay:Multitool"},{"floor":9,"key":"Replay:Mystery Machine"}],"event_choices":[{"damage_healed":0,"gold_gain":0,"player_choice":"Paid Gold","damage_taken":0,"relics_obtained":["hubris:ChampionShield"],"max_hp_gain":0,"max_hp_loss":0,"event_name":"WeMeetAgain","floor":4,"gold_loss":86},{"damage_healed":0,"gold_gain":0,"player_choice":"Left","damage_taken":0,"max_hp_gain":0,"max_hp_loss":0,"event_name":"betterThird:BetterGoop","floor":13,"gold_loss":30},{"damage_healed":0,"gold_gain":0,"player_choice":"","damage_taken":6,"max_hp_gain":0,"max_hp_loss":0,"event_name":"Knowing Skull","floor":20,"potions_obtained":[],"gold_loss":0,"cards_obtained":[]}],"is_beta":false,"boss_relics":[{"not_picked":["halation:PlatinumPhoenix","aspiration:SilentSkillbook","Coffee Dripper"],"picked":"aspiration:BeakedSkillbook"}],"items_purged_floors":[],"is_endless":false,"potions_floor_spawned":[5,6,8,11,18,22,23],"killed_by":"Shelled Parasite and Fungi","ascension_level":1}}