{"host":"vrsxkkch9ccrec7k","time":1613098775,"event":{"mods":["Act Like it!","BaseMod","Bestiary","Better Altar","Better Match","Better Note","Better Sensory Stone","Better Skull","Better Third Choice","Better Vampires","Minty Spire (QoL Compilation)","Permanent Neow","Relic Stats","Spicy Shops","StSLib","The Marked"],"gold_per_floor":[14,14,14,28,45,45,71,71,71,71,23,23,39,49,49,144,144,133,133,133,147,160,160,170,170,170],"floor_reached":25,"language":"ENG","playtime":1207,"items_purged":[],"score":213,"play_id":"e5619886-4daf-41d3-9d95-3f0d7aeed6a2","local_time":"20210211215935","is_ascension_mode":true,"campfire_choices":[{"data":"theMarked:SoldierOfQuellstein","floor":6,"key":"SMITH"},{"data":"theMarked:ChainLightning","floor":8,"key":"SMITH"},{"data":"theMarked:Defend","floor":10,"key":"SMITH"},{"data":"theMarked:ComboAttacks","floor":15,"key":"SMITH"},{"floor":23,"key":"REST"}],"circlet_count":0,"master_deck":["theMarked:Strike","theMarked:Strike","theMarked:Strike","theMarked:Defend","theMarked:Defend","theMarked:Defend","theMarked:Defend+1","theMarked:SoldierOfQuellstein+1","theMarked:ShockingTouch","theMarked:TakeCover","theMarked:SwordAndMagic","Apotheosis+1","theMarked:GodGivenPower","theMarked:ChainLightning+1","theMarked:ComboAttacks+1","theMarked:TakeOffHeels","theMarked:HeightenedSenses+1","theMarked:StartUp+1"],"relics":["theMarked:ArtifactOfAir","Snecko Eye","betterThird:NestCultRelic","Letter Opener"],"acts_visited":["Exordium","TheCity"],"potions_floor_usage":[25],"damage_taken":[{"damage":0,"enemies":"Jaw Worm","floor":1,"turns":4},{"damage":0,"enemies":"Small Slimes","floor":4,"turns":3},{"damage":0,"enemies":"Cultist","floor":5,"turns":2},{"damage":25,"enemies":"Gremlin Nob","floor":7,"turns":4},{"damage":0,"enemies":"Exordium Wildlife","floor":13,"turns":4},{"damage":0,"enemies":"Large Slime","floor":14,"turns":5},{"damage":16,"enemies":"Hexaghost","floor":16,"turns":9},{"damage":10,"enemies":"2 Thieves","floor":18,"turns":4},{"damage":10,"enemies":"Chosen","floor":21,"turns":5},{"damage":23,"enemies":"Snake Plant","floor":22,"turns":5},{"damage":23,"enemies":"Centurion and Healer","floor":24,"turns":6},{"damage":0,"enemies":"Sentry and Sphere","floor":25,"turns":2}],"seed_played":"-77358197383605930","potions_obtained":[{"floor":5,"key":"EssenceOfSteel"},{"floor":7,"key":"Fire Potion"},{"floor":12,"key":"DuplicationPotion"},{"floor":13,"key":"LiquidBronze"}],"is_trial":false,"path_per_floor":["M","?","?","M","M","R","E","R","T","R","$","?","M","M","R","B",null,"M","?","?","M","M","R","M","M"],"character_chosen":"THE_DEFAULT","items_purchased":["AttackPotion"],"campfire_rested":1,"item_purchase_floors":[11],"current_hp_per_floor":[70,70,70,70,70,70,45,45,45,45,45,45,45,45,45,29,70,60,60,60,50,27,48,25,25,25],"gold":170,"neow_bonus":"TRANSFORM_TWO_CARDS","is_daily":false,"chose_seed":false,"campfire_upgraded":4,"win_rate":0.0,"timestamp":1613098775,"path_taken":["M","?","?","M","M","R","E","R","T","R","?","?","?","M","R","BOSS","M","?","?","M","M","R","M","M"],"items_purchased_type":["Potion"],"build_version":"2020-12-22","purchased_purges":0,"victory":false,"max_hp_per_floor":[70,70,70,70,70,70,70,70,70,70,70,70,70,70,70,70,70,70,70,70,70,70,70,70,70,70],"relic_stats":{"counters":[12,53],"Snecko Eye":[33,35,22,38],"Letter Opener":[70],"obtain_stats":[{"theMarked:ArtifactOfAir":0,"Snecko Eye":17,"betterThird:NestCultRelic":19,"Letter Opener":20},{"theMarked:ArtifactOfAir":0,"Snecko Eye":7,"betterThird:NestCultRelic":8,"Letter Opener":8},{"theMarked:ArtifactOfAir":0,"Snecko Eye":31,"betterThird:NestCultRelic":35,"Letter Opener":35}]},"card_choices":[{"not_picked":["theMarked:Parkour","theMarked:Memento"],"picked":"theMarked:SwordAndMagic","floor":1},{"not_picked":["theMarked:TwofoldDefense","theMarked:Heritage","theMarked:Frustration"],"picked":"SKIP","floor":4},{"not_picked":["theMarked:BanishingStrike","theMarked:AttractMetal"],"picked":"theMarked:GodGivenPower","floor":5},{"not_picked":["theMarked:RepellingDischarge","theMarked:TakeCover"],"picked":"theMarked:ChainLightning","floor":7},{"not_picked":["theMarked:BanishingStrike","theMarked:ChainLightning"],"picked":"theMarked:ComboAttacks","floor":13},{"not_picked":["theMarked:TakeCover","theMarked:Improvise","theMarked:Memento"],"picked":"SKIP","floor":14},{"not_picked":["theMarked:TurnInvisible","theMarked:ThrowWeapon"],"picked":"theMarked:TakeOffHeels","floor":16},{"not_picked":["theMarked:TunnelVision","theMarked:Memento","theMarked:ElectricStrings"],"picked":"SKIP","floor":18},{"not_picked":["theMarked:Improvise","theMarked:EmpowerWeapon"],"picked":"theMarked:HeightenedSenses+1","floor":21},{"not_picked":["theMarked:BanishingStrike+1","theMarked:WardOff","theMarked:HeightenedSenses"],"picked":"SKIP","floor":22},{"not_picked":["theMarked:TheMission+1","theMarked:PowerFlow+1"],"picked":"theMarked:StartUp+1","floor":24}],"player_experience":1367787,"relics_obtained":[],"event_choices":[{"damage_healed":0,"gold_gain":0,"player_choice":"Ignored","damage_taken":14,"max_hp_gain":0,"max_hp_loss":0,"event_name":"betterThird:BetterSerpent","floor":2,"gold_loss":0},{"damage_healed":70,"gold_gain":0,"player_choice":"Embrace","damage_taken":0,"max_hp_gain":0,"max_hp_loss":70,"event_name":"betterThird:BetterShining","floor":3,"gold_loss":0},{"damage_healed":0,"gold_gain":0,"player_choice":"Got Potions","damage_taken":0,"max_hp_gain":0,"max_hp_loss":0,"event_name":"Lab","floor":12,"gold_loss":0},{"damage_healed":0,"gold_gain":0,"player_choice":"Madness","damage_taken":0,"relics_obtained":["betterThird:NestCultRelic"],"max_hp_gain":0,"max_hp_loss":0,"event_name":"betterThird:BetterNest","floor":19,"gold_loss":0},{"damage_healed":0,"gold_gain":0,"player_choice":"Gave Potion","damage_taken":0,"relics_obtained":["Letter Opener"],"max_hp_gain":0,"max_hp_loss":0,"event_name":"WeMeetAgain","floor":20,"gold_loss":0}],"is_beta":false,"boss_relics":[{"not_picked":["Busted Crown","Calling Bell"],"picked":"Snecko Eye"}],"items_purged_floors":[],"is_endless":false,"potions_floor_spawned":[5,7,13],"killed_by":"Sentry and Sphere","ascension_level":1}}