{"host":"2x189hkb4impm2gi","time":1613165900,"event":{"mods":["AchievementEnabler","BaseMod","Colored Map","Colored Powertips","Downfall","Minty Spire (QoL Compilation)","StSLib"],"gold_per_floor":[99,110,26,41,26,44,44,59,59,59,93,108,108,136,153,249,249,249,263,173,186,28,67,67,96,109,9,20,105,5,5,24,127,127,27,40,8,22,33,45,123,133,83,94,110,110,143,161,172,172,172,200,4,4,4,4,4,4],"floor_reached":56,"language":"ENG","playtime":6487,"items_purged":["hexamod:Strike","hexamod:Strike","hexamod:Strike","hexamod:Strike"],"score":835,"play_id":"ed6d38a1-08b8-4547-b4e4-c4155a843690","local_time":"20210212163820","is_ascension_mode":false,"campfire_choices":[{"data":"hexamod:Sear","floor":1,"key":"SMITH"},{"data":"hexamod:EtherealExpedition","floor":9,"key":"SMITH"},{"data":"hexamod:RainOfEmbers","floor":13,"key":"SMITH"},{"floor":18,"key":"RECALL"},{"data":"hexamod:UnleashSpirits","floor":27,"key":"SMITH"},{"data":"hexamod:RadiantFlame","floor":30,"key":"SMITH"},{"data":"hexamod:EmpoweredFlame","floor":35,"key":"SMITH"},{"floor":54,"key":"REST"}],"circlet_count":0,"master_deck":["hexamod:Defend","hexamod:Defend","hexamod:Defend+1","hexamod:Defend","hexamod:Sear+1","hexamod:Float","hexamod:GhostLash","hexamod:RainOfEmbers+1","hexamod:EmpoweredFlame+1","hexamod:ThermalTransfer","hexamod:FastForward+1","hexamod:EtherealExpedition+1","hexamod:GhostShield+1","hexamod:RadiantFlame+1","hexamod:GhostflameBarrier+1","hexamod:HauntingEcho+1","hexamod:RecurringNightmare+1","hexamod:VolcanoVisage+1","hexamod:ShieldOfDarkness+1","hexamod:GhostOfSpireFuture+1","hexamod:HexaLevel","hexamod:SpectralAdrenaline+1","hexamod:GhostflameBarrier+1","hexamod:UnleashSpirits+1","hexamod:UnlimitedPower+1","hexamod:SoulSteal+1","hexamod:TurnItUp+1","hexamod:SpectersWail","hexamod:HeatMetal","expansioncontent:PrepareCrush+1","hexamod:RainOfEmbers+1","hexamod:NightmareGuise+1","hexamod:SwordOfDarkness+1","expansioncontent:Chronoboost","expansioncontent:GuardianWhirl+1","expansioncontent:AwakenDeath","hexamod:HeatCrush","hexamod:HeatShield+1"],"relics":["hexamod:SpiritBrand","Toxic Egg 2","downfall:ShatteredFragment","Vajra","Juzu Bracelet","Snecko Eye","Lee\u0027s Waffle","hexamod:TheBrokenSeal","Smiling Mask","Eternal Feather","downfall:HeartBlessingBlue","downfall:HeartBlessingGreen","Sozu","downfall:HeartBlessingRed","Kunai","Bottled Tornado","Bottled Flame","Art of War","Whetstone"],"acts_visited":["Exordium","TheCity","TheBeyond","TheEnding"],"potions_floor_usage":[14,14,15,16,16,16,16,16,16,19,21,25,28,33,33,33,33,33,50],"damage_taken":[{"damage":0,"enemies":"Cultist","floor":2,"turns":3},{"damage":0,"enemies":"downfall:FleeingMerchant","floor":3,"turns":4},{"damage":6,"enemies":"2 Louse","floor":4,"turns":3},{"damage":0,"enemies":"downfall:FleeingMerchant","floor":5,"turns":4},{"damage":1,"enemies":"Jaw Worm","floor":6,"turns":3},{"damage":11,"enemies":"Exordium Wildlife","floor":8,"turns":5},{"damage":11,"enemies":"Gremlin Nob","floor":11,"turns":3},{"damage":2,"enemies":"Blue Slaver","floor":12,"turns":3},{"damage":1,"enemies":"3 Sentries","floor":14,"turns":5},{"damage":6,"enemies":"3 Louse","floor":15,"turns":3},{"damage":15,"enemies":"DF_ARCHETYPE_STREAMLINE","floor":16,"turns":6},{"damage":15,"enemies":"3 Byrds","floor":19,"turns":5},{"damage":0,"enemies":"downfall:FleeingMerchant","floor":20,"turns":4},{"damage":12,"enemies":"Shell Parasite","floor":21,"turns":7},{"damage":20,"enemies":"downfall:FleeingMerchant","floor":22,"turns":4},{"damage":54,"enemies":"Gremlin Leader","floor":23,"turns":7},{"damage":13,"enemies":"Book of Stabbing","floor":25,"turns":4},{"damage":0,"enemies":"Centurion and Healer","floor":26,"turns":3},{"damage":0,"enemies":"Sentry and Sphere","floor":28,"turns":1},{"damage":0,"enemies":"Snecko","floor":32,"turns":3},{"damage":17,"enemies":"WA_ARCHETYPE_CALM","floor":33,"turns":9},{"damage":39,"enemies":"3 Darklings","floor":36,"turns":4},{"damage":3,"enemies":"downfall:FleeingMerchant","floor":37,"turns":3},{"damage":0,"enemies":"Orb Walker","floor":38,"turns":2},{"damage":9,"enemies":"Maw","floor":39,"turns":5},{"damage":0,"enemies":"Jaw Worm Horde","floor":40,"turns":3},{"damage":0,"enemies":"Spire Growth","floor":42,"turns":3},{"damage":0,"enemies":"Transient","floor":44,"turns":5},{"damage":0,"enemies":"3 Darklings","floor":45,"turns":3},{"damage":7,"enemies":"Reptomancer","floor":47,"turns":3},{"damage":0,"enemies":"Spire Growth","floor":48,"turns":3},{"damage":4,"enemies":"Sphere and 2 Shapes","floor":49,"turns":3},{"damage":31,"enemies":"IC_BLOCK_ARCHETYPE","floor":50,"turns":9},{"damage":67,"enemies":"downfall:CharBossMerchant","floor":52,"turns":8},{"damage":21,"enemies":"downfall:NeowBoss","floor":55,"turns":12},{"damage":72,"enemies":"downfall:NeowBossFinal","floor":56,"turns":5}],"seed_played":"4325587613846730511","potions_obtained":[{"floor":8,"key":"LiquidMemories"},{"floor":11,"key":"hexamod:InfernoChargePotion"},{"floor":12,"key":"AttackPotion"},{"floor":14,"key":"hexamod:DoubleChargePotion"},{"floor":14,"key":"EntropicBrew"},{"floor":15,"key":"Block Potion"},{"floor":16,"key":"hexamod:SoulburnPotion"},{"floor":19,"key":"Dexterity Potion"},{"floor":19,"key":"Ancient Potion"},{"floor":20,"key":"Explosive Potion"},{"floor":21,"key":"Weak Potion"},{"floor":23,"key":"DistilledChaos"},{"floor":23,"key":"EntropicBrew"},{"floor":26,"key":"PowerPotion"},{"floor":32,"key":"SteroidPotion"}],"is_trial":false,"path_per_floor":["R","M","$","M","$","M","T","M","R","?","E","M","R","E","M","B",null,"R","M","$","M","$","E","T","E","M","R","M","?","R","?","M","B",null,"R","M","?","M","M","M","T","M","$","M","M","?","E","M","M","B",null,"E","$","R","B","B"],"character_chosen":"THE_SPIRIT","items_purchased":["hexamod:EmpoweredFlame","Lee\u0027s Waffle","Kunai","expansioncontent:PrepareCrush","Whetstone"],"campfire_rested":1,"item_purchase_floors":[3,22,37,37,53],"current_hp_per_floor":[77,77,77,71,71,70,70,59,59,38,27,25,25,24,18,3,77,77,62,62,57,84,85,85,72,72,97,97,83,98,98,98,87,104,104,65,62,62,53,53,53,53,53,53,53,43,36,36,32,1,104,37,37,89,68,0,0,0],"gold":4,"neow_bonus":"TEN_PERCENT_HP_BONUS","is_daily":false,"chose_seed":false,"campfire_upgraded":6,"win_rate":0.0,"timestamp":1613165900,"path_taken":["R","M","$","M","$","M","T","?","R","?","E","M","R","E","M","BOSS","R","M","$","M","$","E","T","E","M","R","M","?","R","?","M","BOSS","R","M","?","M","M","M","T","M","$","M","M","?","E","M","M","BOSS","E","$","R","BOSS","BOSS"],"items_purchased_type":["Card","Relic","Relic","Card","Relic"],"build_version":"2020-12-22","purchased_purges":4,"victory":false,"max_hp_per_floor":[77,77,77,77,77,77,77,77,77,77,77,77,77,77,77,77,77,77,77,77,77,84,94,94,94,94,104,104,104,104,104,104,104,104,104,104,104,104,104,104,104,104,104,104,104,104,104,104,104,104,104,104,104,104,104,104,104,104],"card_choices":[{"not_picked":["hexamod:SwordOfDarkness","hexamod:NecessarySacrifice"],"picked":"hexamod:GhostLash","floor":2},{"not_picked":["hexamod:RetreatToShadows","hexamod:GhostLash"],"picked":"hexamod:RainOfEmbers","floor":3},{"not_picked":["hexamod:Haunt","hexamod:GhostLash"],"picked":"hexamod:ThermalTransfer","floor":4},{"not_picked":["hexamod:CatchUp","hexamod:BacktrackSmack"],"picked":"hexamod:FastForward","floor":5},{"not_picked":["hexamod:ThermalTransfer","hexamod:HauntingEcho"],"picked":"hexamod:EtherealExpedition","floor":6},{"not_picked":["hexamod:ThermalTransfer","hexamod:GhostOfSpirePast"],"picked":"hexamod:ThirdSeal","floor":8},{"not_picked":["hexamod:GhostLash","hexamod:StepThrough"],"picked":"hexamod:GhostShield+1","floor":11},{"not_picked":["hexamod:ShieldOfDarkness+1","hexamod:TurnItUp+1"],"picked":"hexamod:RadiantFlame","floor":11},{"not_picked":["hexamod:GhostLash","hexamod:Firestarter"],"picked":"hexamod:FourthSeal","floor":12},{"not_picked":["hexamod:Incineration","hexamod:SpectersWail"],"picked":"hexamod:GhostflameBarrier+1","floor":14},{"not_picked":["hexamod:Firestarter","hexamod:ShieldOfDarkness+1"],"picked":"hexamod:HauntingEcho","floor":14},{"not_picked":["hexamod:BacktrackSmack","hexamod:RadiantFlame"],"picked":"hexamod:SixthSeal","floor":15},{"not_picked":["hexamod:NightmareStrike","hexamod:ThermalTransfer"],"picked":"hexamod:RecurringNightmare+1","floor":15},{"not_picked":["hexamod:TurnItUp+1","hexamod:SixthSeal"],"picked":"hexamod:FifthSeal","floor":16},{"not_picked":["hexamod:WildfireWeapon","hexamod:SixthSeal"],"picked":"hexamod:VolcanoVisage","floor":16},{"not_picked":["hexamod:ThirdSeal","hexamod:FourthSeal"],"picked":"hexamod:FirstSeal","floor":19},{"not_picked":["hexamod:Firestarter","hexamod:FirstSeal"],"picked":"hexamod:ShieldOfDarkness+1","floor":19},{"not_picked":["hexamod:HeatMetal","hexamod:EtherealExpedition+1"],"picked":"hexamod:GhostOfSpireFuture+1","floor":19},{"not_picked":["hexamod:BacktrackSmack","hexamod:FastForward+1"],"picked":"hexamod:HexaLevel","floor":20},{"not_picked":["hexamod:GhostShield+1","hexamod:SixthSeal","hexamod:HauntingEcho"],"picked":"SKIP","floor":20},{"not_picked":["hexamod:FirstSeal","hexamod:SixthSeal"],"picked":"hexamod:SecondSeal","floor":21},{"not_picked":["hexamod:NightmareGuise+1","hexamod:Again+1"],"picked":"hexamod:SpectralAdrenaline+1","floor":21},{"not_picked":["hexamod:GhostLash","hexamod:FastForward+1"],"picked":"hexamod:GhostflameBarrier+1","floor":21},{"not_picked":["hexamod:GhostShield+1","hexamod:SpectersWail"],"picked":"hexamod:UnleashSpirits","floor":22},{"not_picked":["hexamod:Hexaguard+1","hexamod:ExtraCrispy","hexamod:EtherealExpedition+1"],"picked":"SKIP","floor":22},{"not_picked":["hexamod:InspiringFlames+1","hexamod:GhostOfSpirePast","hexamod:RetreatToShadows+1"],"picked":"SKIP","floor":23},{"not_picked":["hexamod:GhostLash+1","hexamod:ExtraCrispy"],"picked":"hexamod:UnlimitedPower+1","floor":25},{"not_picked":["hexamod:GhostShield+1","hexamod:SpectersWail","hexamod:StepThrough"],"picked":"SKIP","floor":26},{"not_picked":["hexamod:HauntingEcho+1","hexamod:ShieldOfDarkness+1"],"picked":"hexamod:SoulSteal+1","floor":28},{"not_picked":["hexamod:ThermalTransfer+1","hexamod:EtherealExpedition+1","hexamod:Firestarter"],"picked":"SKIP","floor":32},{"not_picked":["hexamod:WildfireWeapon","hexamod:GhostflameInferno+1"],"picked":"hexamod:TurnItUp+1","floor":33},{"not_picked":["hexamod:Haunt+1","hexamod:GhostOfSpireFuture"],"picked":"hexamod:SpectersWail","floor":36},{"not_picked":["hexamod:ThermalTransfer+1","hexamod:BurningTouch+1"],"picked":"hexamod:HeatMetal","floor":37},{"not_picked":["hexamod:ThermalTransfer","hexamod:SpectersWail+1","hexamod:GhostflameBarrier+1"],"picked":"SKIP","floor":38},{"not_picked":["hexamod:GhostLash","hexamod:SixthSeal"],"picked":"hexamod:RainOfEmbers","floor":39},{"not_picked":["hexamod:PhantomFireball","hexamod:StepThrough"],"picked":"hexamod:NightmareGuise+1","floor":40},{"not_picked":["hexamod:SoulSteal+1","hexamod:FastForward+1"],"picked":"hexamod:SwordOfDarkness+1","floor":42},{"not_picked":["hexamod:CatchUp+1","hexamod:EmpoweredFlame+1","hexamod:PhantomFireball+1"],"picked":"SKIP","floor":44},{"not_picked":["hexamod:GhostflameBarrier+1","hexamod:ThermalTransfer+1","hexamod:TimeOfNeed+1"],"picked":"SKIP","floor":45},{"not_picked":["expansioncontent:PolyBeam","expansioncontent:YouAreMine"],"picked":"expansioncontent:Chronoboost","floor":46},{"not_picked":["expansioncontent:PrepareCrush","expansioncontent:InvincibleStrength"],"picked":"expansioncontent:GuardianWhirl","floor":46},{"not_picked":["expansioncontent:InvincibleStrength","expansioncontent:HyperBeam"],"picked":"expansioncontent:AwakenDeath","floor":46},{"not_picked":["hexamod:RadiantFlame","hexamod:GhostOfSpireFuture+1"],"picked":"hexamod:HeatCrush","floor":47},{"not_picked":["hexamod:GhostShield+1","hexamod:AdvancingGuard+1"],"picked":"hexamod:HeatShield+1","floor":48},{"not_picked":["hexamod:FourthSeal","hexamod:BacktrackSmack","hexamod:GhostLash+1"],"picked":"SKIP","floor":49},{"not_picked":["hexamod:PhantomCloak","hexamod:SecondSeal","hexamod:FastForward+1"],"picked":"SKIP","floor":52}],"player_experience":95158,"relics_obtained":[{"floor":7,"key":"Toxic Egg 2"},{"floor":11,"key":"Vajra"},{"floor":14,"key":"Juzu Bracelet"},{"floor":23,"key":"Smiling Mask"},{"floor":25,"key":"Eternal Feather"},{"floor":41,"key":"Bottled Tornado"},{"floor":47,"key":"Bottled Flame"},{"floor":52,"key":"Art of War"}],"event_choices":[{"damage_healed":0,"gold_gain":0,"player_choice":"Ignored","damage_taken":0,"max_hp_gain":0,"max_hp_loss":0,"event_name":"Vampires","floor":31,"gold_loss":0}],"is_beta":false,"boss_relics":[{"not_picked":["Coffee Dripper","Runic Dome"],"picked":"Snecko Eye"},{"not_picked":["hexamod:UnbrokenSoul","Empty Cage"],"picked":"Sozu"}],"items_purged_floors":[20,37,43,53],"is_endless":false,"potions_floor_spawned":[8,11,12,14,19,23,26,32,38,39,44,45,48],"killed_by":"downfall:NeowBossFinal","ascension_level":0}}