{"host":"8rqsnaeml9gxb0kp","time":1613103543,"event":{"mods":["AchievementEnabler","BaseMod","Dark Map","Minty Spire (QoL Compilation)","Relic Stats","StSLib","slay the spire mod where everything is the same but ironclad has a cowboy hat"],"gold_per_floor":[109,126,139,151,165,165,165,181,181,181,196,208,61,121,121,216,216,236,256,256,181,181,181,200,299,299,299,299,314,291,304,304,402,402,419,419,429,359,376,376,386,397,469,486,499,499,40,58,58,58,58],"floor_reached":50,"language":"ENG","playtime":1564,"items_purged":["Rampage","Strike_R"],"score":467,"play_id":"7ab146d9-b201-46d3-9ed3-baec217a4bb6","local_time":"20210211201903","is_ascension_mode":false,"campfire_choices":[{"data":"Flex","floor":6,"key":"SMITH"},{"data":"Flex","floor":10,"key":"SMITH"},{"data":"Limit Break","floor":15,"key":"SMITH"},{"data":"Shockwave","floor":23,"key":"SMITH"},{"data":"Heavy Blade","floor":27,"key":"SMITH"},{"data":"Flex","floor":32,"key":"SMITH"},{"data":"Demon Form","floor":40,"key":"SMITH"},{"floor":46,"key":"REST"},{"floor":49,"key":"REST"}],"circlet_count":0,"master_deck":["Strike_R","Defend_R","Defend_R","Defend_R","Defend_R","Bash","Flex+1","Heavy Blade","Anger","Pommel Strike","Flex+1","Sword Boomerang","Wild Strike","Limit Break+1","Reaper","Flex+1","Heavy Blade+1","Blood for Blood","Shockwave+1","Headbutt","Pummel+1","Flex+1","Battle Trance","Fiend Fire","Blood for Blood+1","Pummel","Demon Form+1","Cleave","Battle Trance","Twin Strike+1","Limit Break+1","Flame Barrier","Cleave+1"],"relics":["Runic Dome","Vajra","DollysMirror"],"acts_visited":["Exordium","TheCity","TheBeyond"],"potions_floor_usage":[29,29,33,33,44,44,45],"damage_taken":[{"damage":0,"enemies":"Small Slimes","floor":1,"turns":3},{"damage":1,"enemies":"Cultist","floor":2,"turns":3},{"damage":2,"enemies":"2 Louse","floor":3,"turns":2},{"damage":7,"enemies":"Blue Slaver","floor":4,"turns":2},{"damage":10,"enemies":"3 Louse","floor":5,"turns":3},{"damage":7,"enemies":"Large Slime","floor":8,"turns":4},{"damage":0,"enemies":"Looter","floor":11,"turns":1},{"damage":0,"enemies":"Blue Slaver","floor":12,"turns":1},{"damage":30,"enemies":"Hexaghost","floor":16,"turns":5},{"damage":15,"enemies":"Shell Parasite","floor":18,"turns":3},{"damage":10,"enemies":"Chosen","floor":19,"turns":2},{"damage":25,"enemies":"Centurion and Healer","floor":24,"turns":6},{"damage":0,"enemies":"Shelled Parasite and Fungi","floor":29,"turns":2},{"damage":0,"enemies":"Snake Plant","floor":31,"turns":2},{"damage":50,"enemies":"Champ","floor":33,"turns":6},{"damage":10,"enemies":"Orb Walker","floor":35,"turns":2},{"damage":12,"enemies":"3 Darklings","floor":37,"turns":3},{"damage":18,"enemies":"Sphere and 2 Shapes","floor":39,"turns":4},{"damage":21,"enemies":"Spire Growth","floor":41,"turns":3},{"damage":0,"enemies":"Jaw Worm Horde","floor":42,"turns":2},{"damage":44,"enemies":"3 Darklings","floor":44,"turns":6},{"damage":18,"enemies":"Transient","floor":45,"turns":5},{"damage":24,"enemies":"Jaw Worm Horde","floor":48,"turns":3},{"damage":68,"enemies":"Awakened One","floor":50,"turns":4}],"seed_played":"7051106625886404201","potions_obtained":[{"floor":8,"key":"Strength Potion"},{"floor":11,"key":"Swift Potion"},{"floor":12,"key":"SteroidPotion"},{"floor":29,"key":"GamblersBrew"},{"floor":33,"key":"Swift Potion"},{"floor":36,"key":"PowerPotion"},{"floor":36,"key":"SkillPotion"},{"floor":45,"key":"FearPotion"}],"is_trial":false,"path_per_floor":["M","M","M","M","M","R","?","M","T","R","M","M","$","?","R","B",null,"M","M","?","$","?","R","M","?","T","R","?","M","$","M","R","B",null,"M","?","M","$","M","R","M","M","T","M","M","R","$","M","R","B"],"character_chosen":"IRONCLAD","items_purchased":["Limit Break","Flex","Pummel","Vajra","DollysMirror","Flame Barrier"],"campfire_rested":2,"item_purchase_floors":[13,30,38,47,47,47],"current_hp_per_floor":[80,79,77,70,60,60,60,53,53,53,53,53,53,53,53,23,80,74,64,64,64,64,64,63,63,63,63,63,63,63,63,63,31,80,70,70,68,68,50,50,45,45,45,31,29,53,53,29,53,0,0],"gold":58,"neow_bonus":"BOSS_RELIC","is_daily":false,"chose_seed":false,"campfire_upgraded":7,"win_rate":0.0,"timestamp":1613103543,"path_taken":["M","M","M","M","M","R","?","?","T","R","M","M","$","?","R","BOSS","M","M","?","$","?","R","M","?","T","R","?","?","?","M","R","BOSS","M","?","M","$","M","R","M","M","T","M","M","R","$","M","R","BOSS"],"items_purchased_type":["Card","Card","Card","Relic","Relic","Card"],"build_version":"2020-12-22","purchased_purges":2,"victory":false,"max_hp_per_floor":[80,80,80,80,80,80,80,80,80,80,80,80,80,80,80,80,80,80,80,80,80,80,80,80,80,80,80,80,80,80,80,80,80,80,80,80,80,80,80,80,80,80,80,80,80,80,80,80,80,80,80],"relic_stats":{"counters":[24,77],"obtain_stats":[{"Runic Dome":0,"DollysMirror":47,"Vajra":47,"Burning Blood":0},{"Runic Dome":0,"DollysMirror":22,"Vajra":22,"Burning Blood":0},{"Runic Dome":0,"DollysMirror":70,"Vajra":70,"Burning Blood":0}]},"card_choices":[{"not_picked":["Sword Boomerang","Clash"],"picked":"Flex","floor":1},{"not_picked":["Blood for Blood","True Grit"],"picked":"Heavy Blade","floor":2},{"not_picked":["Armaments","Wild Strike"],"picked":"Anger","floor":3},{"not_picked":["Sentinel","Anger"],"picked":"Pommel Strike","floor":4},{"not_picked":["Sword Boomerang","Armaments"],"picked":"Flex","floor":5},{"not_picked":["Uppercut","Combust"],"picked":"Sword Boomerang","floor":8},{"not_picked":["Reckless Charge","Dark Embrace"],"picked":"Wild Strike","floor":11},{"not_picked":["Infernal Blade","Second Wind","Wild Strike"],"picked":"SKIP","floor":12},{"not_picked":["Fiend Fire","Feed"],"picked":"Reaper","floor":16},{"not_picked":["Searing Blow+1","Rupture"],"picked":"Flex+1","floor":18},{"not_picked":["Twin Strike","Clothesline"],"picked":"Heavy Blade","floor":19},{"not_picked":["Fire Breathing","Clash"],"picked":"Headbutt","floor":24},{"not_picked":["Disarm","Anger"],"picked":"Pummel+1","floor":29},{"not_picked":["Rage","Armaments"],"picked":"Battle Trance","floor":31},{"not_picked":["Bludgeon","Brutality"],"picked":"Fiend Fire","floor":33},{"not_picked":["Armaments","Thunderclap"],"picked":"Blood for Blood+1","floor":35},{"not_picked":["Combust+1","Thunderclap","Body Slam"],"picked":"SKIP","floor":37},{"not_picked":["Pommel Strike+1","Searing Blow+1"],"picked":"Demon Form","floor":39},{"not_picked":["Iron Wave+1","Wild Strike+1"],"picked":"Cleave","floor":41},{"not_picked":["Dark Embrace+1","Rupture+1","Hemokinesis"],"picked":"SKIP","floor":42},{"not_picked":["Hemokinesis+1","Sentinel"],"picked":"Battle Trance","floor":44},{"not_picked":["Wild Strike","Fire Breathing"],"picked":"Twin Strike+1","floor":45},{"not_picked":["Wild Strike","Perfected Strike+1"],"picked":"Cleave+1","floor":48}],"player_experience":205821,"relics_obtained":[],"event_choices":[{"cards_removed":["Strike_R"],"damage_healed":0,"gold_gain":0,"player_choice":"Offered Basic","damage_taken":0,"max_hp_gain":0,"max_hp_loss":0,"event_name":"Bonfire Elementals","floor":7,"gold_loss":0},{"damage_healed":0,"gold_gain":60,"player_choice":"Gained Gold","damage_taken":0,"max_hp_gain":0,"max_hp_loss":0,"event_name":"Golden Wing","floor":14,"gold_loss":0},{"damage_healed":0,"gold_gain":0,"cards_transformed":["Strike_R","Strike_R"],"player_choice":"Became Test Subject","damage_taken":0,"max_hp_gain":0,"max_hp_loss":0,"event_name":"Drug Dealer","floor":20,"gold_loss":0,"cards_obtained":["Blood for Blood","Rampage"]},{"damage_healed":0,"gold_gain":0,"player_choice":"Read","damage_taken":0,"max_hp_gain":0,"max_hp_loss":0,"event_name":"The Library","floor":22,"gold_loss":0,"cards_obtained":["Shockwave"]},{"damage_healed":0,"gold_gain":99,"player_choice":"Stole From Cult","damage_taken":0,"max_hp_gain":0,"max_hp_loss":0,"event_name":"Nest","floor":25,"gold_loss":0},{"damage_healed":0,"gold_gain":0,"player_choice":"Ignored","damage_taken":0,"max_hp_gain":0,"max_hp_loss":0,"event_name":"The Mausoleum","floor":28,"gold_loss":0},{"damage_healed":0,"gold_gain":0,"player_choice":"Got Potions","damage_taken":0,"max_hp_gain":0,"max_hp_loss":0,"event_name":"Lab","floor":36,"gold_loss":0}],"is_beta":false,"boss_relics":[{"not_picked":["Pandora\u0027s Box","Velvet Choker","Runic Cube"]},{"not_picked":["Black Star","Mark of Pain","Calling Bell"]}],"items_purged_floors":[21,47],"is_endless":false,"potions_floor_spawned":[8,11,12,16,18,29,33,39,41,45],"killed_by":"Awakened One","ascension_level":0}}