{"host":"50qwps766cbz6ukm","time":1613130011,"event":{"mods":["BaseMod","Colored Map","Colored Powertips","DeckTracker","Highlight Path","Minty Spire (QoL Compilation)","Quick Restart","Remove Card Discount Mod","StSLib","SuperFastMode","Synergy Search"],"gold_per_floor":[116,191,33,33,33,58,77,93,117,141,141,141,141],"floor_reached":12,"language":"ENG","playtime":420,"items_purged":["Strike_P","Strike_P","Strike_P","Defend_P","Defend_P","Defend_P"],"score":141,"play_id":"55e2e021-b2fc-47c9-9918-b92bcfc7c775","local_time":"20210212134011","is_ascension_mode":true,"campfire_choices":[{"floor":11,"key":"REST"}],"circlet_count":0,"master_deck":["Strike_P","Defend_P","Eruption","Vigilance+1","Prostrate+1","Pain","PathToVictory","Prostrate"],"relics":["PureWater","NeowsBlessing","Akabeko","WarpedTongs","Nunchaku","Potion Belt","Regal Pillow"],"acts_visited":["Exordium"],"potions_floor_usage":[],"damage_taken":[{"damage":0,"enemies":"Small Slimes","floor":1,"turns":1},{"damage":0,"enemies":"Lagavulin","floor":6,"turns":1},{"damage":1,"enemies":"Jaw Worm","floor":7,"turns":1},{"damage":7,"enemies":"2 Louse","floor":8,"turns":3},{"damage":30,"enemies":"3 Sentries","floor":12,"turns":5}],"seed_played":"-8501955139324464119","potions_obtained":[{"floor":6,"key":"ColorlessPotion"},{"floor":8,"key":"BlessingOfTheForge"}],"is_trial":false,"path_per_floor":["M","?","$","?","?","E","M","M","T","T","R","E"],"character_chosen":"WATCHER","items_purchased":["Akabeko"],"campfire_rested":1,"item_purchase_floors":[3],"current_hp_per_floor":[65,54,54,40,40,40,39,32,32,32,68,38,38],"gold":141,"neow_bonus":"THREE_ENEMY_KILL","is_daily":false,"chose_seed":false,"campfire_upgraded":0,"win_rate":0.0,"timestamp":1613130011,"path_taken":["M","?","$","?","?","E","?","M","T","?","R","E"],"items_purchased_type":["Relic"],"build_version":"2020-12-22","purchased_purges":6,"victory":false,"max_hp_per_floor":[72,72,72,72,72,72,72,72,72,72,72,72,72],"card_choices":[{"not_picked":["Evaluate","WaveOfTheHand"],"picked":"Prostrate","floor":1},{"not_picked":["DeceiveReality","ConjureBlade"],"picked":"PathToVictory","floor":6},{"not_picked":["Evaluate","WheelKick","Halt"],"picked":"SKIP","floor":7},{"not_picked":["Halt","Wireheading"],"picked":"Prostrate","floor":8}],"player_experience":590307,"relics_obtained":[{"floor":6,"key":"Nunchaku"},{"floor":9,"key":"Potion Belt"},{"floor":10,"key":"Regal Pillow"}],"event_choices":[{"damage_healed":0,"gold_gain":75,"player_choice":"Gather Gold","damage_taken":11,"max_hp_gain":0,"max_hp_loss":0,"event_name":"World of Goop","floor":2,"gold_loss":0},{"damage_healed":0,"gold_gain":0,"player_choice":"Entered Light","damage_taken":14,"max_hp_gain":0,"max_hp_loss":0,"event_name":"Shining Light","floor":4,"gold_loss":0,"cards_upgraded":["Vigilance","Prostrate"]},{"damage_healed":0,"gold_gain":0,"player_choice":"Rummage","damage_taken":0,"relics_obtained":["WarpedTongs"],"max_hp_gain":0,"max_hp_loss":0,"event_name":"Accursed Blacksmith","floor":5,"gold_loss":0,"cards_obtained":["Pain"]}],"is_beta":false,"boss_relics":[],"items_purged_floors":[3,3,3,3,3,3],"is_endless":false,"potions_floor_spawned":[6,8],"killed_by":"3 Sentries","ascension_level":8}}