{"host":"rtw1tnr74gozsrw1","time":1613171272,"event":{"mods":["BaseMod","Colored Map","Colored Powertips","Highlight Path","Infinite Spire","Minty Spire (QoL Compilation)","StSLib","The Jungle"],"gold_per_floor":[114,114,114,114,39,39,59,70,70,104,104,115,65,83,83,186,186,186,186,186,186,186,186,186,186,186,186,86,86,86,86,86,86,86,86,86,86,86],"floor_reached":37,"language":"ENG","playtime":791,"items_purged":["Strike_R","Strike_R","Strike_R"],"score":560,"play_id":"e0657d2d-42db-4648-94a0-e139c7e9ecd3","local_time":"20210213000752","is_ascension_mode":true,"campfire_choices":[{"data":"infinitespire:DeathsTouch","floor":6,"key":"SMITH"},{"data":"Inflame","floor":11,"key":"SMITH"},{"data":"Inflame","floor":15,"key":"SMITH"},{"data":"Double Tap","floor":23,"key":"SMITH"},{"data":"Heavy Blade","floor":25,"key":"SMITH"},{"data":"Flex","floor":30,"key":"SMITH"},{"floor":32,"key":"REST"}],"circlet_count":0,"master_deck":["Strike_R","Defend_R","Defend_R","Defend_R","Defend_R","Bash","infinitespire:DeathsTouch+1","Shockwave","Inflame+1","Heavy Blade+1","Inflame+1","Double Tap+1","Shrug It Off","Flex+1","Rage+1"],"relics":["Black Blood","NeowsBlessing","InkBottle","Vajra","Ectoplasm","infinitespire:Beetle Shell","Self Forming Clay"],"acts_visited":["Exordium","TheCity","TheBeyond"],"potions_floor_usage":[31],"damage_taken":[{"damage":0,"enemies":"2 Louse","floor":1,"turns":1},{"damage":0,"enemies":"Small Slimes","floor":7,"turns":1},{"damage":0,"enemies":"Cultist","floor":8,"turns":1},{"damage":16,"enemies":"Gremlin Nob","floor":10,"turns":3},{"damage":7,"enemies":"Looter","floor":12,"turns":3},{"damage":13,"enemies":"Large Slime","floor":14,"turns":4},{"damage":0,"enemies":"Slime Boss","floor":16,"turns":5},{"damage":7,"enemies":"Chosen","floor":18,"turns":3},{"damage":20,"enemies":"Book of Stabbing","floor":24,"turns":3},{"damage":0,"enemies":"Spheric Guardian","floor":27,"turns":1},{"damage":24,"enemies":"Snake Plant","floor":29,"turns":4},{"damage":14,"enemies":"Centurion and Healer","floor":31,"turns":3},{"damage":0,"enemies":"Collector","floor":33,"turns":4},{"damage":13,"enemies":"3 Darklings","floor":35,"turns":3},{"damage":16,"enemies":"Orb Walker","floor":36,"turns":4},{"damage":0,"enemies":"infinitespire:Three Voidlings","floor":37,"turns":1}],"seed_played":"4326274788163259031","potions_obtained":[{"floor":7,"key":"SkillPotion"},{"floor":8,"key":"LiquidMemories"},{"floor":12,"key":"LiquidMemories"},{"floor":18,"key":"Fire Potion"},{"floor":31,"key":"SteroidPotion"}],"is_trial":false,"path_per_floor":["M","?","?","?","$","R","M","M","T","E","R","M","?","M","R","B",null,"M","?","AVR","?","?","R","E","R","T","M","$","M","R","M","R","B",null,"M","M","?"],"character_chosen":"IRONCLAD","items_purchased":[],"campfire_rested":1,"item_purchase_floors":[],"current_hp_per_floor":[80,59,80,80,80,80,80,80,80,70,70,69,69,62,62,68,80,79,64,64,64,64,64,50,50,50,56,56,38,38,30,55,61,85,84,80,80,80],"gold":86,"neow_bonus":"THREE_ENEMY_KILL","is_daily":false,"chose_seed":false,"campfire_upgraded":6,"win_rate":0.0,"timestamp":1613171272,"path_taken":["M","?","?","?","$","R","M","M","T","E","R","?","?","M","R","BOSS","M","?","AVR","?","?","R","E","R","T","M","$","M","R","M","R","BOSS","M","M","?"],"items_purchased_type":[],"build_version":"2020-12-22","purchased_purges":3,"victory":false,"max_hp_per_floor":[80,80,80,80,80,80,80,80,80,80,80,80,80,80,80,80,80,80,85,85,85,85,85,85,85,85,85,85,85,85,85,85,85,85,85,85,85,85],"card_choices":[{"not_picked":["Pommel Strike","Twin Strike","Perfected Strike"],"picked":"SKIP","floor":1},{"not_picked":["infinitespire:SealOfDarkness+","infinitespire:Menacing"],"picked":"infinitespire:DeathsTouch","floor":2},{"not_picked":["Seeing Red","Dropkick","Armaments"],"picked":"SKIP","floor":7},{"not_picked":["Power Through","Iron Wave"],"picked":"Shockwave","floor":8},{"not_picked":["Searing Blow","Intimidate"],"picked":"Inflame","floor":10},{"not_picked":["Clothesline","Body Slam"],"picked":"Heavy Blade","floor":12},{"not_picked":["Iron Wave","Dual Wield"],"picked":"Inflame","floor":14},{"not_picked":["Feed","Reaper"],"picked":"Double Tap","floor":16},{"not_picked":["Thunderclap+1","Heavy Blade","Carnage"],"picked":"SKIP","floor":18},{"not_picked":["Searing Blow","Power Through+1","Havoc"],"picked":"SKIP","floor":24},{"not_picked":["Iron Wave","Bloodletting+1"],"picked":"Shrug It Off","floor":27},{"not_picked":["Seeing Red+1","Pommel Strike"],"picked":"Flex","floor":29},{"not_picked":["Evolve","Havoc"],"picked":"Rage+1","floor":31},{"not_picked":["Disarm","Anger","Sword Boomerang"],"picked":"SKIP","floor":35},{"not_picked":["Power Through","Dropkick+1","Twin Strike"],"picked":"SKIP","floor":36}],"player_experience":145644,"relics_obtained":[{"floor":9,"key":"InkBottle"},{"floor":10,"key":"Vajra"},{"floor":24,"key":"infinitespire:Beetle Shell"},{"floor":26,"key":"Self Forming Clay"}],"event_choices":[{"damage_healed":26,"gold_gain":0,"player_choice":"Banana","damage_taken":0,"max_hp_gain":0,"max_hp_loss":0,"event_name":"Big Fish","floor":3,"gold_loss":0},{"damage_healed":0,"gold_gain":0,"player_choice":"0 cards matched","damage_taken":0,"max_hp_gain":0,"max_hp_loss":0,"event_name":"Match and Keep!","floor":4,"gold_loss":0,"cards_obtained":[]},{"cards_removed":["Strike_R"],"damage_healed":0,"gold_gain":0,"player_choice":"Card Removal","damage_taken":0,"max_hp_gain":0,"max_hp_loss":0,"event_name":"The Cleric","floor":13,"gold_loss":50},{"damage_healed":0,"gold_gain":0,"player_choice":"Shed Blood","damage_taken":20,"max_hp_gain":5,"max_hp_loss":0,"event_name":"Forgotten Altar","floor":19,"gold_loss":0},{"damage_healed":0,"gold_gain":0,"player_choice":"Ignored","damage_taken":0,"max_hp_gain":0,"max_hp_loss":0,"event_name":"Cursed Tome","floor":21,"gold_loss":0},{"damage_healed":0,"gold_gain":0,"player_choice":"Ignored","damage_taken":0,"max_hp_gain":0,"max_hp_loss":0,"event_name":"Vampires","floor":22,"gold_loss":0}],"is_beta":false,"boss_relics":[{"not_picked":["Runic Dome","infinitespire:Cupcake"],"picked":"Ectoplasm"},{"not_picked":["Mark of Pain","Calling Bell"],"picked":"Black Blood"}],"items_purged_floors":[5,20,28],"is_endless":false,"potions_floor_spawned":[7,8,12,18,24,31],"killed_by":"infinitespire:Three Voidlings","ascension_level":3}}