{"host":"pqs17sqrgflf4eqa","time":1613157347,"event":{"mods":["AchievementEnabler","BaseMod","Bestiary","Better Altar","Colored Map","Colored Powertips","Emptier Cage","Googly Eyes","Highlight Path","Minty Spire (QoL Compilation)","Quick Restart","StSLib","SuperFastMode","Transform Curses","slay the spire mod where everything is the same but ironclad has a cowboy hat"],"gold_per_floor":[109,109,126,126,54,54,74,102,179,209,209,221,221,232,232,334,334,350,350,350,367,17,17,17],"floor_reached":23,"language":"ENG","playtime":433,"items_purged":[],"score":343,"play_id":"cb43f58f-15f7-422f-b96e-bb19a9be161a","local_time":"20210212141547","is_ascension_mode":true,"campfire_choices":[{"data":"CrushJoints","floor":6,"key":"SMITH"},{"floor":11,"key":"REST"},{"data":"ConjureBlade","floor":15,"key":"SMITH"}],"circlet_count":0,"master_deck":["Strike_P","Strike_P","Strike_P","Strike_P","Defend_P","Defend_P","Defend_P+1","Defend_P","Eruption+1","Vigilance","Consecrate","CrushJoints+1","CrushJoints+1","FlurryOfBlows","EmptyBody","ConjureBlade+1","Crescendo+1","SashWhip","PathToVictory+1","LessonLearned","EmptyFist+1","Writhe","Evaluate+1","ClearTheMind+1"],"relics":["PureWater","Gambling Chip","Tiny Chest","Toxic Egg 2","Regal Pillow","Philosopher\u0027s Stone","Blue Candle","HandDrill","Nunchaku"],"acts_visited":["TheCity"],"potions_floor_usage":[14,16,21,21],"damage_taken":[{"damage":19,"enemies":"Small Slimes","floor":1,"turns":2},{"damage":0,"enemies":"Cultist","floor":3,"turns":1},{"damage":12,"enemies":"Jaw Worm","floor":7,"turns":2},{"damage":0,"enemies":"Gremlin Nob","floor":8,"turns":2},{"damage":30,"enemies":"Lagavulin","floor":10,"turns":5},{"damage":0,"enemies":"Blue Slaver","floor":12,"turns":2},{"damage":2,"enemies":"Large Slime","floor":14,"turns":3},{"damage":0,"enemies":"Slime Boss","floor":16,"turns":3},{"damage":0,"enemies":"Spheric Guardian","floor":18,"turns":3},{"damage":3,"enemies":"3 Byrds","floor":21,"turns":3},{"damage":62,"enemies":"Gremlin Leader","floor":23,"turns":3}],"seed_played":"181902811801551362","potions_obtained":[{"floor":7,"key":"EssenceOfSteel"},{"floor":10,"key":"ColorlessPotion"},{"floor":12,"key":"GamblersBrew"},{"floor":16,"key":"PowerPotion"}],"is_trial":false,"path_per_floor":["M","?","M","?","$","R","M","E","T","E","R","M","?","M","R","B",null,"M","?","?","M","$","E"],"character_chosen":"WATCHER","items_purchased":["CrushJoints","FlurryOfBlows","ClearTheMind+1","HandDrill","Nunchaku"],"campfire_rested":1,"item_purchase_floors":[5,5,22,22,22],"current_hp_per_floor":[46,46,46,46,46,46,34,34,34,4,38,38,43,41,41,41,63,63,63,63,60,60,0,0],"gold":17,"neow_bonus":"ONE_RARE_RELIC","is_daily":false,"chose_seed":false,"campfire_upgraded":2,"win_rate":0.0,"timestamp":1613157347,"path_taken":["M","?","?","?","$","R","M","E","T","E","R","M","?","M","R","BOSS","M","?","?","M","$","E"],"items_purchased_type":["Card","Card","Card","Relic","Relic"],"build_version":"2020-12-22","purchased_purges":0,"victory":false,"max_hp_per_floor":[65,65,65,65,65,65,65,65,65,65,65,65,70,70,70,70,70,70,70,70,70,70,70,70],"card_choices":[{"not_picked":["CutThroughFate","MentalFortress"],"picked":"Consecrate","floor":1},{"not_picked":["Halt","EmptyMind"],"picked":"CrushJoints","floor":3},{"not_picked":["Weave","ThirdEye"],"picked":"EmptyBody","floor":7},{"not_picked":["CrushJoints","Consecrate"],"picked":"ConjureBlade","floor":8},{"not_picked":["SashWhip","Prostrate+1"],"picked":"Crescendo+1","floor":10},{"not_picked":["WindmillStrike","Wallop"],"picked":"SashWhip","floor":12},{"not_picked":["TalkToTheHand","ReachHeaven"],"picked":"PathToVictory+1","floor":14},{"not_picked":["ConjureBlade+1","SpiritShield+1"],"picked":"LessonLearned","floor":16},{"not_picked":["Adaptation+1","Worship+1"],"picked":"EmptyFist+1","floor":18},{"not_picked":["Consecrate","BowlingBash"],"picked":"Evaluate+1","floor":21}],"player_experience":175570,"relics_obtained":[{"floor":8,"key":"Tiny Chest"},{"floor":9,"key":"Toxic Egg 2"},{"floor":10,"key":"Regal Pillow"}],"event_choices":[{"damage_healed":0,"gold_gain":0,"player_choice":"Upgraded","damage_taken":0,"max_hp_gain":0,"max_hp_loss":0,"event_name":"Upgrade Shrine","floor":2,"gold_loss":0,"cards_upgraded":["Eruption"]},{"damage_healed":0,"gold_gain":0,"player_choice":"Grow","damage_taken":0,"max_hp_gain":0,"max_hp_loss":0,"event_name":"Living Wall","floor":4,"gold_loss":0,"cards_upgraded":["CrushJoints"]},{"damage_healed":0,"gold_gain":0,"player_choice":"Donut","damage_taken":0,"max_hp_gain":5,"max_hp_loss":0,"event_name":"Big Fish","floor":13,"gold_loss":0},{"damage_healed":0,"gold_gain":0,"player_choice":"Opened","damage_taken":0,"relics_obtained":["Blue Candle"],"max_hp_gain":0,"max_hp_loss":0,"event_name":"The Mausoleum","floor":19,"gold_loss":0,"cards_obtained":["Writhe"]},{"damage_healed":0,"gold_gain":0,"player_choice":"Ignored","damage_taken":0,"max_hp_gain":0,"max_hp_loss":0,"event_name":"Ghosts","floor":20,"gold_loss":0}],"is_beta":false,"boss_relics":[{"not_picked":["SlaversCollar","Astrolabe"],"picked":"Philosopher\u0027s Stone"}],"items_purged_floors":[],"is_endless":false,"potions_floor_spawned":[7,10,12,16],"killed_by":"Gremlin Leader","ascension_level":5}}