{"host":"hrn9sk6g3e0vcjdq","time":1613166992,"event":{"mods":["AchievementEnabler","BaseMod","BetterRewards","Colored Map","Colored Powertips","Hubris","Minty Spire (QoL Compilation)","Quick Restart","StSLib"],"gold_per_floor":[113,113,38,49,49,380,380,413,413,413,413],"floor_reached":10,"language":"ENG","playtime":369,"items_purged":["Regret"],"score":85,"play_id":"a9bd3256-f655-490a-a31d-512f76a475b4","local_time":"20210212215632","is_ascension_mode":true,"campfire_choices":[{"floor":7,"key":"REST"}],"circlet_count":0,"master_deck":["Strike_P","Strike_P","Strike_P","Strike_P","Defend_P+1","Defend_P+1","Defend_P","Defend_P","Eruption","Vigilance","Study","ClearTheMind","Halt","FlyingSleeves"],"relics":["PureWater","Darkstone Periapt","Golden Idol","Old Coin","Nunchaku","War Paint"],"acts_visited":["Exordium"],"potions_floor_usage":[6,10],"damage_taken":[{"damage":9,"enemies":"Small Slimes","floor":1,"turns":4},{"damage":6,"enemies":"Jaw Worm","floor":4,"turns":5},{"damage":30,"enemies":"Lagavulin","floor":6,"turns":8},{"damage":44,"enemies":"3 Sentries","floor":8,"turns":10},{"damage":13,"enemies":"Gremlin Nob","floor":10,"turns":3}],"seed_played":"-5515672772613862692","potions_obtained":[{"floor":4,"key":"Explosive Potion"},{"floor":6,"key":"FearPotion"},{"floor":8,"key":"LiquidMemories"}],"is_trial":false,"path_per_floor":["M","?","$","M","?","E","R","E","T","E"],"character_chosen":"WATCHER","items_purchased":["Study"],"campfire_rested":1,"item_purchase_floors":[0],"current_hp_per_floor":[63,69,69,63,63,33,54,10,10,0,0],"gold":413,"neow_bonus":"","is_daily":false,"chose_seed":false,"campfire_upgraded":0,"win_rate":0.0,"timestamp":1613166992,"path_taken":["M","?","$","M","?","E","R","E","T","E"],"items_purchased_type":["Card"],"build_version":"2020-12-22","purchased_purges":1,"victory":false,"max_hp_per_floor":[72,78,78,78,72,72,72,72,72,72,72],"card_choices":[{"not_picked":["Prostrate","MentalFortress"],"picked":"ClearTheMind","floor":1},{"not_picked":["EmptyMind","Pray"],"picked":"Halt","floor":4},{"not_picked":["Evaluate","MentalFortress"],"picked":"FlyingSleeves","floor":6},{"not_picked":["Prostrate","ClearTheMind","JustLucky"],"picked":"SKIP","floor":8}],"player_experience":635685,"relics_obtained":[{"floor":6,"key":"Old Coin"},{"floor":8,"key":"Nunchaku"},{"floor":9,"key":"War Paint"}],"event_choices":[{"damage_healed":0,"gold_gain":0,"player_choice":"Box","damage_taken":0,"relics_obtained":["Darkstone Periapt"],"max_hp_gain":0,"max_hp_loss":0,"event_name":"Big Fish","floor":2,"gold_loss":0,"cards_obtained":["Regret"]},{"damage_healed":0,"gold_gain":0,"player_choice":"Lose Max HP","damage_taken":0,"relics_obtained":["Golden Idol"],"max_hp_gain":0,"max_hp_loss":6,"event_name":"Golden Idol","floor":5,"gold_loss":0}],"is_beta":false,"boss_relics":[],"items_purged_floors":[3],"is_endless":false,"potions_floor_spawned":[4,6,8],"killed_by":"Gremlin Nob","ascension_level":3}}