{"host":"8is2j71l4wmybkoi","time":1613146092,"event":{"mods":["AchievementEnabler","BaseMod","Colored Map","DeckTracker","Minty Spire (QoL Compilation)","Rare Cards Sparkle","Relic Stats","StSLib","SuperFastMode"],"gold_per_floor":[115,132,132,143,143,143,172,198,198,225,260,277,277,310,310,384,384,395,395,395,20,20,33,46,46,46,76,76,115,115,149,149,232,232,257,267,227,1235,1258,1283,1299,1299,1351,1351,1387,950,976,1025,1025,1025,1025,1025,598,624,624],"floor_reached":56,"language":"KOR","playtime":3033,"items_purged":["Strike_R","Normality","Strike_R"],"score":2279,"play_id":"b163cdc4-7646-45ce-b0f1-14251e33c0a7","local_time":"20210213010812","is_ascension_mode":true,"campfire_choices":[{"data":"Bash","floor":6.0,"key":"SMITH"},{"data":"Rage","floor":15.0,"key":"SMITH"},{"data":"Ghostly","floor":30.0,"key":"SMITH"},{"data":"Evolve","floor":32.0,"key":"SMITH"},{"data":"Barricade","floor":42.0,"key":"SMITH"},{"floor":49.0,"key":"RECALL"},{"data":"Double Tap","floor":52.0,"key":"SMITH"}],"circlet_count":0,"master_deck":["AscendersBane","Strike_R+1","Defend_R","Defend_R+1","Defend_R+1","Defend_R","Bash+1","Fire Breathing+1","Reckless Charge","Rage+1","Evolve+1","Dropkick","Double Tap+1","Uppercut+1","Ghostly+1","Ghostly","Ghostly","Seeing Red","Shrug It Off","Barricade+1","Power Through","Sword Boomerang+1","Feel No Pain","Body Slam+1","Secret Technique","Shrug It Off","Dual Wield"],"relics":["Burning Blood","War Paint","WingedGreaves","Oddly Smooth Stone","Potion Belt","Vajra","Incense Burner","Juzu Bracelet","Black Star","Thread and Needle","Shuriken","Meat on the Bone","Omamori","Strawberry","Art of War","CeramicFish","Pen Nib","Pocketwatch","Calling Bell","Nunchaku","Sundial","Magic Flower","Dream Catcher","Lantern","Centennial Puzzle","Red Skull","Ice Cream","Membership Card","TungstenRod","Toy Ornithopter","Happy Flower","Whetstone","Ginger","Bag of Preparation","Boot","Toolbox","Kunai","Anchor"],"acts_visited":["Exordium","TheCity","TheBeyond","TheEnding"],"potions_floor_usage":[54,55,55,55],"damage_taken":[{"damage":9.0,"enemies":"2 Louse","floor":1.0,"turns":3.0},{"damage":2.0,"enemies":"Cultist","floor":2.0,"turns":4.0},{"damage":5.0,"enemies":"Small Slimes","floor":4.0,"turns":5.0},{"damage":12.0,"enemies":"3 Sentries","floor":7.0,"turns":4.0},{"damage":11.0,"enemies":"Lagavulin","floor":8.0,"turns":7.0},{"damage":16.0,"enemies":"3 Sentries","floor":10.0,"turns":5.0},{"damage":21.0,"enemies":"Gremlin Nob","floor":11.0,"turns":4.0},{"damage":4.0,"enemies":"Blue Slaver","floor":12.0,"turns":3.0},{"damage":13.0,"enemies":"Lagavulin","floor":14.0,"turns":6.0},{"damage":16.0,"enemies":"The Guardian","floor":16.0,"turns":12.0},{"damage":4.0,"enemies":"3 Byrds","floor":18.0,"turns":6.0},{"damage":0.0,"enemies":"Spheric Guardian","floor":23.0,"turns":4.0},{"damage":6.0,"enemies":"Centurion and Healer","floor":24.0,"turns":7.0},{"damage":61.0,"enemies":"Gremlin Leader","floor":27.0,"turns":11.0},{"damage":27.0,"enemies":"Book of Stabbing","floor":29.0,"turns":7.0},{"damage":1.0,"enemies":"Gremlin Leader","floor":31.0,"turns":9.0},{"damage":35.0,"enemies":"Champ","floor":33.0,"turns":13.0},{"damage":7.0,"enemies":"Orb Walker","floor":35.0,"turns":4.0},{"damage":7.0,"enemies":"3 Shapes","floor":36.0,"turns":5.0},{"damage":0.0,"enemies":"Writhing Mass","floor":39.0,"turns":9.0},{"damage":0.0,"enemies":"Nemesis","floor":40.0,"turns":7.0},{"damage":0.0,"enemies":"Transient","floor":41.0,"turns":5.0},{"damage":0.0,"enemies":"Giant Head","floor":45.0,"turns":9.0},{"damage":4.0,"enemies":"Reptomancer","floor":47.0,"turns":6.0},{"damage":0.0,"enemies":"2 Orb Walkers","floor":48.0,"turns":5.0},{"damage":23.0,"enemies":"Awakened One","floor":50.0,"turns":10.0},{"damage":0,"enemies":"Shield and Spear","floor":54,"turns":5},{"damage":27,"enemies":"The Heart","floor":55,"turns":11}],"seed_played":"-3600816102136974149","potions_obtained":[{"floor":1.0,"key":"Fire Potion"},{"floor":7.0,"key":"PowerPotion"},{"floor":10.0,"key":"CultistPotion"},{"floor":11.0,"key":"LiquidMemories"},{"floor":12.0,"key":"Fire Potion"},{"floor":14.0,"key":"AttackPotion"},{"floor":27.0,"key":"Fruit Juice"},{"floor":29.0,"key":"SkillPotion"},{"floor":31.0,"key":"Regen Potion"},{"floor":33.0,"key":"Energy Potion"},{"floor":35.0,"key":"Strength Potion"},{"floor":36.0,"key":"ColorlessPotion"},{"floor":37.0,"key":"PowerPotion"},{"floor":37.0,"key":"Swift Potion"},{"floor":40.0,"key":"DuplicationPotion"},{"floor":48.0,"key":"FairyPotion"},{"floor":54,"key":"Fire Potion"}],"is_trial":false,"path_per_floor":["M","M","?","M","T","R","E","E","T","E","E","M","?","E","R","B",null,"M","?","?","$","T","M","M","$","T","E","?","E","R","E","R","B",null,"M","M","?","?","M","E","M","R","T","?","E","$","E","?","R","B",null,"R","$","E","B",null],"character_chosen":"IRONCLAD","items_purchased":["Thread and Needle","Membership Card","TungstenRod","Toy Ornithopter","Body Slam","Bag of Preparation","Boot","Toolbox","Secret Technique","Regen Potion","Shrug It Off","Dual Wield"],"campfire_rested":0,"item_purchase_floors":[21,46,46,46,46,53,53,53,53,53,53,53],"current_hp_per_floor":[65,69,69,70,70,70,64,59,59,49,34,36,29,22,22,12,59,61,61,85,85,85,85,85,85,85,49,46,37,37,42,42,41,49,51,51,51,51,51,51,51,51,51,51,51,51,51,51,51,37,48,48,48,51,51],"gold":624,"neow_bonus":"RANDOM_COMMON_RELIC","is_daily":false,"chose_seed":false,"campfire_upgraded":6,"win_rate":0.0,"timestamp":1613146092,"path_taken":["M","M","?","?","?","R","E","E","T","E","E","M","?","E","R","BOSS","M","?","?","?","?","M","M","?","T","E","?","E","R","E","R","BOSS","M","M","?","?","M","E","M","R","T","?","E","$","E","?","R","BOSS","R","$","E","BOSS"],"items_purchased_type":["Relic","Relic","Relic","Relic","Card","Relic","Relic","Relic","Card","Potion","Card","Card"],"build_version":"2020-12-22","purchased_purges":3,"victory":true,"max_hp_per_floor":[75,75,75,75,75,75,75,75,75,75,75,75,75,75,75,75,75,75,75,85,85,85,85,85,85,85,92,46,46,46,46,46,51,51,51,51,51,51,51,51,51,51,51,51,51,51,51,51,51,51,51,51,51,51,51],"relic_stats":{"CeramicFish":99,"Magic Flower":[16],"Juzu Bracelet":2,"Bag of Preparation":[4],"Whetstone":["Body Slam","Strike_R"],"Ginger":[2],"Boot":[2],"Burning Blood":128,"Nunchaku":[14],"Dream Catcher":0,"Centennial Puzzle":[9],"Sundial":[16],"Kunai":[4],"Happy Flower":[10],"counters":[28,186],"Pen Nib":[17],"War Paint":["Defend_R","Defend_R"],"Shuriken":[32],"Black Star":7,"Art of War":[12],"obtain_stats":[{"Ice Cream":45,"Lantern":40,"CeramicFish":29,"Vajra":10,"Magic Flower":34,"Incense Burner":11,"Juzu Bracelet":14,"Bag of Preparation":53,"Whetstone":47,"Ginger":48,"Boot":53,"Burning Blood":0,"Nunchaku":34,"Dream Catcher":40,"Centennial Puzzle":43,"Sundial":34,"Strawberry":27,"Toolbox":53,"WingedGreaves":5,"Kunai":54,"Red Skull":45,"Potion Belt":8,"Happy Flower":47,"Oddly Smooth Stone":7,"Thread and Needle":21,"Pen Nib":31,"Omamori":27,"War Paint":0,"Calling Bell":34,"Anchor":54,"Shuriken":22,"Black Star":17,"Art of War":29,"Membership Card":46,"TungstenRod":46,"Toy Ornithopter":46,"Meat on the Bone":26,"Pocketwatch":31},{"Ice Cream":23,"Lantern":21,"CeramicFish":15,"Vajra":6,"Magic Flower":17,"Incense Burner":7,"Juzu Bracelet":9,"Bag of Preparation":26,"Whetstone":24,"Ginger":25,"Boot":26,"Burning Blood":0,"Nunchaku":17,"Dream Catcher":21,"Centennial Puzzle":22,"Sundial":17,"Strawberry":14,"Toolbox":26,"WingedGreaves":3,"Kunai":27,"Red Skull":23,"Potion Belt":5,"Happy Flower":24,"Oddly Smooth Stone":4,"Thread and Needle":11,"Pen Nib":16,"Omamori":14,"War Paint":0,"Calling Bell":17,"Anchor":27,"Shuriken":11,"Black Star":10,"Art of War":15,"Membership Card":23,"TungstenRod":23,"Toy Ornithopter":23,"Meat on the Bone":13,"Pocketwatch":16},{"Ice Cream":149,"Lantern":135,"CeramicFish":88,"Vajra":28,"Magic Flower":110,"Incense Burner":32,"Juzu Bracelet":41,"Bag of Preparation":170,"Whetstone":155,"Ginger":160,"Boot":170,"Burning Blood":0,"Nunchaku":110,"Dream Catcher":135,"Centennial Puzzle":140,"Sundial":110,"Strawberry":81,"Toolbox":170,"WingedGreaves":12,"Kunai":175,"Red Skull":149,"Potion Belt":23,"Happy Flower":155,"Oddly Smooth Stone":16,"Thread and Needle":59,"Pen Nib":97,"Omamori":81,"War Paint":0,"Calling Bell":110,"Anchor":175,"Shuriken":59,"Black Star":53,"Art of War":88,"Membership Card":149,"TungstenRod":149,"Toy Ornithopter":149,"Meat on the Bone":70,"Pocketwatch":97}],"TungstenRod":29,"Toy Ornithopter":19,"Meat on the Bone":36,"Pocketwatch":[94]},"card_choices":[{"not_picked":["Rupture","Body Slam"],"picked":"Fire Breathing","floor":1.0},{"not_picked":["Warcry","Dark Embrace","Perfected Strike"],"picked":"SKIP","floor":2.0},{"not_picked":["Shrug It Off","True Grit"],"picked":"Reckless Charge","floor":4.0},{"not_picked":["Intimidate","Berserk","Corruption"],"picked":"SKIP","floor":7.0},{"not_picked":["Ghostly Armor","Sentinel"],"picked":"Rage","floor":8.0},{"not_picked":["Anger","Headbutt"],"picked":"Evolve","floor":10.0},{"not_picked":["Twin Strike","Sword Boomerang"],"picked":"Dropkick","floor":11.0},{"not_picked":["Rage","Twin Strike","Sword Boomerang"],"picked":"SKIP","floor":12.0},{"not_picked":["Infernal Blade","Corruption","Rage"],"picked":"SKIP","floor":14.0},{"not_picked":["Demon Form","Corruption"],"picked":"Double Tap","floor":16.0},{"not_picked":["Armaments","Twin Strike"],"picked":"Uppercut+1","floor":18.0},{"not_picked":["Havoc","Intimidate","Combust"],"picked":"SKIP","floor":23.0},{"not_picked":["Iron Wave","Clash","Fire Breathing"],"picked":"SKIP","floor":24.0},{"not_picked":["Searing Blow","Twin Strike","True Grit"],"picked":"SKIP","floor":27.0},{"not_picked":["Iron Wave","Battle Trance+1"],"picked":"Seeing Red","floor":29.0},{"not_picked":["Blood for Blood","Shockwave+1"],"picked":"Shrug It Off","floor":31.0},{"not_picked":["Immolate","Limit Break"],"picked":"Barricade","floor":33.0},{"not_picked":["Iron Wave","Warcry+1"],"picked":"Power Through","floor":35.0},{"not_picked":["Hemokinesis","Twin Strike","Iron Wave"],"picked":"SKIP","floor":36.0},{"not_picked":["Pommel Strike","Power Through"],"picked":"Sword Boomerang+1","floor":39.0},{"not_picked":["Battle Trance","Shrug It Off","Clash+1"],"picked":"SKIP","floor":40.0},{"not_picked":["Heavy Blade","Havoc","Battle Trance"],"picked":"SKIP","floor":41.0},{"not_picked":["Hemokinesis","Dual Wield+1"],"picked":"Feel No Pain","floor":45.0},{"not_picked":["Headbutt","Anger","Spot Weakness"],"picked":"SKIP","floor":47.0},{"not_picked":["Demon Form","Flex","Clothesline"],"picked":"SKIP","floor":54}],"player_experience":1166317,"relics_obtained":[{"floor":5.0,"key":"WingedGreaves"},{"floor":7.0,"key":"Oddly Smooth Stone"},{"floor":8.0,"key":"Potion Belt"},{"floor":10.0,"key":"Vajra"},{"floor":11.0,"key":"Incense Burner"},{"floor":14.0,"key":"Juzu Bracelet"},{"floor":22.0,"key":"Shuriken"},{"floor":26.0,"key":"Meat on the Bone"},{"floor":27.0,"key":"Omamori"},{"floor":27.0,"key":"Strawberry"},{"floor":29.0,"key":"Art of War"},{"floor":29.0,"key":"CeramicFish"},{"floor":31.0,"key":"Pen Nib"},{"floor":31.0,"key":"Pocketwatch"},{"floor":34.0,"key":"Nunchaku"},{"floor":34.0,"key":"Sundial"},{"floor":34.0,"key":"Magic Flower"},{"floor":40.0,"key":"Dream Catcher"},{"floor":40.0,"key":"Lantern"},{"floor":43.0,"key":"Centennial Puzzle"},{"floor":45.0,"key":"Red Skull"},{"floor":45.0,"key":"Ice Cream"},{"floor":47.0,"key":"Happy Flower"},{"floor":47.0,"key":"Whetstone"},{"floor":48.0,"key":"Ginger"},{"floor":54,"key":"Kunai"},{"floor":54,"key":"Anchor"}],"event_choices":[{"damage_healed":0.0,"max_hp_gain":0.0,"max_hp_loss":0.0,"gold_gain":0.0,"event_name":"Upgrade Shrine","player_choice":"Upgraded","floor":3.0,"gold_loss":0.0,"damage_taken":0.0,"cards_upgraded":["Fire Breathing"]},{"cards_removed":["Strike_R"],"damage_healed":0.0,"max_hp_gain":0.0,"max_hp_loss":0.0,"gold_gain":0.0,"event_name":"Golden Wing","player_choice":"Card Removal","floor":13.0,"gold_loss":0.0,"damage_taken":7.0},{"damage_healed":0.0,"max_hp_gain":0.0,"max_hp_loss":0.0,"gold_gain":0.0,"cards_transformed":["Strike_R"],"event_name":"Transmorgrifier","player_choice":"Transformed","floor":19.0,"gold_loss":0.0,"damage_taken":0.0,"cards_obtained":["Brutality"]},{"cards_removed":["Brutality"],"damage_healed":14.0,"max_hp_gain":10.0,"max_hp_loss":0.0,"gold_gain":0.0,"event_name":"Bonfire Elementals","player_choice":"Offered Rare","floor":20.0,"gold_loss":0.0,"damage_taken":0.0},{"damage_healed":0.0,"max_hp_gain":0.0,"max_hp_loss":46.0,"gold_gain":0.0,"event_name":"Ghosts","player_choice":"Became a Ghost","floor":28.0,"gold_loss":0.0,"damage_taken":0.0,"cards_obtained":["Ghostly","Ghostly","Ghostly"]},{"damage_healed":0.0,"max_hp_gain":0.0,"max_hp_loss":0.0,"gold_gain":0.0,"event_name":"The Woman in Blue","player_choice":"Bought 3 Potions","floor":37.0,"gold_loss":0.0,"damage_taken":0.0},{"damage_healed":0.0,"max_hp_gain":0.0,"max_hp_loss":0.0,"gold_gain":999.0,"event_name":"MindBloom","player_choice":"Gold","floor":38.0,"gold_loss":0.0,"damage_taken":0.0,"cards_obtained":["Normality","Normality"]},{"damage_healed":0.0,"max_hp_gain":0.0,"max_hp_loss":0.0,"gold_gain":0.0,"event_name":"Tomb of Lord Red Mask","player_choice":"Ignored","floor":44.0,"gold_loss":0.0,"damage_taken":0.0},{"damage_healed":0.0,"max_hp_gain":0.0,"max_hp_loss":0.0,"gold_gain":0.0,"event_name":"Mysterious Sphere","player_choice":"Fight","floor":48.0,"gold_loss":0.0,"damage_taken":0.0}],"is_beta":false,"boss_relics":[{"not_picked":["Tiny House","Cursed Key"],"picked":"Black Star"},{"not_picked":["Fusion Hammer","Runic Dome"],"picked":"Calling Bell"}],"items_purged_floors":[21,46,53],"is_endless":false,"potions_floor_spawned":[1,7,10,11,12,14,27,29,31,33,35,36,40,48,54],"ascension_level":15}}