{"host":"8rgpnls124hwjv5t","time":1613172170,"event":{"mods":["BaseMod","Colored Map","Colored Powertips","DeckTracker","Highlight Path","Minty Spire (QoL Compilation)","Permanent Neow","Quick Restart","Relic Stats","Shop Mod","StSLib"],"gold_per_floor":[116,128,148,159,179,179,212,11,92,123,123,136,136,151,151,228,228,238,238,253,16,16,16],"floor_reached":22,"language":"ENG","playtime":1165,"items_purged":[],"score":366,"play_id":"52a6fb4f-3a08-4915-8fd9-3c0322499038","local_time":"20210212182250","is_ascension_mode":true,"campfire_choices":[{"floor":6,"key":"REST"},{"floor":11,"key":"REST"},{"data":"Apotheosis","floor":13,"key":"SMITH"},{"floor":15,"key":"REST"}],"circlet_count":0,"master_deck":["AscendersBane","Strike_B","Strike_B","Strike_B","Strike_B","Defend_B","Defend_B","Defend_B","Defend_B","Zap","Dualcast","Hologram","Compile Driver","Ball Lightning","FTL","Biased Cognition","Barrage+1","Apotheosis+1","Coolheaded","Coolheaded","Defragment","Core Surge+1","Chaos","Undo","Tempest"],"relics":["Sozu","Molten Egg 2","White Beast Statue","StoneCalendar","SlaversCollar","ClockworkSouvenir"],"acts_visited":["Exordium","TheCity"],"potions_floor_usage":[],"damage_taken":[{"damage":4,"enemies":"Jaw Worm","floor":1,"turns":5},{"damage":0,"enemies":"Small Slimes","floor":2,"turns":4},{"damage":2,"enemies":"Cultist","floor":3,"turns":5},{"damage":10,"enemies":"Red Slaver","floor":4,"turns":3},{"damage":9,"enemies":"Lots of Slimes","floor":5,"turns":4},{"damage":22,"enemies":"Lagavulin","floor":7,"turns":5},{"damage":20,"enemies":"Gremlin Nob","floor":10,"turns":4},{"damage":2,"enemies":"Looter","floor":12,"turns":3},{"damage":15,"enemies":"Gremlin Gang","floor":14,"turns":4},{"damage":20,"enemies":"Slime Boss","floor":16,"turns":7},{"damage":26,"enemies":"Shell Parasite","floor":18,"turns":6},{"damage":28,"enemies":"2 Thieves","floor":20,"turns":5},{"damage":8,"enemies":"Snake Plant","floor":22,"turns":1}],"seed_played":"-9158072007353979206","potions_obtained":[],"is_trial":false,"path_per_floor":["M","M","M","M","M","R","E","$","T","E","R","M","R","M","R","B",null,"M","?","M","$","M"],"character_chosen":"DEFECT","items_purchased":["Apotheosis","ClockworkSouvenir","Tempest"],"campfire_rested":3,"item_purchase_floors":[8,21,21],"current_hp_per_floor":[60,60,58,48,39,60,38,38,38,18,39,37,37,22,43,23,59,33,33,5,5,0,0],"gold":16,"neow_bonus":"BOSS_RELIC","is_daily":false,"chose_seed":false,"campfire_upgraded":1,"win_rate":0.0,"timestamp":1613172170,"path_taken":["M","M","M","M","M","R","E","$","T","E","R","M","R","M","R","BOSS","M","?","M","$","M"],"items_purchased_type":["Card","Relic","Card"],"build_version":"2020-12-22","purchased_purges":0,"victory":false,"max_hp_per_floor":[71,71,71,71,71,71,71,71,71,71,71,71,71,71,71,71,71,71,71,71,71,71,71],"relic_stats":{"Sozu":8,"counters":[13,56],"StoneCalendar":[54],"obtain_stats":[{"Sozu":0,"SlaversCollar":17,"Molten Egg 2":7,"StoneCalendar":10,"Cracked Core":0,"White Beast Statue":9,"ClockworkSouvenir":21},{"Sozu":0,"SlaversCollar":10,"Molten Egg 2":6,"StoneCalendar":7,"Cracked Core":0,"White Beast Statue":6,"ClockworkSouvenir":12},{"Sozu":0,"SlaversCollar":44,"Molten Egg 2":26,"StoneCalendar":30,"Cracked Core":0,"White Beast Statue":26,"ClockworkSouvenir":55}]},"card_choices":[{"not_picked":["Blizzard","Sweeping Beam"],"picked":"Hologram","floor":1},{"not_picked":["Coolheaded","Blizzard"],"picked":"Compile Driver","floor":2},{"not_picked":["Redo","Lockon"],"picked":"Ball Lightning","floor":3},{"not_picked":["Steam Power","Coolheaded"],"picked":"FTL","floor":4},{"not_picked":["Barrage","Hologram"],"picked":"Biased Cognition","floor":5},{"not_picked":["Beam Cell+1","Ball Lightning+1"],"picked":"Barrage+1","floor":7},{"not_picked":["Blizzard+1","Rebound+1"],"picked":"Coolheaded","floor":10},{"not_picked":["Cold Snap+1","Steam Power"],"picked":"Coolheaded","floor":12},{"not_picked":["Reboot","Ball Lightning+1"],"picked":"Defragment","floor":14},{"not_picked":["Electrodynamics","Echo Form"],"picked":"Core Surge+1","floor":16},{"not_picked":["Cold Snap+1","Ball Lightning+1"],"picked":"Chaos","floor":18},{"not_picked":["Turbo","Loop"],"picked":"Undo","floor":20}],"player_experience":585880,"relics_obtained":[{"floor":7,"key":"Molten Egg 2"},{"floor":9,"key":"White Beast Statue"},{"floor":10,"key":"StoneCalendar"}],"event_choices":[{"damage_healed":0,"gold_gain":0,"player_choice":"Ignored","damage_taken":0,"max_hp_gain":0,"max_hp_loss":0,"event_name":"Cursed Tome","floor":19,"gold_loss":0}],"is_beta":false,"boss_relics":[{"not_picked":["Coffee Dripper","Snecko Eye"],"picked":"SlaversCollar"}],"items_purged_floors":[],"is_endless":false,"potions_floor_spawned":[2,7,10,12,14,16,18,20],"killed_by":"Snake Plant","ascension_level":17}}