{"host":"hi7fki77kkmhrce8","time":1613160541,"event":{"mods":["AchievementEnabler","BaseMod","Colored Map","Colored Powertips","Downfall","Minty Spire (QoL Compilation)","Relic Stats","StSLib","SuperFastMode"],"gold_per_floor":[0,13,25,41,60,85,85,120,120,120,120,154,165,177,192,192,192,192],"floor_reached":16,"language":"ENG","playtime":842,"items_purged":[],"score":180,"play_id":"3adc2127-6a70-4463-a615-9597ebf63624","local_time":"20210212150901","is_ascension_mode":true,"campfire_choices":[{"data":"Guardian:CurlUp","floor":1,"key":"SMITH"},{"data":"Guardian:TimeBomb","floor":9,"key":"SMITH"},{"floor":11,"key":"REST"}],"circlet_count":0,"master_deck":["Guardian:Strike_Guardian","Guardian:Strike_Guardian","Guardian:Strike_Guardian","Guardian:Defend_Guardian","Guardian:Defend_Guardian","Guardian:Defend_Guardian","Guardian:Defend_Guardian","Guardian:CurlUp+1","Guardian:TwinSlam","Guardian:RollAttack","Guardian:Reroute","Guardian:TimeBomb+1","Guardian:CrystalBeam","Guardian:BaubleBeam","Guardian:Gem_Yellow","Guardian:MultiBeam","Guardian:EvasiveProtocol"],"relics":["Guardian:ModeShifter","Pear","Du-Vu Doll","WingedGreaves","Bag of Marbles"],"acts_visited":["Exordium"],"potions_floor_usage":[16,16],"damage_taken":[{"damage":6,"enemies":"Jaw Worm","floor":2,"turns":5},{"damage":1,"enemies":"Cultist","floor":3,"turns":4},{"damage":0,"enemies":"Small Slimes","floor":4,"turns":3},{"damage":7,"enemies":"Blue Slaver","floor":5,"turns":3},{"damage":12,"enemies":"Gremlin Nob","floor":6,"turns":4},{"damage":36,"enemies":"Lagavulin","floor":8,"turns":8},{"damage":13,"enemies":"3 Sentries","floor":12,"turns":7},{"damage":16,"enemies":"Exordium Wildlife","floor":13,"turns":5},{"damage":0,"enemies":"3 Louse","floor":14,"turns":3},{"damage":5,"enemies":"Large Slime","floor":15,"turns":5},{"damage":52,"enemies":"WA_ARCHETYPE_RETAIN","floor":16,"turns":8}],"seed_played":"7398222087138604393","potions_obtained":[{"floor":2,"key":"sneckomod:MuddlingPotion"},{"floor":6,"key":"Fruit Juice"},{"floor":12,"key":"BlessingOfTheForge"},{"floor":15,"key":"hexamod:SoulburnPotion"}],"is_trial":false,"path_per_floor":["R","M","M","M","M","E","T","E","R","?","R","E","M","M","M","B"],"character_chosen":"GUARDIAN","items_purchased":[],"campfire_rested":1,"item_purchase_floors":[],"current_hp_per_floor":[96,90,89,89,82,80,80,44,44,44,75,62,46,46,41,0,0,0],"gold":192,"neow_bonus":"TWENTY_PERCENT_HP_BONUS","is_daily":false,"chose_seed":false,"campfire_upgraded":2,"win_rate":0.0,"timestamp":1613160541,"path_taken":["R","M","M","M","M","E","T","E","R","?","R","E","M","?","M","BOSS"],"items_purchased_type":[],"build_version":"2020-12-22","purchased_purges":0,"victory":false,"max_hp_per_floor":[96,96,96,96,96,106,106,106,106,106,106,106,106,106,106,111,111,111],"relic_stats":{"counters":[11,53],"obtain_stats":[{"Du-Vu Doll":7,"Pear":6,"Guardian:ModeShifter":0,"WingedGreaves":8,"Bag of Marbles":12},{"Du-Vu Doll":5,"Pear":5,"Guardian:ModeShifter":0,"WingedGreaves":6,"Bag of Marbles":7},{"Du-Vu Doll":19,"Pear":19,"Guardian:ModeShifter":0,"WingedGreaves":27,"Bag of Marbles":34}]},"card_choices":[{"not_picked":["Guardian:Harden","Guardian:Gem_Green"],"picked":"Guardian:RollAttack","floor":2},{"not_picked":["Guardian:Preprogram","Guardian:Planning"],"picked":"Guardian:Reroute","floor":3},{"not_picked":["Guardian:TemporalStrike","Guardian:Gem_Fragmented"],"picked":"Guardian:Gem_White","floor":4},{"not_picked":["Guardian:Gem_Green","Guardian:GuardianWhirl"],"picked":"Guardian:TimeBomb","floor":5},{"not_picked":["Guardian:BaubleBeam","Guardian:Orbwalk"],"picked":"Guardian:CrystalBeam","floor":6},{"not_picked":["Guardian:ShieldSpikes","Guardian:Gem_Lightblue"],"picked":"Guardian:Gem_Orange","floor":8},{"not_picked":["Guardian:Gem_Lightblue","Guardian:VentSteam"],"picked":"Guardian:BaubleBeam","floor":12},{"not_picked":["Guardian:Gem_Green","Guardian:Reroute"],"picked":"Guardian:Gem_Yellow","floor":13},{"not_picked":["Guardian:Clone","Guardian:PiercingHide"],"picked":"Guardian:MultiBeam","floor":14},{"not_picked":["Guardian:DecasProtection","Guardian:CrystalBeam"],"picked":"Guardian:EvasiveProtocol","floor":15}],"player_experience":152528,"relics_obtained":[{"floor":6,"key":"Pear"},{"floor":7,"key":"Du-Vu Doll"},{"floor":8,"key":"WingedGreaves"},{"floor":12,"key":"Bag of Marbles"}],"event_choices":[],"is_beta":false,"boss_relics":[],"items_purged_floors":[],"is_endless":false,"potions_floor_spawned":[2,6,12,15],"killed_by":"WA_ARCHETYPE_RETAIN","ascension_level":1}}