{"host":"kda2p2afd6bvz6qo","time":1613171785,"event":{"mods":["BaseMod","Colored Map","Minty Spire (QoL Compilation)","Relic Stats"],"gold_per_floor":[113,188,199,40,52,52,86,86,134,134,309,329,345,345,345,445,445,458,478,219,219,234,260,277,311,311,311,330,330,340,367,367,471,471,483,3,21,33,33,61,61,61,61,61,81,97,108,138,138,138,138,138,46,79,79,79],"floor_reached":55,"language":"ENG","playtime":3495,"items_purged":["Strike_B","Zap"],"score":1051,"play_id":"fb04b4eb-60ad-47b5-9e73-76bada718a8b","local_time":"20210212231625","is_ascension_mode":true,"campfire_choices":[{"data":"Beam Cell","floor":6.0,"key":"SMITH"},{"floor":8.0,"key":"REST"},{"data":"Streamline","floor":10.0,"key":"SMITH"},{"data":"Go for the Eyes","floor":15.0,"key":"SMITH"},{"data":"Reprogram","floor":27.0,"key":"SMITH"},{"floor":29.0,"key":"REST"},{"floor":32.0,"key":"DIG"},{"floor":42,"key":"DIG"},{"floor":44,"key":"RECALL"},{"floor":49,"key":"DIG"},{"floor":52,"key":"DIG"}],"circlet_count":0,"master_deck":["Strike_B+1","Strike_B+1","Strike_B+1","Defend_B+1","Defend_B+1","Defend_B+1","Defend_B+1","Dualcast+1","Rebound","Beam Cell+1","FTL","Finesse","Scrape","Streamline+1","Go for the Eyes+1","Buffer","Leap","Gash","Sunder","Scrape+1","Skim","Reprogram+1","Melter","Skim","Go for the Eyes+1","Buffer","Machine Learning+1","Good Instincts","Hologram+1","Self Repair+1","Gash","Fusion+1","All For One","Redo+1","Panacea+1","Hologram+1"],"relics":["Runic Dome","Regal Pillow","War Paint","Nuclear Battery","Anchor","Omamori","Ornamental Fan","Strawberry","Shovel","Bronze Scales","Calling Bell","DataDisk","Frozen Egg 2","Prayer Wheel","Vajra","PreservedInsect","Toxic Egg 2","Question Card","Orichalcum","HornCleat","Blood Vial"],"acts_visited":["Exordium","TheCity","TheBeyond","TheEnding"],"potions_floor_usage":[48,55],"damage_taken":[{"damage":3.0,"enemies":"Jaw Worm","floor":1.0,"turns":4.0},{"damage":0.0,"enemies":"2 Louse","floor":3.0,"turns":1.0},{"damage":3.0,"enemies":"Small Slimes","floor":5.0,"turns":3.0},{"damage":28.0,"enemies":"Lagavulin","floor":7.0,"turns":5.0},{"damage":0.0,"enemies":"Blue Slaver","floor":12.0,"turns":1.0},{"damage":0.0,"enemies":"Exordium Wildlife","floor":13.0,"turns":3.0},{"damage":36.0,"enemies":"Slime Boss","floor":16.0,"turns":10.0},{"damage":0.0,"enemies":"Spheric Guardian","floor":18.0,"turns":3.0},{"damage":9.0,"enemies":"3 Byrds","floor":19.0,"turns":4.0},{"damage":11.0,"enemies":"Sentry and Sphere","floor":22.0,"turns":4.0},{"damage":10.0,"enemies":"Book of Stabbing","floor":23.0,"turns":5.0},{"damage":0.0,"enemies":"Centurion and Healer","floor":24.0,"turns":5.0},{"damage":0.0,"enemies":"Slavers","floor":25.0,"turns":5.0},{"damage":22.0,"enemies":"Cultist and Chosen","floor":28.0,"turns":5.0},{"damage":1.0,"enemies":"Shelled Parasite and Fungi","floor":30.0,"turns":4.0},{"damage":0.0,"enemies":"Book of Stabbing","floor":31.0,"turns":3.0},{"damage":33.0,"enemies":"Automaton","floor":33.0,"turns":8.0},{"damage":0.0,"enemies":"Orb Walker","floor":35.0,"turns":3.0},{"damage":30.0,"enemies":"3 Darklings","floor":37.0,"turns":5.0},{"damage":0,"enemies":"Maw","floor":38,"turns":6},{"damage":23,"enemies":"Giant Head","floor":40,"turns":7},{"damage":17,"enemies":"Jaw Worm Horde","floor":45,"turns":5},{"damage":0,"enemies":"Spire Growth","floor":46,"turns":3},{"damage":0,"enemies":"4 Shapes","floor":47,"turns":5},{"damage":20,"enemies":"Nemesis","floor":48,"turns":5},{"damage":2,"enemies":"Donu and Deca","floor":50,"turns":6},{"damage":41,"enemies":"Shield and Spear","floor":54,"turns":5},{"damage":89,"enemies":"The Heart","floor":55,"turns":5}],"seed_played":"-5903409814165564890","potions_obtained":[{"floor":1.0,"key":"SkillPotion"},{"floor":7.0,"key":"Ancient Potion"},{"floor":12.0,"key":"FairyPotion"},{"floor":28.0,"key":"Fire Potion"},{"floor":37.0,"key":"BlessingOfTheForge"},{"floor":47,"key":"SkillPotion"},{"floor":48,"key":"Dexterity Potion"}],"is_trial":false,"path_per_floor":["M","?","M","$","M","R","E","R","T","R","?","M","M","?","R","B",null,"M","M","$","?","M","E","M","E","T","R","M","R","M","E","R","B",null,"M","$","M","M","?","E","?","R","T","R","M","M","M","E","R","B",null,"R","$","E","B"],"character_chosen":"DEFECT","items_purchased":["FTL","Finesse","Sunder","Anchor","Machine Learning+1","Vajra","Good Instincts","Panacea+1"],"campfire_rested":2,"item_purchase_floors":[4,4,20,20,36,36,36,53],"current_hp_per_floor":[65,54,54,54,51,51,23,60,60,60,60,60,60,60,60,24,62,62,53,53,53,42,32,32,32,39,39,17,56,55,55,55,22,67,67,67,37,37,37,24,82,82,82,82,65,75,82,72,72,80,82,82,82,51,0,0],"gold":79,"neow_bonus":"BOSS_RELIC","is_daily":false,"chose_seed":false,"campfire_upgraded":4,"win_rate":0.0,"timestamp":1613171785,"path_taken":["M","?","M","$","M","R","E","R","T","R","?","M","M","?","R","BOSS","M","M","$","?","M","E","M","E","T","R","M","R","M","E","R","BOSS","M","$","M","M","?","E","?","R","T","R","M","M","?","E","R","BOSS","R","$","E","BOSS"],"items_purchased_type":["Card","Card","Card","Relic","Card","Relic","Card","Card"],"build_version":"2020-12-22","purchased_purges":2,"victory":false,"max_hp_per_floor":[75,75,75,75,75,75,75,75,75,75,75,75,75,75,75,75,75,75,75,75,75,75,75,75,75,82,82,82,82,82,82,82,82,82,82,82,82,82,82,82,82,82,82,82,82,82,82,82,82,82,82,82,82,82,82,82],"relic_stats":{"Blood Vial":2,"Regal Pillow":30,"Shovel":4,"counters":[28,128],"Ornamental Fan":[300],"Bronze Scales":[183],"Prayer Wheel":6,"PreservedInsect":115,"War Paint":["Dualcast","Defend_B"],"Orichalcum":[0],"Question Card":1,"obtain_stats":[{"Regal Pillow":7,"Vajra":36,"PreservedInsect":40,"Omamori":23,"War Paint":9,"Frozen Egg 2":34,"Orichalcum":49,"Question Card":48,"Nuclear Battery":17,"Calling Bell":34,"Blood Vial":54,"Runic Dome":0,"Anchor":20,"DataDisk":34,"Shovel":31,"HornCleat":52,"Ornamental Fan":25,"Strawberry":26,"Bronze Scales":32,"Prayer Wheel":34,"Toxic Egg 2":42,"Cracked Core":0},{"Regal Pillow":4,"Vajra":18,"PreservedInsect":21,"Omamori":11,"War Paint":4,"Frozen Egg 2":17,"Orichalcum":25,"Question Card":25,"Nuclear Battery":7,"Calling Bell":17,"Blood Vial":27,"Runic Dome":0,"Anchor":9,"DataDisk":17,"Shovel":16,"HornCleat":26,"Ornamental Fan":13,"Strawberry":13,"Bronze Scales":16,"Prayer Wheel":17,"Toxic Egg 2":21,"Cracked Core":0},{"Regal Pillow":13,"Vajra":76,"PreservedInsect":94,"Omamori":43,"War Paint":13,"Frozen Egg 2":73,"Orichalcum":112,"Question Card":112,"Nuclear Battery":27,"Calling Bell":73,"Blood Vial":123,"Runic Dome":0,"Anchor":34,"DataDisk":73,"Shovel":65,"HornCleat":118,"Ornamental Fan":53,"Strawberry":53,"Bronze Scales":65,"Prayer Wheel":73,"Toxic Egg 2":94,"Cracked Core":0}]},"card_choices":[{"not_picked":["Capacitor","Fusion"],"picked":"Rebound","floor":1.0},{"not_picked":["Darkness","Self Repair"],"picked":"Beam Cell","floor":3.0},{"not_picked":["Chill","Steam"],"picked":"Scrape","floor":5.0},{"not_picked":["Beam Cell","Cold Snap"],"picked":"Streamline","floor":7.0},{"not_picked":["Force Field","Steam"],"picked":"Go for the Eyes","floor":12.0},{"not_picked":["Cold Snap","Coolheaded","White Noise"],"picked":"SKIP","floor":13.0},{"not_picked":["Creative AI","Reboot"],"picked":"Buffer","floor":16.0},{"not_picked":["Barrage","Stack"],"picked":"Leap","floor":18.0},{"not_picked":["Cold Snap+1","Capacitor+1"],"picked":"Gash","floor":19.0},{"not_picked":["Glacier","Conserve Battery+1"],"picked":"Scrape+1","floor":22.0},{"not_picked":["Redo","Steam"],"picked":"Skim","floor":23.0},{"not_picked":["Streamline","Blizzard+1"],"picked":"Reprogram","floor":24.0},{"not_picked":["Blizzard","Reprogram"],"picked":"Melter","floor":25.0},{"not_picked":["Static Discharge+1","Compile Driver","Go for the Eyes"],"picked":"SKIP","floor":28.0},{"not_picked":["Defragment+1","White Noise+1"],"picked":"Skim","floor":30.0},{"not_picked":["Turbo","Barrage"],"picked":"Go for the Eyes+1","floor":31.0},{"not_picked":["Rainbow","Reboot"],"picked":"Buffer","floor":33.0},{"not_picked":["Lockon","Streamline","Darkness"],"picked":"SKIP","floor":35.0},{"not_picked":["Double Energy","Ball Lightning+1","Beam Cell"],"picked":"SKIP","floor":35.0},{"not_picked":["Storm+1","Leap+1"],"picked":"Hologram+1","floor":37.0},{"not_picked":["Ball Lightning","Beam Cell","Force Field+1"],"picked":"SKIP","floor":37.0},{"not_picked":["Chill+1","Rebound"],"picked":"Self Repair+1","floor":38},{"not_picked":["Ball Lightning","Reprogram+1","Streamline"],"picked":"SKIP","floor":38},{"not_picked":["Defragment+1","Barrage"],"picked":"Gash","floor":40},{"not_picked":["Coolheaded+1","Redo+1"],"picked":"Fusion+1","floor":45},{"not_picked":["Rebound+1","Leap+1"],"picked":"All For One","floor":45},{"not_picked":["Reprogram+1","Darkness+1","Beam Cell+1"],"picked":"SKIP","floor":46},{"not_picked":["Defragment+1","Gash","Tempest+1"],"picked":"SKIP","floor":46},{"not_picked":["Cold Snap","Steam+1"],"picked":"Redo+1","floor":47},{"not_picked":["Coolheaded+1","Ball Lightning+1","Consume+1"],"picked":"SKIP","floor":47},{"not_picked":["Compile Driver+1","Chaos+1","Chill+1"],"picked":"SKIP","floor":48},{"not_picked":["Barrage","Go for the Eyes+1","Turbo+1"],"picked":"Hologram+1","floor":54}],"player_experience":248618,"relics_obtained":[{"floor":7.0,"key":"Regal Pillow"},{"floor":9.0,"key":"War Paint"},{"floor":23.0,"key":"Omamori"},{"floor":25.0,"key":"Ornamental Fan"},{"floor":26.0,"key":"Strawberry"},{"floor":31.0,"key":"Shovel"},{"floor":32.0,"key":"Bronze Scales"},{"floor":34.0,"key":"DataDisk"},{"floor":34.0,"key":"Frozen Egg 2"},{"floor":34.0,"key":"Prayer Wheel"},{"floor":40,"key":"PreservedInsect"},{"floor":42,"key":"Toxic Egg 2"},{"floor":48,"key":"Question Card"},{"floor":49,"key":"Orichalcum"},{"floor":52,"key":"HornCleat"},{"floor":54,"key":"Blood Vial"}],"event_choices":[{"damage_healed":0.0,"max_hp_gain":0.0,"max_hp_loss":0.0,"gold_gain":75.0,"event_name":"World of Goop","player_choice":"Gather Gold","floor":2.0,"gold_loss":0.0,"damage_taken":11.0},{"damage_healed":0.0,"max_hp_gain":0.0,"max_hp_loss":0.0,"gold_gain":175.0,"event_name":"Liars Game","player_choice":"AGREE","floor":11.0,"gold_loss":0.0,"damage_taken":0.0,"cards_obtained":["Doubt"]},{"cards_removed":["Doubt"],"damage_healed":0.0,"max_hp_gain":0.0,"max_hp_loss":0.0,"gold_gain":0.0,"event_name":"Living Wall","player_choice":"Forget","floor":14.0,"gold_loss":0.0,"damage_taken":0.0},{"damage_healed":0.0,"max_hp_gain":0.0,"max_hp_loss":0.0,"gold_gain":0.0,"event_name":"Back to Basics","player_choice":"Simplicity","floor":21.0,"gold_loss":0.0,"damage_taken":0.0,"cards_upgraded":["Strike_B","Strike_B","Strike_B","Defend_B","Defend_B","Defend_B"]},{"damage_healed":0,"gold_gain":0,"player_choice":"Ignored","damage_taken":0,"max_hp_gain":0,"max_hp_loss":0,"event_name":"The Moai Head","floor":39,"gold_loss":0},{"damage_healed":58,"gold_gain":0,"player_choice":"Heal","damage_taken":0,"max_hp_gain":0,"max_hp_loss":0,"event_name":"MindBloom","floor":41,"gold_loss":0,"cards_obtained":["Doubt"]}],"is_beta":false,"boss_relics":[{"not_picked":["Sozu","Astrolabe"],"picked":"Nuclear Battery"},{"not_picked":["Coffee Dripper","Inserter"],"picked":"Calling Bell"}],"items_purged_floors":[20,36],"is_endless":false,"potions_floor_spawned":[1,7,12,18,23,28,37,47,48],"killed_by":"The Heart","ascension_level":6}}