{"host":"prxrhpgaxnj4om9r","time":1613120402,"event":{"mods":["AchievementEnabler","BaseMod","DeckTracker","Keyboard Shortcuts","Minty Spire (QoL Compilation)"],"gold_per_floor":[119,199,299,318,338,338,513,548,548,582,582,582,617,630,630,729,779,794,805,805,297,317,317,345,359,386,456,50,80,80,92,92,190,190,218,230,258,270,292,304,37,37,91,91,111,129,42,52,52,52,52],"floor_reached":50,"language":"KOR","playtime":2681,"items_purged":[],"score":674,"play_id":"de3896a5-8aba-490f-b33c-ecedfd6c58b2","local_time":"20210212180002","is_ascension_mode":false,"campfire_choices":[{"data":"Eruption","floor":6,"key":"SMITH"},{"floor":12,"key":"RECALL"},{"data":"WheelKick","floor":15,"key":"SMITH"},{"data":"Transmutation","floor":23,"key":"SMITH"},{"data":"Judgement","floor":30,"key":"SMITH"},{"floor":32,"key":"REST"},{"floor":40,"key":"REST"},{"floor":44,"key":"REST"},{"floor":49,"key":"REST"}],"circlet_count":0,"master_deck":["Strike_P","Strike_P+1","Strike_P","Strike_P","Defend_P+1","Defend_P","Defend_P+1","Defend_P","Eruption+1","Vigilance","SandsOfTime","EmptyFist","CutThroughFate","CarveReality","BowlingBash","WheelKick+1","Protect","Judgement+1","Halt","WreathOfFlame+1","ReachHeaven","Transmutation+1","Consecrate","PathToVictory+1","Evaluate+1","MentalFortress","InnerPeace+1","Wish","CurseOfTheBell","Indignation+1","Wallop","JustLucky+1","FollowUp","FlurryOfBlows+1","Jack Of All Trades","Tantrum+1"],"relics":["PureWater","NeowsBlessing","Ice Cream","Ornamental Fan","White Beast Statue","War Paint","Tiny House","Spirit Poop","TungstenRod","WingedGreaves","Damaru","Blue Candle","Lee\u0027s Waffle","Letter Opener","Lizard Tail","Calling Bell","MawBank","Singing Bowl","Turnip","Kunai","Regal Pillow","Centennial Puzzle"],"acts_visited":["Exordium","TheCity","TheBeyond"],"potions_floor_usage":[16,18,19,22,24,25,25,29,31,33,33,37,37,39,45,46,50,50],"damage_taken":[{"damage":0,"enemies":"Cultist","floor":1,"turns":1},{"damage":0,"enemies":"2 Louse","floor":4,"turns":1},{"damage":0,"enemies":"Small Slimes","floor":5,"turns":1},{"damage":0,"enemies":"Gremlin Nob","floor":8,"turns":3},{"damage":9,"enemies":"3 Sentries","floor":10,"turns":4},{"damage":11,"enemies":"Gremlin Nob","floor":13,"turns":3},{"damage":4,"enemies":"Blue Slaver","floor":14,"turns":3},{"damage":0,"enemies":"Slime Boss","floor":16,"turns":7},{"damage":2,"enemies":"Spheric Guardian","floor":18,"turns":3},{"damage":2,"enemies":"Chosen","floor":19,"turns":4},{"damage":0,"enemies":"Snake Plant","floor":22,"turns":1},{"damage":1,"enemies":"Gremlin Leader","floor":24,"turns":4},{"damage":24,"enemies":"3 Cultists","floor":25,"turns":5},{"damage":31,"enemies":"Book of Stabbing","floor":29,"turns":5},{"damage":0,"enemies":"Snecko","floor":31,"turns":2},{"damage":121,"enemies":"Automaton","floor":33,"turns":11},{"damage":37,"enemies":"Orb Walker","floor":35,"turns":6},{"damage":22,"enemies":"3 Darklings","floor":37,"turns":4},{"damage":14,"enemies":"Maw","floor":39,"turns":8},{"damage":33,"enemies":"Sphere and 2 Shapes","floor":45,"turns":9},{"damage":5,"enemies":"Jaw Worm Horde","floor":46,"turns":2},{"damage":5,"enemies":"3 Darklings","floor":48,"turns":3},{"damage":85,"enemies":"Donu and Deca","floor":50,"turns":6}],"seed_played":"1281530926981331588","potions_obtained":[{"floor":4,"key":"BottledMiracle"},{"floor":10,"key":"DuplicationPotion"},{"floor":13,"key":"Ambrosia"},{"floor":16,"key":"Strength Potion"},{"floor":18,"key":"BlessingOfTheForge"},{"floor":19,"key":"SpeedPotion"},{"floor":22,"key":"GamblersBrew"},{"floor":24,"key":"Swift Potion"},{"floor":25,"key":"StancePotion"},{"floor":29,"key":"BlessingOfTheForge"},{"floor":31,"key":"Energy Potion"},{"floor":33,"key":"StancePotion"},{"floor":35,"key":"PowerPotion"},{"floor":37,"key":"Block Potion"},{"floor":39,"key":"Swift Potion"},{"floor":45,"key":"GamblersBrew"},{"floor":46,"key":"BottledMiracle"},{"floor":48,"key":"SneckoOil"}],"is_trial":false,"path_per_floor":["M","?","?","M","M","R","?","E","T","E","T","R","E","M","R","B",null,"M","M","?","$","M","R","E","M","T","T","$","E","R","M","R","B",null,"M","?","M","?","M","R","$","T","T","R","M","M","$","M","R","B"],"character_chosen":"WATCHER","items_purchased":["TungstenRod","Transmutation","Consecrate","Lee\u0027s Waffle","Letter Opener","Kunai","FollowUp","Jack Of All Trades"],"campfire_rested":4,"item_purchase_floors":[21,21,21,28,28,41,41,47],"current_hp_per_floor":[72,72,72,72,72,72,72,72,72,63,63,63,52,48,48,48,77,75,73,73,73,73,73,72,48,48,48,84,53,53,53,78,40,84,49,51,29,29,15,41,41,41,41,82,51,46,46,41,83,0,0],"gold":52,"neow_bonus":"THREE_ENEMY_KILL","is_daily":false,"chose_seed":false,"campfire_upgraded":4,"win_rate":0.0,"timestamp":1613120402,"path_taken":["M","?","?","?","M","R","?","E","T","E","?","R","E","M","R","BOSS","M","?","?","$","M","R","E","?","T","?","?","E","R","M","R","BOSS","M","?","M","?","?","R","?","?","T","R","M","M","$","M","R","BOSS"],"items_purchased_type":["Relic","Card","Card","Relic","Relic","Relic","Card","Card"],"build_version":"2020-12-22","purchased_purges":0,"victory":false,"max_hp_per_floor":[72,72,72,72,72,72,72,72,72,72,72,72,72,72,72,72,77,77,77,77,77,77,77,77,77,77,77,84,84,84,84,84,84,84,86,88,88,88,88,88,88,88,88,88,90,90,90,90,90,90,90],"card_choices":[{"not_picked":["Crescendo","CutThroughFate"],"picked":"SandsOfTime","floor":1},{"not_picked":["SashWhip","Wallop"],"picked":"EmptyFist","floor":4},{"not_picked":["Collect","Fasting2"],"picked":"CutThroughFate","floor":5},{"not_picked":["ThirdEye","EmptyBody"],"picked":"CarveReality","floor":8},{"not_picked":["FollowUp","Pray"],"picked":"BowlingBash","floor":10},{"not_picked":["FlyingSleeves","Study"],"picked":"WheelKick","floor":13},{"not_picked":["PathToVictory","EmptyFist"],"picked":"Protect","floor":14},{"not_picked":["Establishment","Scrawl"],"picked":"Judgement","floor":16},{"not_picked":["DeceiveReality","SashWhip"],"picked":"Halt","floor":17},{"not_picked":["EmptyFist","Wallop"],"picked":"WreathOfFlame+1","floor":18},{"not_picked":["BowlingBash","Sanctity"],"picked":"ReachHeaven","floor":19},{"not_picked":["BowlingBash+1","Fasting2"],"picked":"PathToVictory+1","floor":22},{"not_picked":["PathToVictory","Protect"],"picked":"Evaluate+1","floor":24},{"not_picked":["EmptyBody","ThirdEye"],"picked":"MentalFortress","floor":25},{"not_picked":["Worship","EmptyBody"],"picked":"InnerPeace+1","floor":29},{"not_picked":["Halt","Consecrate","Conclude"],"picked":"SKIP","floor":31},{"not_picked":["DevaForm","ConjureBlade"],"picked":"Wish","floor":33},{"not_picked":["Crescendo","CutThroughFate+1","Vengeance"],"picked":"Singing Bowl","floor":35},{"not_picked":["Magnetism","Purity","Mayhem"],"picked":"Singing Bowl","floor":36},{"not_picked":["Halt+1","BowlingBash"],"picked":"Indignation+1","floor":37},{"not_picked":["Consecrate+1","WreathOfFlame"],"picked":"JustLucky+1","floor":39},{"not_picked":["Collect+1","SashWhip+1","BowlingBash"],"picked":"Singing Bowl","floor":45},{"not_picked":["WreathOfFlame+1","WaveOfTheHand"],"picked":"FlurryOfBlows+1","floor":46},{"not_picked":["SashWhip","CrushJoints+1"],"picked":"Tantrum+1","floor":48}],"player_experience":401319,"relics_obtained":[{"floor":8,"key":"Ice Cream"},{"floor":10,"key":"Ornamental Fan"},{"floor":11,"key":"White Beast Statue"},{"floor":13,"key":"War Paint"},{"floor":24,"key":"WingedGreaves"},{"floor":26,"key":"Damaru"},{"floor":27,"key":"Blue Candle"},{"floor":29,"key":"Lizard Tail"},{"floor":34,"key":"MawBank"},{"floor":34,"key":"Singing Bowl"},{"floor":34,"key":"Turnip"},{"floor":42,"key":"Regal Pillow"},{"floor":43,"key":"Centennial Puzzle"}],"event_choices":[{"damage_healed":0,"gold_gain":80,"player_choice":"Gained Gold","damage_taken":0,"max_hp_gain":0,"max_hp_loss":0,"event_name":"Golden Wing","floor":2,"gold_loss":0},{"damage_healed":0,"gold_gain":100,"player_choice":"Pray","damage_taken":0,"max_hp_gain":0,"max_hp_loss":0,"event_name":"Golden Shrine","floor":3,"gold_loss":0},{"damage_healed":0,"gold_gain":175,"player_choice":"AGREE","damage_taken":0,"max_hp_gain":0,"max_hp_loss":0,"event_name":"Liars Game","floor":7,"gold_loss":0,"cards_obtained":["Doubt"]},{"cards_removed":["Doubt"],"damage_healed":0,"gold_gain":0,"player_choice":"Offered Curse","damage_taken":0,"relics_obtained":["Spirit Poop"],"max_hp_gain":0,"max_hp_loss":0,"event_name":"Bonfire Elementals","floor":20,"gold_loss":0},{"damage_healed":0,"gold_gain":0,"player_choice":"Memory 1","damage_taken":0,"max_hp_gain":0,"max_hp_loss":0,"event_name":"SensoryStone","floor":36,"gold_loss":0},{"damage_healed":0,"gold_gain":0,"player_choice":"1 cards matched","damage_taken":0,"max_hp_gain":0,"max_hp_loss":0,"event_name":"Match and Keep!","floor":38,"gold_loss":0,"cards_obtained":["Wallop"]}],"is_beta":false,"boss_relics":[{"not_picked":["Sozu","Runic Dome"],"picked":"Tiny House"},{"not_picked":["Busted Crown","Runic Pyramid"],"picked":"Calling Bell"}],"items_purged_floors":[],"is_endless":false,"potions_floor_spawned":[4,10,13,14,16,18,19,22,24,25,29,31,33,35,37,39,45,46,48],"killed_by":"Donu and Deca","ascension_level":0}}