{"host":"za9ilm1uiwmpmin1","time":1613168507,"event":{"mods":["AchievementEnabler","Act Like it!","BaseMod","Dota2Spire","Downfall","Friendly Minions","KomeijiMod","Lobotomy","LobotomyExtend","Minty Spire (QoL Compilation)","MostiFishMod","Reorder Act Four","RumiaBox-露米娅的神秘盒子","StSLib","TestMod","Waifu the Spire","[IsaacMod]以撒尖塔","【功能Mod】混沌之环修复补丁"],"gold_per_floor":[113,126,198,213,231,258,276,311,311,331,331,362,362,397,397,473,473,494,494,579,641,222,222,271,341,386,439,0,0,86,105,105,191,191,217,252,0,71,128,201,274,372,395,395,483,573,366,41,41,93,93,93,93,93,164,259],"floor_reached":57,"language":"ZHS","playtime":1911,"items_purged":["sneckomod:Strike","sneckomod:Strike","sneckomod:Unknown","sneckomod:Strike"],"score":3230,"play_id":"6e15efe2-f295-46ad-95ac-8c8ea1c3a76b","local_time":"20210213062147","is_ascension_mode":true,"campfire_choices":[{"data":"sneckomod:Rotation","floor":11,"key":"SMITH"},{"floor":15,"key":"REST"},{"data":"sneckomod:UnknownDraw","floor":23,"key":"SMITH"},{"data":"sneckomod:UnknownDraw","floor":29,"key":"SMITH"},{"data":"MostiFishMod:RacingGame","floor":32,"key":"SMITH"},{"floor":49,"key":"RECALL"},{"data":"sneckomod:Unknown","floor":54,"key":"SMITH"}],"circlet_count":0,"master_deck":["AscendersBane","sneckomod:Defend","sneckomod:Defend+1","sneckomod:Defend","sneckomod:TailWhip","sneckomod:SnekBite","sneckomod:Unknown+1","sneckomod:Rotation+1","sneckomod:GlitteringGambit+1","Offering+1","sneckomod:UnknownClassRED+1","MostiFishMod:RacingGame+1","sneckomod:SnakeSap+1","sneckomod:IronFang+1","Burning Pact+1"],"relics":["DaveBox","HushsDoor","testmod-TestBox","testmod-BatchProcessingSystem","MaYiHuaBei","Transparent","RhineCircuit","SynthV:TestCard","LetterFromLob","BelialBook","Blue Candle","Guardian:PocketSentry","testmod-ArcanaOfDestiny","FeatherPendant","Dota2Spire:PhaseBoots","Anchor","Molten Egg 2","Bronze Scales","Dota2Spire:HandOfMidas","PreservedInsect","testmod-SaigiyounoYou","Red Mask","testmod-CyclicPeriapt","Smiling Mask","HowToJump","War Paint","Membership Card","Strawberry","ZombieArmy","testmod-Antiphasic"],"acts_visited":["Exordium","TheCity","TheBeyond","TheEnding"],"potions_floor_usage":[14,56,56],"damage_taken":[{"damage":48,"enemies":"Cultist","floor":1,"turns":3},{"damage":32,"enemies":"2 Louse","floor":2,"turns":2},{"damage":32,"enemies":"Small Slimes","floor":4,"turns":2},{"damage":16,"enemies":"Looter","floor":5,"turns":1},{"damage":32,"enemies":"Gremlin Nob","floor":6,"turns":2},{"damage":32,"enemies":"Exordium Wildlife","floor":7,"turns":2},{"damage":64,"enemies":"3 Sentries","floor":8,"turns":4},{"damage":16,"enemies":"Red Slaver","floor":10,"turns":1},{"damage":48,"enemies":"Lagavulin","floor":12,"turns":3},{"damage":64,"enemies":"3 Sentries","floor":14,"turns":4},{"damage":48,"enemies":"The Guardian","floor":16,"turns":3},{"damage":15,"enemies":"Spheric Guardian","floor":18,"turns":1},{"damage":30,"enemies":"3 Byrds","floor":21,"turns":2},{"damage":27,"enemies":"Snecko","floor":24,"turns":1},{"damage":27,"enemies":"Gremlin Leader","floor":25,"turns":1},{"damage":27,"enemies":"Cultist and Chosen","floor":27,"turns":1},{"damage":27,"enemies":"Slavers","floor":30,"turns":1},{"damage":15,"enemies":"3 Cultists","floor":31,"turns":1},{"damage":27,"enemies":"Automaton","floor":33,"turns":1},{"damage":26,"enemies":"Orb Walker","floor":35,"turns":1},{"damage":14,"enemies":"3 Shapes","floor":36,"turns":1},{"damage":14,"enemies":"Transient","floor":38,"turns":1},{"damage":14,"enemies":"Writhing Mass","floor":39,"turns":1},{"damage":26,"enemies":"Reptomancer","floor":40,"turns":1},{"damage":14,"enemies":"Spire Growth","floor":41,"turns":1},{"damage":38,"enemies":"Nemesis","floor":42,"turns":1},{"damage":14,"enemies":"3 Darklings","floor":45,"turns":1},{"damage":24,"enemies":"Giant Head","floor":46,"turns":1},{"damage":30,"enemies":"Awakened One","floor":50,"turns":2},{"damage":15,"enemies":"Shield and Spear","floor":55,"turns":1},{"damage":57,"enemies":"The Heart","floor":56,"turns":3}],"seed_played":"-837389104926872187","potions_obtained":[{"floor":4,"key":"JyouchiReiPotion"},{"floor":5,"key":"DistilledChaos"},{"floor":12,"key":"DuplicationPotion"},{"floor":21,"key":"BlessingOfTheForge"},{"floor":40,"key":"testmod-TestPotion"}],"is_trial":false,"path_per_floor":["M","M","?","M","M","E","M","E","T","M","R","E","?","E","R","B",null,"M","?","?","M","$","R","M","E","T","M","?","R","E","M","R","B",null,"M","M","?","M","M","E","M","E","T","?","M","E","$","$","R","B",null,null,"$","R","E","B",null],"character_chosen":"THE_SNECKO","items_purchased":["Dota2Spire:PhaseBoots","Anchor","War Paint","Membership Card","Strawberry","ZombieArmy"],"campfire_rested":1,"item_purchase_floors":[22,22,47,48,48,48],"current_hp_per_floor":[76,83,68,83,83,83,83,68,68,83,83,83,83,68,83,83,78,78,78,63,78,78,78,78,78,78,78,78,78,78,78,78,78,71,71,71,71,71,71,71,71,71,71,71,71,71,71,78,78,78,78,78,78,78,78,78],"gold":259,"neow_bonus":"BOSS_RELIC","is_daily":false,"chose_seed":false,"campfire_upgraded":5,"win_rate":0.0,"timestamp":1613168507,"path_taken":["M","?","?","M","M","E","M","E","T","?","R","E","?","E","R","BOSS","M","?","?","M","$","R","?","E","T","?","?","R","E","M","R","BOSS","M","M","?","M","M","E","M","E","T","?","M","E","?","$","R","BOSS","$","R","E","BOSS"],"items_purchased_type":["Relic","Relic","Relic","Relic","Relic","Relic"],"build_version":"2020-12-22","purchased_purges":4,"victory":true,"max_hp_per_floor":[83,83,83,83,83,83,83,83,83,83,83,83,83,83,83,83,78,78,78,78,78,78,78,78,78,78,78,78,78,78,78,78,78,71,71,71,71,71,71,71,71,71,71,71,71,71,71,78,78,78,78,78,78,78,78,78],"card_choices":[{"not_picked":["sneckomod:UnknownDexterity","sneckomod:SnakeSap"],"picked":"sneckomod:UnknownDraw","floor":1},{"not_picked":["sneckomod:RainOfDice","sneckomod:UnknownStrike","sneckomod:Nope","sneckomod:Transmogrify","sneckomod:QuickMove"],"picked":"SKIP","floor":2},{"not_picked":["sneckomod:Unknown1Cost","sneckomod:TrashToTreasure","sneckomod:UnknownExhaust","sneckomod:DefensiveFlair","sneckomod:UnknownBlock"],"picked":"SKIP","floor":4},{"not_picked":["sneckomod:UnknownCommonAttack","sneckomod:SoulRoll","sneckomod:WideSting","sneckomod:MasterEye","sneckomod:QuickBite"],"picked":"SKIP","floor":5},{"not_picked":["sneckomod:UnknownRarePower","sneckomod:Unknown1Cost","sneckomod:DiceBlock","Bomb"],"picked":"sneckomod:Rotation","floor":6},{"not_picked":["sneckomod:IronFang","sneckomod:UnknownCommonSkill","sneckomod:UnknownStrike","sneckomod:UnknownDraw","sneckomod:RainOfDice"],"picked":"SKIP","floor":7},{"not_picked":["sneckomod:UnknownDraw","sneckomod:QuickMove","sneckomod:UnknownCommonSkill","sneckomod:Unknown1Cost","sneckomod:CheapStock"],"picked":"SKIP","floor":8},{"not_picked":["sneckomod:DiceBlock","sneckomod:SoulCleanse","sneckomod:UnknownUncommonSkill","sneckomod:Nope","sneckomod:QuickBite"],"picked":"SKIP","floor":10},{"not_picked":["sneckomod:SoulExchange","sneckomod:Nope","sneckomod:SoulRoll","sneckomod:UnlimitedRolls","sneckomod:MorePower"],"picked":"SKIP","floor":12},{"not_picked":["sneckomod:MorePower","sneckomod:DiceCrush","sneckomod:QuickBite","sneckomod:TrashToTreasure","sneckomod:UnknownCommonAttack"],"picked":"SKIP","floor":14},{"not_picked":["sneckomod:Mudshield","sneckomod:SerpentMind","sneckomod:Restock","sneckomod:UnlimitedRolls"],"picked":"sneckomod:GlitteringGambit","floor":16},{"not_picked":["sneckomod:SnekBeam","sneckomod:UnknownCommonAttack","sneckomod:DiceCrush","sneckomod:Unknown1Cost"],"picked":"sneckomod:Memorize","floor":18},{"not_picked":["sneckomod:Unknown1Cost","sneckomod:Nope","sneckomod:UnknownDraw","sneckomod:QuickBite+1"],"picked":"sneckomod:UnknownStrength","floor":21},{"not_picked":["sneckomod:MasterEye+1","sneckomod:SoulDraw","sneckomod:WideSting","sneckomod:DiceBlock","sneckomod:Unknown0Cost"],"picked":"SKIP","floor":24},{"not_picked":["sneckomod:DiceCrush+1","sneckomod:UnknownStrike+1","sneckomod:CheapStock","sneckomod:Unknown1Cost"],"picked":"sneckomod:UnknownClassRED","floor":25},{"not_picked":["sneckomod:UnknownBlock","sneckomod:UnknownCommonSkill+1","sneckomod:DiceBoulder+1","sneckomod:UnendingSupply+1"],"picked":"sneckomod:Memorize","floor":27},{"not_picked":["sneckomod:RainOfDice+1","sneckomod:Mudshield","sneckomod:SoulDraw","sneckomod:UnknownExhaust"],"picked":"sneckomod:UnknownDraw","floor":28},{"not_picked":["sneckomod:UnknownX","sneckomod:UnknownWeak","sneckomod:UnlimitedRolls","sneckomod:PureSnecko","sneckomod:UnknownClassRED"],"picked":"SKIP","floor":30},{"not_picked":["sneckomod:IronFang+1","sneckomod:QuickBite+1","sneckomod:RainOfDice+1","sneckomod:DiceBlock"],"picked":"sneckomod:SnakeSap+1","floor":31},{"not_picked":["sneckomod:UnknownDraw+1","sneckomod:UnknownClassBLUE","sneckomod:MixItUp+1","sneckomod:SoulRoll+1","sneckomod:Rotation"],"picked":"SKIP","floor":35},{"not_picked":["sneckomod:UnknownClassRED","sneckomod:DiceCrush+1","sneckomod:UnknownWeak","sneckomod:SnekBeam+1"],"picked":"sneckomod:IronFang+1","floor":36},{"not_picked":["sneckomod:TrashToTreasure","sneckomod:UnknownCommonSkill+1","sneckomod:UnknownExhaust","sneckomod:UnknownCommonAttack+1","sneckomod:PureSnecko"],"picked":"SKIP","floor":38},{"not_picked":["sneckomod:SoulRoll","sneckomod:UnlimitedRolls","sneckomod:UnknownBlock+1","sneckomod:UnknownClassBLUE","sneckomod:WideSting+1"],"picked":"SKIP","floor":39},{"not_picked":["sneckomod:UnknownColorless","sneckomod:SlitherStrike+1","sneckomod:Rotation","sneckomod:UnknownWeak+1","sneckomod:QuickMove+1"],"picked":"SKIP","floor":40},{"not_picked":["sneckomod:SoulDraw","sneckomod:MasterEye","sneckomod:DiceBlock","sneckomod:WideSting+1"],"picked":"sneckomod:Memorize+1","floor":41},{"not_picked":["sneckomod:UnknownVulnerable","sneckomod:DefensiveFlair","sneckomod:DangerNoodle+1","sneckomod:UnknownBlock","sneckomod:UnknownCommonSkill"],"picked":"SKIP","floor":42},{"not_picked":["sneckomod:UnknownCommonSkill","sneckomod:SoulDraw","sneckomod:RainOfDice+1","sneckomod:GlitteringGambit","sneckomod:UnknownCommonAttack+1"],"picked":"SKIP","floor":45},{"not_picked":["sneckomod:UnknownUncommonSkill","sneckomod:QuickBite+1","sneckomod:UnknownColorless","sneckomod:UnlimitedRolls","sneckomod:MasterEye+1"],"picked":"SKIP","floor":46},{"not_picked":["sneckomod:QuickBite+1","sneckomod:MorePower","sneckomod:DiceCrush+1","sneckomod:IronFang+1","sneckomod:Rotation+1"],"picked":"SKIP","floor":55}],"player_experience":1124881,"relics_obtained":[{"floor":1,"key":"SynthV:TestCard"},{"floor":1,"key":"LetterFromLob"},{"floor":6,"key":"BelialBook"},{"floor":8,"key":"Blue Candle"},{"floor":12,"key":"Guardian:PocketSentry"},{"floor":14,"key":"testmod-ArcanaOfDestiny"},{"floor":25,"key":"Molten Egg 2"},{"floor":26,"key":"Bronze Scales"},{"floor":28,"key":"Dota2Spire:HandOfMidas"},{"floor":30,"key":"PreservedInsect"},{"floor":40,"key":"testmod-CyclicPeriapt"},{"floor":43,"key":"Smiling Mask"},{"floor":46,"key":"HowToJump"},{"floor":55,"key":"testmod-Antiphasic"}],"event_choices":[{"damage_healed":0,"gold_gain":0,"player_choice":"Swap Relic","damage_taken":0,"relics_obtained":["Technique"],"max_hp_gain":0,"max_hp_loss":0,"event_name":"给自己的盒子","floor":19,"relics_lost":["Technique"],"gold_loss":0},{"damage_healed":0,"gold_gain":0,"player_choice":"Paid","damage_taken":0,"relics_obtained":["Red Mask"],"max_hp_gain":0,"max_hp_loss":0,"event_name":"Tomb of Lord Red Mask","floor":37,"gold_loss":252},{"damage_healed":0,"gold_gain":0,"player_choice":"Ignored","damage_taken":0,"max_hp_gain":0,"max_hp_loss":0,"event_name":"SecretPortal","floor":44,"gold_loss":0}],"is_beta":false,"boss_relics":[{"not_picked":["testmod-KeyOfTheVoid","SacredBark"],"picked":"FeatherPendant"},{"not_picked":[]},{"not_picked":["OneHitWonderSystem","Velvet Choker"],"picked":"testmod-SaigiyounoYou"},{"not_picked":[]}],"items_purged_floors":[17,22,34,47],"is_endless":false,"potions_floor_spawned":[4,5,12,14,21,27,36,39,40,42,45],"ascension_level":17}}