{"host":"1a9bbjeis3rg03b1","time":1613159575,"event":{"mods":["Act Like it!","BaseMod","Gensokyo","Googly Eyes","Hermit","Mimic Mod","Minty Spire (QoL Compilation)","Morshu Shopkeeper","Reliquary","Replay The Spire","StSLib","The Administrix","The Jungle","The Poker Player","The Servant 0.9.4","Wide Potions","everything is the same but u backflip on backflip"],"gold_per_floor":[116,391,405,405,425,425,460,460,460,460,470,488,488,488,520,536,536,639,639,657,673,673,689,716,761,761],"floor_reached":25,"language":"ENG","playtime":2781,"items_purged":[],"score":238,"play_id":"250f07e2-ba24-41e8-b3d5-7203a94b6b0a","local_time":"20210212125255","is_ascension_mode":false,"campfire_choices":[{"data":"hermit:CalledShot","floor":6,"key":"SMITH"},{"data":"hermit:Snapshot","floor":8,"key":"SMITH"}],"circlet_count":0,"master_deck":["hermit:Strike_Hermit","hermit:Strike_Hermit","hermit:Strike_Hermit","hermit:Strike_Hermit","hermit:Defend_Hermit","hermit:Defend_Hermit","hermit:Defend_Hermit","hermit:Defend_Hermit","hermit:Snapshot+1","hermit:Covet","hermit:CalledShot+1","Regret","hermit:Headshot","Delirium","hermit:BodyArmor","hermit:Roulette","hermit:HoleUp","hermit:Enervate","hermit:Quickdraw","hermit:SprayPray","Regret","hermit:BlackWind","hermit:Virtue+1","hermit:LuckOfTheDraw+1","RitualDagger","hermit:WideOpen+1","Injury"],"relics":["hermit:ClaspedLocket","NeowsBlessing","ReplayTheSpireMod:Ring of Collecting","Ring of Searing","The Courier","Ring of Fury","Replay:Bottled Flurry","Kunai","Oddly Smooth Stone","Akabeko","Replay:Grab Bag","Cursed Key","reliquary:WritOfMandamus","ReplayTheSpireMod:Ring of Challenge"],"acts_visited":["Exordium","TheCity"],"potions_floor_usage":[15,18,18,23],"damage_taken":[{"damage":0,"enemies":"2 Louse","floor":1,"turns":1},{"damage":0,"enemies":"Cultist","floor":3,"turns":1},{"damage":0,"enemies":"Jaw Worm","floor":5,"turns":1},{"damage":10,"enemies":"Gremlin Nob","floor":7,"turns":3},{"damage":0,"enemies":"Blue Slaver","floor":11,"turns":1},{"damage":7,"enemies":"Looter","floor":12,"turns":2},{"damage":9,"enemies":"3 Sentries","floor":15,"turns":5},{"damage":1,"enemies":"Large Slime","floor":16,"turns":3},{"damage":17,"enemies":"Fading Forest","floor":18,"turns":11},{"damage":22,"enemies":"2 Thieves","floor":20,"turns":3},{"damage":5,"enemies":"Chosen","floor":21,"turns":3},{"damage":0,"enemies":"Snecko","floor":23,"turns":2},{"damage":48,"enemies":"Book of Stabbing","floor":25,"turns":4}],"seed_played":"2218387429449148367","potions_obtained":[{"floor":5,"key":"Reflective Coating"},{"floor":12,"key":"AttackPotion"},{"floor":16,"key":"PowerPotion"},{"floor":21,"key":"Adrenaline Potion"}],"is_trial":false,"path_per_floor":["M","?","M","?","M","R","E","R","T","?","M","M","PTL","PTL","E","M","R","B",null,"M","M","?","M","T","E"],"character_chosen":"HERMIT","items_purchased":[],"campfire_rested":0,"item_purchase_floors":[],"current_hp_per_floor":[75,75,75,75,75,75,65,65,65,62,62,55,55,55,46,45,45,48,75,54,50,44,44,44,0,0],"gold":761,"neow_bonus":"THREE_ENEMY_KILL","is_daily":false,"chose_seed":false,"campfire_upgraded":2,"win_rate":0.0,"timestamp":1613159575,"path_taken":["M","?","?","?","M","R","E","R","T","?","M","M","PTL","PTL","E","M","R","BOSS","M","M","?","M","?","E"],"items_purchased_type":[],"build_version":"2020-12-22","purchased_purges":0,"victory":false,"max_hp_per_floor":[75,75,75,75,75,75,75,75,75,75,75,75,75,75,75,75,75,75,75,75,75,75,75,75,75,75],"card_choices":[{"not_picked":["hermit:Ricochet","hermit:GhostlyPresence"],"picked":"hermit:CalledShot","floor":1},{"not_picked":["hermit:Vantage","hermit:Purgatory"],"picked":"hermit:Headshot","floor":3},{"not_picked":["hermit:Feint","hermit:CalledShot"],"picked":"hermit:BodyArmor","floor":5},{"not_picked":["hermit:Gestalt","hermit:Coalescence"],"picked":"hermit:Roulette","floor":7},{"not_picked":["hermit:Brawl","hermit:DeadOrAlive"],"picked":"hermit:HoleUp","floor":11},{"not_picked":["hermit:Misfire","hermit:Manifest"],"picked":"hermit:Enervate","floor":12},{"not_picked":["hermit:Snipe","hermit:Showdown"],"picked":"hermit:Quickdraw","floor":15},{"not_picked":["hermit:TrackingShot","hermit:Scavenge"],"picked":"hermit:SprayPray","floor":16},{"not_picked":["hermit:Roughhouse","hermit:FromBeyond"],"picked":"hermit:BlackWind","floor":18},{"not_picked":["hermit:PistolWhip","hermit:Ricochet+1"],"picked":"hermit:Virtue+1","floor":20},{"not_picked":["hermit:Misfire","hermit:Coalescence+1"],"picked":"hermit:LuckOfTheDraw+1","floor":21},{"not_picked":["hermit:Ricochet","hermit:Snipe"],"picked":"hermit:WideOpen+1","floor":23}],"player_experience":674085,"relics_obtained":[{"floor":4,"key":"ReplayTheSpireMod:Ring of Collecting"},{"floor":4,"key":"Ring of Searing"},{"floor":7,"key":"The Courier"},{"floor":9,"key":"Ring of Fury"},{"floor":9,"key":"Replay:Bottled Flurry"},{"floor":15,"key":"Oddly Smooth Stone"},{"floor":24,"key":"ReplayTheSpireMod:Ring of Challenge"}],"event_choices":[{"damage_healed":0,"gold_gain":275,"player_choice":"Desecrate","damage_taken":0,"max_hp_gain":0,"max_hp_loss":0,"event_name":"Golden Shrine","floor":2,"gold_loss":0,"cards_obtained":["Regret"]},{"damage_healed":0,"gold_gain":0,"player_choice":"Success","damage_taken":3,"relics_obtained":["Kunai"],"max_hp_gain":0,"max_hp_loss":0,"event_name":"Scrap Ooze","floor":10,"gold_loss":0},{"damage_healed":0,"gold_gain":0,"player_choice":"Box","damage_taken":0,"relics_obtained":["Akabeko"],"max_hp_gain":0,"max_hp_loss":0,"event_name":"Big Fish","floor":17,"gold_loss":0,"cards_obtained":["Regret"]},{"damage_healed":0,"gold_gain":0,"player_choice":"Joined the Cult","damage_taken":6,"max_hp_gain":0,"max_hp_loss":0,"event_name":"Nest","floor":22,"gold_loss":0,"cards_obtained":["RitualDagger"]}],"is_beta":false,"boss_relics":[{"not_picked":["SacredBark","hermit:DentedPlate"],"picked":"Replay:Grab Bag"},{"not_picked":["reliquary:RedCape","Coffee Dripper"],"picked":"Cursed Key"},{"not_picked":["Velvet Choker","Ectoplasm"],"picked":"reliquary:WritOfMandamus"},{"not_picked":["SlaversCollar","Black Star"],"picked":"hermit:ClaspedLocket"}],"items_purged_floors":[],"is_endless":false,"potions_floor_spawned":[5,12,16,21],"killed_by":"Book of Stabbing","ascension_level":0}}