{"host":"m9osufisr3agwk96","time":1613152453,"event":{"mods":["AchievementEnabler","Aspiration","BaseMod","Colored Map","Colored Powertips","Downfall","Friendly Minions","Hermit","Highlight Path","Hubris","Minty Spire (QoL Compilation)","Rare Cards Sparkle","Reliquary","Replay The Spire","Shop Mod","StSLib"],"gold_per_floor":[115,190,190,40,58,75,75,110,134,84,84,84,84,103,103,207,207,217,235,249,174,273,273,273,273,273,52,77,77,89,89,101,118,118,118,118],"floor_reached":35,"language":"ENG","playtime":998,"items_purged":[],"score":280,"play_id":"5bb975c4-7f37-4007-aaf3-ac17bbdfb4ab","local_time":"20210212095413","is_ascension_mode":false,"campfire_choices":[{"data":"Eruption","floor":7,"key":"SMITH"},{"data":"Wallop","floor":13,"key":"SMITH"},{"data":"Vigilance","floor":15,"key":"SMITH"},{"floor":23,"key":"REST"},{"floor":26,"key":"REST"},{"floor":31,"key":"REST"},{"floor":34,"key":"REST"}],"circlet_count":0,"master_deck":["Strike_P","Strike_P","Strike_P","Defend_P","Defend_P","Defend_P","Eruption+1","Vigilance+1","PathToVictory","FollowUp","SignatureMove","Wallop+1","WreathOfFlame","DevaForm","ReachHeaven+1","FlyingSleeves+1","Wallop","EmptyFist","WheelKick","DeusExMachina"],"relics":["PureWater","Ancient Tea Set","Tiny Chest","hubris:AstralHammer","Ancient Tea Set","Black Star","Vajra","reliquary:SharkskinSheath","Blue Candle"],"acts_visited":["Exordium","TheCity"],"potions_floor_usage":[8,16,18,19,30,30,33,35],"damage_taken":[{"damage":1,"enemies":"2 Louse","floor":1,"turns":3},{"damage":0,"enemies":"Small Slimes","floor":5,"turns":2},{"damage":1,"enemies":"Cultist","floor":6,"turns":3},{"damage":0,"enemies":"Gremlin Nob","floor":8,"turns":1},{"damage":8,"enemies":"3 Louse","floor":14,"turns":3},{"damage":27,"enemies":"The Guardian","floor":16,"turns":11},{"damage":18,"enemies":"3 Byrds","floor":18,"turns":5},{"damage":5,"enemies":"Chosen","floor":19,"turns":5},{"damage":23,"enemies":"Centurion and Healer","floor":20,"turns":8},{"damage":37,"enemies":"Snake Plant","floor":30,"turns":3},{"damage":24,"enemies":"Chosen and Byrds","floor":32,"turns":5},{"damage":30,"enemies":"Sentry and Sphere","floor":33,"turns":4},{"damage":29,"enemies":"Collector","floor":35,"turns":3}],"seed_played":"-3846100346639139838","potions_obtained":[{"floor":6,"key":"Strength Potion"},{"floor":8,"key":"Toxic Potion"},{"floor":14,"key":"Explosive Potion"},{"floor":18,"key":"DistilledChaos"},{"floor":20,"key":"BlessingOfTheForge"},{"floor":32,"key":"champ:CounterPotion"},{"floor":33,"key":"SkillPotion"}],"is_trial":false,"path_per_floor":["M","?","?","$","M","M","R","E","T","?","$","T","R","M","R","B",null,"M","M","M","?","?","R","PTL","PTL","R","$","T","T","M","R","M","M","R","B"],"character_chosen":"WATCHER","items_purchased":["Tiny Chest","Vajra","Regen Potion"],"campfire_rested":4,"item_purchase_floors":[4,27,27],"current_hp_per_floor":[71,60,72,72,72,71,71,71,71,71,71,71,71,63,63,36,72,54,49,26,26,26,47,47,47,68,68,68,68,38,59,35,5,26,0,0],"gold":118,"neow_bonus":"RANDOM_COMMON_RELIC","is_daily":false,"chose_seed":false,"campfire_upgraded":3,"win_rate":0.0,"timestamp":1613152453,"path_taken":["M","?","?","$","?","M","R","E","T","?","?","?","R","M","R","BOSS","M","M","M","?","?","R","PTL","PTL","R","?","T","?","M","R","M","M","R","BOSS"],"items_purchased_type":["Relic","Relic","Potion"],"build_version":"2020-12-22","purchased_purges":0,"victory":false,"max_hp_per_floor":[72,72,72,72,72,72,72,72,72,72,72,72,72,72,72,72,72,72,72,72,72,72,72,72,72,72,72,72,72,72,72,72,72,72,72,72],"card_choices":[{"not_picked":["EmptyBody","CutThroughFate"],"picked":"PathToVictory","floor":1},{"not_picked":["Conclude","DeceiveReality"],"picked":"FollowUp","floor":5},{"not_picked":["EmptyBody","Protect"],"picked":"SignatureMove","floor":6},{"not_picked":["Prostrate","FlurryOfBlows"],"picked":"Wallop","floor":8},{"not_picked":["EmptyBody","Evaluate"],"picked":"WreathOfFlame","floor":14},{"not_picked":["Judgement","Vault"],"picked":"DevaForm","floor":16},{"not_picked":["Replay:AtTheReady","FollowUp"],"picked":"ReachHeaven+1","floor":18},{"not_picked":["Replay:BluntJabs","Halt"],"picked":"FlyingSleeves+1","floor":19},{"not_picked":["ThirdEye","Prostrate"],"picked":"Wallop","floor":20},{"not_picked":["Replay:BluntJabs+1","FlyingSleeves+1"],"picked":"EmptyFist","floor":30},{"not_picked":["CrushJoints","Vengeance"],"picked":"WheelKick","floor":32},{"not_picked":["Halt","Study+1"],"picked":"DeusExMachina","floor":33}],"player_experience":467780,"relics_obtained":[{"floor":8,"key":"hubris:AstralHammer"},{"floor":12,"key":"reliquary:SculptingSteel"},{"floor":28,"key":"reliquary:SharkskinSheath"},{"floor":29,"key":"Blue Candle"}],"event_choices":[{"damage_healed":0,"gold_gain":75,"player_choice":"Gather Gold","damage_taken":11,"max_hp_gain":0,"max_hp_loss":0,"event_name":"World of Goop","floor":2,"gold_loss":0},{"damage_healed":12,"gold_gain":0,"player_choice":"Full Heal","damage_taken":0,"max_hp_gain":0,"max_hp_loss":0,"event_name":"Wheel of Change","floor":3,"gold_loss":0},{"cards_removed":["Defend_P"],"damage_healed":0,"gold_gain":0,"player_choice":"Card Removal","damage_taken":0,"max_hp_gain":0,"max_hp_loss":0,"event_name":"The Cleric","floor":10,"gold_loss":50},{"cards_removed":["Strike_P"],"damage_healed":0,"gold_gain":0,"player_choice":"Gave Gold","damage_taken":0,"max_hp_gain":0,"max_hp_loss":0,"event_name":"Beggar","floor":21,"gold_loss":75},{"damage_healed":0,"gold_gain":99,"player_choice":"Stole From Cult","damage_taken":0,"max_hp_gain":0,"max_hp_loss":0,"event_name":"Nest","floor":22,"gold_loss":0}],"is_beta":false,"boss_relics":[{"not_picked":["Replay:Drink Me","ChewingGum"],"picked":"Black Star"}],"items_purged_floors":[],"is_endless":false,"potions_floor_spawned":[6,8,14,18,20,32,33],"killed_by":"Collector","ascension_level":0}}