{"host":"d52brwsy6af8zvaq","time":1613088248,"event":{"mods":["AchievementEnabler","BaseMod","Bestiary","Highlight Path","Minty Spire (QoL Compilation)","Quick Restart","Relic Stats","ojb\u0027s Better Paths Mod"],"gold_per_floor":[118,132,149,100,0,29,29,29,29],"floor_reached":8,"language":"ENG","playtime":435,"items_purged":[],"score":116,"play_id":"5abf10df-c93b-440f-b31b-1d409c438615","local_time":"20210211170408","is_ascension_mode":true,"campfire_choices":[{"floor":7.0,"key":"REST"}],"circlet_count":0,"master_deck":["AscendersBane","Strike_B","Strike_B","Strike_B","Strike_B","Defend_B","Defend_B","Defend_B","Defend_B","Zap","Dualcast","FTL","Compile Driver","Cold Snap","BootSequence","Self Repair","Beam Cell","Fission"],"relics":["Cracked Core","Nunchaku"],"acts_visited":["Exordium"],"potions_floor_usage":[],"damage_taken":[{"damage":0.0,"enemies":"Cultist","floor":1.0,"turns":3.0},{"damage":5.0,"enemies":"Small Slimes","floor":2.0,"turns":4.0},{"damage":2.0,"enemies":"Jaw Worm","floor":3.0,"turns":3.0},{"damage":11.0,"enemies":"Exordium Thugs","floor":4.0,"turns":5.0},{"damage":48.0,"enemies":"3 Sentries","floor":6.0,"turns":11.0},{"damage":50,"enemies":"Gremlin Nob","floor":8,"turns":4}],"seed_played":"3582206993396297709","potions_obtained":[{"floor":1.0,"key":"LiquidMemories"},{"floor":2.0,"key":"Block Potion"}],"is_trial":false,"path_per_floor":["M","M","M","M","$","E","R","E"],"character_chosen":"DEFECT","items_purchased":["Self Repair","Beam Cell"],"campfire_rested":1,"item_purchase_floors":[5,5],"current_hp_per_floor":[71,66,64,53,53,12,35,0,0],"gold":29,"neow_bonus":"TEN_PERCENT_HP_BONUS","is_daily":false,"chose_seed":false,"campfire_upgraded":0,"win_rate":0.0,"timestamp":1613088248,"path_taken":["M","M","M","M","?","E","R","E"],"items_purchased_type":["Card","Card"],"build_version":"2020-12-22","purchased_purges":0,"victory":false,"max_hp_per_floor":[78,78,78,78,78,78,78,78,78],"relic_stats":{"Nunchaku":[1],"counters":[6,30],"obtain_stats":[{"Nunchaku":6,"Cracked Core":0},{"Nunchaku":5,"Cracked Core":0},{"Nunchaku":26,"Cracked Core":0}]},"card_choices":[{"not_picked":["Scrape","Steam"],"picked":"FTL","floor":1.0},{"not_picked":["Turbo","Conserve Battery"],"picked":"Compile Driver","floor":2.0},{"not_picked":["Leap","Barrage"],"picked":"Cold Snap","floor":3.0},{"not_picked":["Hologram","Go for the Eyes"],"picked":"BootSequence","floor":4.0},{"not_picked":["Barrage","Redo"],"picked":"Fission","floor":6.0}],"player_experience":2231167,"relics_obtained":[{"floor":6.0,"key":"Nunchaku"}],"event_choices":[],"is_beta":false,"boss_relics":[],"items_purged_floors":[],"is_endless":false,"potions_floor_spawned":[1,2,3],"killed_by":"Gremlin Nob","ascension_level":20}}