{"host":"ywif2ugnepgiw45s","time":1613164642,"event":{"mods":["Act Like it!","BaseMod","Better Skull","Downfall","Elementarium","GifTheSpireLib","Hermit","Lobotomy","Minty Spire (QoL Compilation)","READ ME - Guardian Mod","Shade Mod","Shop Mod","StSLib","The Cursed","The Exalted","The Jungle","The Servant 0.9.4"],"gold_per_floor":[112,112,127,92,111,111,64,96,96,96,96,129,148,176,176,271,271,289,289,304,304,304,304,339,339,385,24,38,38,68,81,81,177,177,189,35,52,14,27,27,53,53,53,87,107,142,142,161,161,161,161,161,18,43,43],"floor_reached":56,"language":"ENG","playtime":3061,"items_purged":["Shade:Bite_Shade","Dramatic Entrance"],"score":1526,"play_id":"5b6fd87b-7556-405d-aadc-dd9b92ade4c4","local_time":"20210212161722","is_ascension_mode":true,"campfire_choices":[{"data":"Shade:SpectralStrikes","floor":6,"key":"SMITH"},{"floor":11,"key":"REST"},{"data":"Shade:Brains","floor":15,"key":"SMITH"},{"data":"Shade:Putrefaction","floor":23,"key":"SMITH"},{"data":"Shade:AnimateDead","floor":25,"key":"SMITH"},{"data":"Mayhem","floor":29,"key":"SMITH"},{"data":"Shade:LyeBath","floor":32,"key":"SMITH"},{"floor":40,"key":"RECALL"},{"data":"Shade:LichForm","floor":42,"key":"SMITH"},{"data":"Shade:AuraOfUnlife","floor":49,"key":"SMITH"},{"data":"Shade:AuraOfUnlife","floor":52,"key":"SMITH"}],"circlet_count":0,"master_deck":["Shade:Strike_Shade+1","Shade:Strike_Shade+1","Shade:Strike_Shade+1","Shade:Strike_Shade+1","Shade:Defend_Shade+1","Shade:Defend_Shade+1","Shade:Defend_Shade+1","Shade:Defend_Shade+1","Shade:AnimateDead+1","Shade:CarefulCut+1","Shade:OpenGraves","Shade:SpectralStrikes+1","Shade:StitchTogether","Shade:Bonestorm+1","Shade:AuraOfUnlife+1","Shade:Brains+1","Shade:Putrefaction+1","Shade:Bite_Shade","Mayhem+1","Shade:FuneraryJewels+1","Shade:LyeBath+1","Shade:LichForm+1","Shade:AuraOfUnlife+1","Shade:FuneraryJewels+1","Shade:Carnophage","Shade:OminousRitual"],"relics":["Shade:YorickSkull","Ancient Tea Set","StoneCalendar","Bromod:ArcanePistoleer","Slimebound:PreparedRelic","Bromod:ArcaneAvenger","Regal Pillow","SlaversCollar","Bronze Scales","Guardian:PocketSentry","Membership Card","Bromod:ArcaneNullifier","Whetstone","Runic Pyramid","Incense Burner","MealTicket","Bromod:ArcaneVictory","Letter Opener","Strange Spoon","War Paint"],"acts_visited":["Exordium","TheCity","TheBeyond","TheEnding"],"potions_floor_usage":[12,37,37,55,55],"damage_taken":[{"damage":0,"enemies":"Cultist","floor":1,"turns":4},{"damage":2,"enemies":"Small Slimes","floor":3,"turns":4},{"damage":0,"enemies":"Jaw Worm","floor":5,"turns":5},{"damage":33,"enemies":"Gremlin Nob","floor":8,"turns":5},{"damage":6,"enemies":"3 Sentries","floor":12,"turns":4},{"damage":2,"enemies":"Exordium Wildlife","floor":13,"turns":3},{"damage":16,"enemies":"Gremlin Nob","floor":14,"turns":4},{"damage":0,"enemies":"The Guardian","floor":16,"turns":8},{"damage":12,"enemies":"Shell Parasite","floor":18,"turns":6},{"damage":10,"enemies":"Spheric Guardian","floor":20,"turns":5},{"damage":0,"enemies":"Book of Stabbing","floor":24,"turns":5},{"damage":0,"enemies":"Snecko","floor":28,"turns":4},{"damage":0,"enemies":"Gremlin Leader","floor":30,"turns":5},{"damage":8,"enemies":"Shelled Parasite and Fungi","floor":31,"turns":4},{"damage":0,"enemies":"Champ","floor":33,"turns":5},{"damage":0,"enemies":"Orb Walker","floor":35,"turns":5},{"damage":1,"enemies":"3 Darklings","floor":37,"turns":5},{"damage":2,"enemies":"Sphere and 2 Shapes","floor":39,"turns":5},{"damage":0,"enemies":"Giant Head","floor":41,"turns":6},{"damage":0,"enemies":"Nemesis","floor":44,"turns":5},{"damage":14,"enemies":"Spire Growth","floor":45,"turns":7},{"damage":0,"enemies":"Giant Head","floor":46,"turns":6},{"damage":3,"enemies":"Writhing Mass","floor":48,"turns":5},{"damage":10,"enemies":"Donu and Deca","floor":50,"turns":5},{"damage":30,"enemies":"Shield and Spear","floor":54,"turns":6},{"damage":59,"enemies":"The Heart","floor":55,"turns":8}],"seed_played":"-5595629507773104204","potions_obtained":[{"floor":1,"key":"Strength Potion"},{"floor":8,"key":"LiquidMemories"},{"floor":12,"key":"Block Potion"},{"floor":14,"key":"Energy Potion"},{"floor":37,"key":"Guardian:BlockOnCardUsePotion"},{"floor":39,"key":"SteroidPotion"}],"is_trial":false,"path_per_floor":["M","?","M","?","M","R","$","E","T","$","R","E","M","E","R","B",null,"M","?","M","?","?","R","E","R","T","$","M","R","E","M","R","B",null,"M","$","M","$","M","R","E","R","T","E","M","E","?","M","R","B",null,"R","$","E","B",null],"character_chosen":"SHADE","items_purchased":["Shade:Bonestorm","Membership Card","Mayhem","Bromod:ArcaneNullifier","Dramatic Entrance","Incense Burner","Shade:Carnophage","Strange Spoon"],"campfire_rested":1,"item_purchase_floors":[7,27,27,27,27,36,53,53],"current_hp_per_floor":[65,58,56,65,65,65,65,32,32,32,51,54,54,42,42,46,65,57,46,40,40,40,40,48,48,48,48,52,52,54,50,50,58,70,70,70,69,69,69,69,69,69,69,70,61,66,66,66,66,69,70,70,70,53,6],"gold":43,"neow_bonus":"RANDOM_COMMON_RELIC","is_daily":false,"chose_seed":false,"campfire_upgraded":9,"win_rate":0.0,"timestamp":1613164642,"path_taken":["M","?","M","?","M","R","?","E","T","$","R","E","M","E","R","BOSS","M","?","M","?","?","R","E","R","T","$","?","R","E","M","R","BOSS","M","$","M","$","M","R","E","R","T","E","M","E","?","?","R","BOSS","R","$","E","BOSS"],"items_purchased_type":["Card","Relic","Card","Relic","Card","Relic","Card","Relic"],"build_version":"2020-12-22","purchased_purges":2,"victory":true,"max_hp_per_floor":[65,65,65,65,65,65,65,65,65,65,65,65,65,65,65,65,65,65,70,70,70,70,70,70,70,70,70,70,70,70,70,70,70,70,70,70,70,70,70,70,70,70,70,70,70,70,70,70,70,70,70,70,70,70,70],"card_choices":[{"not_picked":["Shade:RavenousHorde","Shade:PressTheAttack"],"picked":"Shade:OpenGraves","floor":1},{"not_picked":["Shade:Haruspicy","Shade:WallOfFlesh"],"picked":"Shade:SpectralStrikes","floor":3},{"not_picked":["Shade:CallOfTheGrave","Shade:FeralStrike"],"picked":"Shade:StitchTogether","floor":5},{"not_picked":["Shade:Bonestorm","Shade:Trample"],"picked":"Shade:Bite_Shade","floor":8},{"not_picked":["Shade:FleshToFlesh","Shade:FreshBones","Shade:FuneraryArmor"],"picked":"SKIP","floor":12},{"not_picked":["Shade:SensePrey","Shade:GraveStillness"],"picked":"Shade:AuraOfUnlife","floor":13},{"not_picked":["Shade:Awaken","Shade:SoulToxin"],"picked":"Shade:Brains","floor":14},{"not_picked":["Shade:Tombstone","Shade:Consume"],"picked":"Shade:Putrefaction","floor":16},{"not_picked":["Shade:Brains","Shade:Patience"],"picked":"Shade:Bite_Shade","floor":18},{"not_picked":["Shade:GraveStillness+1","Shade:Patience+1","Shade:CoffinDance"],"picked":"SKIP","floor":20},{"not_picked":["Shade:PoundOfFlesh","Shade:Premonition","Shade:FuneraryArmor+1"],"picked":"SKIP","floor":24},{"not_picked":["Shade:PoundOfFlesh","Shade:FreshBones"],"picked":"Shade:FuneraryJewels","floor":28},{"not_picked":["Shade:Trample+1","Shade:CommandSoldier"],"picked":"Shade:LyeBath","floor":30},{"not_picked":["Shade:PotionOfRestlessness","Shade:SpectralStrikes","Shade:ExtraLimbs"],"picked":"SKIP","floor":31},{"not_picked":["Shade:UnbarTheGrave","Shade:Putrefaction"],"picked":"Shade:LichForm","floor":33},{"not_picked":["Shade:FleshToFlesh","Shade:TouchOfTheGrave+1"],"picked":"Shade:AuraOfUnlife","floor":35},{"not_picked":["Shade:FuneraryArmor+1","Shade:AncientSpear","Shade:ClawBack"],"picked":"SKIP","floor":37},{"not_picked":["Shade:FeralStrike","Shade:Patience+1","Shade:FingerOfDeath"],"picked":"SKIP","floor":39},{"not_picked":["Shade:Bonestorm+1","Shade:GreyBargain","Shade:SkeletonHug"],"picked":"SKIP","floor":41},{"not_picked":["Shade:WallOfFlesh","Shade:Awaken"],"picked":"Shade:FuneraryJewels+1","floor":44},{"not_picked":["Shade:BoneShards+1","Shade:UnbarTheGrave","Shade:SoulToxin"],"picked":"SKIP","floor":45},{"not_picked":["Shade:GreyBargain","Shade:FleshToFlesh+1","Shade:Carnophage+1"],"picked":"SKIP","floor":46},{"not_picked":["Shade:SoulToxin","Shade:Bonestorm+1","Shade:RitualOffering"],"picked":"SKIP","floor":48},{"not_picked":["Shade:Premonition+1","Shade:Bonestorm+1"],"picked":"Shade:OminousRitual","floor":54}],"player_experience":1784901,"relics_obtained":[{"floor":8,"key":"Bromod:ArcanePistoleer"},{"floor":9,"key":"Slimebound:PreparedRelic"},{"floor":12,"key":"Bromod:ArcaneAvenger"},{"floor":14,"key":"Regal Pillow"},{"floor":24,"key":"Bronze Scales"},{"floor":26,"key":"Guardian:PocketSentry"},{"floor":30,"key":"Whetstone"},{"floor":41,"key":"MealTicket"},{"floor":44,"key":"Bromod:ArcaneVictory"},{"floor":46,"key":"Letter Opener"},{"floor":54,"key":"War Paint"}],"event_choices":[{"damage_healed":0,"gold_gain":0,"player_choice":"Success","damage_taken":7,"relics_obtained":["StoneCalendar"],"max_hp_gain":0,"max_hp_loss":0,"event_name":"Scrap Ooze","floor":2,"gold_loss":0},{"damage_healed":16,"gold_gain":0,"player_choice":"Healed","damage_taken":0,"max_hp_gain":0,"max_hp_loss":0,"event_name":"The Cleric","floor":4,"gold_loss":35},{"damage_healed":0,"gold_gain":0,"player_choice":"Shed Blood","damage_taken":16,"max_hp_gain":5,"max_hp_loss":0,"event_name":"Forgotten Altar","floor":19,"gold_loss":0},{"damage_healed":0,"gold_gain":0,"player_choice":"Simplicity","damage_taken":0,"max_hp_gain":0,"max_hp_loss":0,"event_name":"Back to Basics","floor":21,"gold_loss":0,"cards_upgraded":["Shade:Strike_Shade","Shade:Strike_Shade","Shade:Strike_Shade","Shade:Strike_Shade","Shade:Defend_Shade","Shade:Defend_Shade","Shade:Defend_Shade","Shade:Defend_Shade"]},{"damage_healed":0,"gold_gain":0,"player_choice":"Bought 0 Potions","damage_taken":0,"max_hp_gain":0,"max_hp_loss":0,"event_name":"The Woman in Blue","floor":22,"gold_loss":0},{"damage_healed":0,"gold_gain":0,"player_choice":"Ignored","damage_taken":0,"max_hp_gain":0,"max_hp_loss":0,"event_name":"Purifier","floor":47,"gold_loss":0}],"is_beta":false,"boss_relics":[{"not_picked":["Busted Crown","Calling Bell"],"picked":"SlaversCollar"},{"not_picked":["SacredBark","Pandora\u0027s Box"],"picked":"Runic Pyramid"}],"items_purged_floors":[38,53],"is_endless":false,"potions_floor_spawned":[1,8,12,14,16,20,30,33,37,39,41,45,48],"ascension_level":1}}