{"host":"pqs17sqrgflf4eqa","time":1613157648,"event":{"mods":["AchievementEnabler","BaseMod","Bestiary","Better Altar","Colored Map","Colored Powertips","Emptier Cage","Googly Eyes","Highlight Path","Minty Spire (QoL Compilation)","Quick Restart","StSLib","SuperFastMode","Transform Curses","slay the spire mod where everything is the same but ironclad has a cowboy hat"],"gold_per_floor":[116,116,133,133,8,8,36,46,46,46,46,46,87,110,110,110,110],"floor_reached":16,"language":"ENG","playtime":299,"items_purged":[],"score":166,"play_id":"f75a20e3-79fd-4de4-a8cc-332311efce9c","local_time":"20210212142048","is_ascension_mode":true,"campfire_choices":[{"data":"FollowUp","floor":6,"key":"SMITH"},{"data":"ClearTheMind","floor":10,"key":"SMITH"},{"data":"Halt","floor":12,"key":"SMITH"},{"floor":15,"key":"REST"}],"circlet_count":0,"master_deck":["Strike_P","Strike_P","Strike_P","Strike_P","Defend_P","Defend_P","Defend_P","Defend_P+1","Eruption+1","Vigilance","Prostrate+1","Evaluate","ClearTheMind+1","FollowUp+1","Halt+1","Prostrate","Protect","Judgement","Tantrum"],"relics":["PureWater","NeowsBlessing","Unceasing Top","Mummified Hand","Golden Idol","Nunchaku"],"acts_visited":["Exordium"],"potions_floor_usage":[7,8,13,14,16],"damage_taken":[{"damage":0,"enemies":"2 Louse","floor":1,"turns":1},{"damage":0,"enemies":"Jaw Worm","floor":3,"turns":1},{"damage":0,"enemies":"Lagavulin","floor":7,"turns":2},{"damage":0,"enemies":"Small Slimes","floor":8,"turns":1},{"damage":57,"enemies":"Gremlin Nob","floor":13,"turns":6},{"damage":0,"enemies":"Exordium Thugs","floor":14,"turns":3},{"damage":21,"enemies":"The Guardian","floor":16,"turns":12}],"seed_played":"4244369866026152495","potions_obtained":[{"floor":1,"key":"EntropicBrew"},{"floor":14,"key":"ColorlessPotion"}],"is_trial":false,"path_per_floor":["M","?","M","?","$","R","E","M","T","R","?","R","E","M","R","B"],"character_chosen":"WATCHER","items_purchased":["ClearTheMind","FollowUp","Halt"],"campfire_rested":1,"item_purchase_floors":[5,5,5],"current_hp_per_floor":[72,72,72,58,58,58,58,58,58,58,58,58,1,1,21,0,0],"gold":110,"neow_bonus":"THREE_ENEMY_KILL","is_daily":false,"chose_seed":false,"campfire_upgraded":3,"win_rate":0.0,"timestamp":1613157648,"path_taken":["M","?","M","?","$","R","E","M","T","R","?","R","E","?","R","BOSS"],"items_purchased_type":["Card","Card","Card"],"build_version":"2020-12-22","purchased_purges":0,"victory":false,"max_hp_per_floor":[72,72,72,72,72,72,72,72,72,72,67,67,67,67,67,67,67],"card_choices":[{"not_picked":["MentalFortress","SandsOfTime"],"picked":"Prostrate","floor":1},{"not_picked":["Swivel","Wallop"],"picked":"Evaluate","floor":3},{"not_picked":["WaveOfTheHand","Wireheading"],"picked":"Prostrate","floor":7},{"not_picked":["FlurryOfBlows","Evaluate"],"picked":"Protect","floor":8},{"not_picked":["ThirdEye","Adaptation"],"picked":"Judgement","floor":13},{"not_picked":["EmptyBody","JustLucky"],"picked":"Tantrum","floor":14}],"player_experience":175570,"relics_obtained":[{"floor":7,"key":"Unceasing Top"},{"floor":9,"key":"Mummified Hand"},{"floor":13,"key":"Nunchaku"}],"event_choices":[{"damage_healed":0,"gold_gain":0,"player_choice":"Grow","damage_taken":0,"max_hp_gain":0,"max_hp_loss":0,"event_name":"Living Wall","floor":2,"gold_loss":0,"cards_upgraded":["Eruption"]},{"damage_healed":0,"gold_gain":0,"player_choice":"Entered Light","damage_taken":14,"max_hp_gain":0,"max_hp_loss":0,"event_name":"Shining Light","floor":4,"gold_loss":0,"cards_upgraded":["Prostrate","Defend_P"]},{"damage_healed":0,"gold_gain":0,"player_choice":"Lose Max HP","damage_taken":0,"relics_obtained":["Golden Idol"],"max_hp_gain":0,"max_hp_loss":5,"event_name":"Golden Idol","floor":11,"gold_loss":0}],"is_beta":false,"boss_relics":[],"items_purged_floors":[],"is_endless":false,"potions_floor_spawned":[1,7,14],"killed_by":"The Guardian","ascension_level":5}}