{"host":"ewns8ifhbubwkcum","time":1613161216,"event":{"mods":["BaseMod","Block Reminder","Colored Map","Colored Powertips","Downfall","Highlight Path","Minty Spire (QoL Compilation)","Permanent Neow","Quick Restart","Random Character Button","StSLib"],"gold_per_floor":[209,88,38,38,38,71,71,82,153,163,173,173,191,219,219,322,322,341,354,354,367,378,378,403,418,418,753,753,768,768,768,768,871,871,886,936,387,402,417,452,452,486,486,519,532,532,81,95,95,95],"floor_reached":51,"language":"ENG","playtime":3423,"items_purged":["Defend_P"],"score":1375,"play_id":"9b044bd1-b5e2-4a4d-a9eb-47283eb584a5","local_time":"20210212142016","is_ascension_mode":true,"campfire_choices":[{"floor":7.0,"key":"REST"},{"floor":12.0,"key":"REST"},{"data":"Protect","floor":15.0,"key":"SMITH"},{"data":"Vault","floor":23,"key":"SMITH"},{"data":"Perseverance","floor":28,"key":"SMITH"},{"data":"Swivel","floor":30,"key":"SMITH"},{"data":"Swivel","floor":32,"key":"SMITH"},{"data":"Consecrate","floor":41,"key":"SMITH"},{"data":"Ragnarok","floor":49,"key":"SMITH"}],"circlet_count":0,"master_deck":["Defend_P","Defend_P","Defend_P","Eruption","Vigilance","Protect+1","FollowUp","Consecrate+1","Vengeance","Swivel+1","CutThroughFate","Establishment","CrushJoints+1","Swivel+1","Ghostly","Ghostly","Ghostly","Ghostly","Ghostly","FlurryOfBlows","Perseverance+1","WaveOfTheHand+1","Collect+1","ClearTheMind+1","Bite","Bite","Bite","Bite","Bite","Ragnarok","EmptyBody+1","Halt+1","WheelKick+1","FlurryOfBlows+1","WindmillStrike","Worship+1","Worship+1","Ragnarok+1","Vengeance+1","Finesse+1"],"relics":["PureWater","Bag of Marbles","Shuriken","Black Star","sneckomod:BlankCard","Slimebound:PreparedRelic","Bottled Tornado","InkBottle","Old Coin","Coffee Dripper","Pocketwatch","Mango","Toxic Egg 2","Bottled Flame","Damaru","Question Card","hexamod:BolsterEngine","CloakClasp","Happy Flower","Sundial","Nunchaku"],"acts_visited":["Exordium","TheCity","TheBeyond"],"potions_floor_usage":[27,35,44,50,50],"damage_taken":[{"damage":2.0,"enemies":"Cultist","floor":1.0,"turns":5.0},{"damage":36.0,"enemies":"Gremlin Nob","floor":6.0,"turns":5.0},{"damage":0.0,"enemies":"Jaw Worm","floor":8.0,"turns":2.0},{"damage":0.0,"enemies":"2 Louse","floor":10.0,"turns":2.0},{"damage":13.0,"enemies":"Exordium Thugs","floor":11.0,"turns":5.0},{"damage":7.0,"enemies":"Lots of Slimes","floor":13.0,"turns":3.0},{"damage":17.0,"enemies":"3 Sentries","floor":14.0,"turns":10.0},{"damage":0.0,"enemies":"Slime Boss","floor":16.0,"turns":5.0},{"damage":15.0,"enemies":"Spheric Guardian","floor":18.0,"turns":5.0},{"damage":27.0,"enemies":"3 Byrds","floor":19.0,"turns":4.0},{"damage":4,"enemies":"Sentry and Sphere","floor":21,"turns":6},{"damage":3,"enemies":"Shelled Parasite and Fungi","floor":22,"turns":5},{"damage":1,"enemies":"Gremlin Leader","floor":24,"turns":6},{"damage":3,"enemies":"Snake Plant","floor":25,"turns":7},{"damage":0,"enemies":"Slavers","floor":27,"turns":7},{"damage":0,"enemies":"Centurion and Healer","floor":29,"turns":6},{"damage":5,"enemies":"Champ","floor":33,"turns":9},{"damage":1,"enemies":"Orb Walker","floor":35,"turns":4},{"damage":6,"enemies":"2 Orb Walkers","floor":36,"turns":7},{"damage":0,"enemies":"3 Shapes","floor":38,"turns":6},{"damage":1,"enemies":"Transient","floor":39,"turns":6},{"damage":0,"enemies":"Nemesis","floor":40,"turns":6},{"damage":0,"enemies":"Giant Head","floor":42,"turns":7},{"damage":9,"enemies":"Reptomancer","floor":44,"turns":4},{"damage":0,"enemies":"3 Darklings","floor":45,"turns":5},{"damage":2,"enemies":"Sphere and 2 Shapes","floor":48,"turns":5},{"damage":21,"enemies":"Awakened One","floor":50,"turns":9}],"seed_played":"2190295165186938984","potions_obtained":[{"floor":6.0,"key":"Ancient Potion"},{"floor":14.0,"key":"EssenceOfSteel"},{"floor":16.0,"key":"EntropicBrew"},{"floor":21,"key":"SkillPotion"},{"floor":27,"key":"Weak Potion"},{"floor":35,"key":"StancePotion"},{"floor":45,"key":"Block Potion"}],"is_trial":false,"path_per_floor":["M","$","?","?","?","E","R","M","T","M","M","R","M","E","R","B",null,"M","M","?","M","M","R","E","M","T","E","R","M","R","?","R","B",null,"M","?","$","M","M","E","R","E","T","E","M","?","$","M","R","B",null],"character_chosen":"WATCHER","items_purchased":["FollowUp","Mango","Toxic Egg 2","Nunchaku","Ragnarok","Vengeance+1","Finesse+1"],"campfire_rested":2,"item_purchase_floors":[2,37,37,47,47,47,47],"current_hp_per_floor":[63,63,63,63,56,20,41,41,41,41,28,49,42,25,25,25,60,45,18,18,14,11,11,10,7,7,7,7,7,7,7,7,25,25,25,25,39,39,39,39,39,39,39,34,38,49,49,47,47,34],"gold":95,"neow_bonus":"HUNDRED_GOLD","is_daily":false,"chose_seed":false,"campfire_upgraded":7,"win_rate":0.0,"timestamp":1613161216,"path_taken":["M","$","?","?","?","E","R","M","T","?","M","R","M","E","R","BOSS","M","?","?","M","M","R","E","M","T","E","R","M","R","?","R","BOSS","M","?","$","M","M","E","R","E","T","E","M","?","$","M","R","BOSS"],"items_purchased_type":["Card","Relic","Relic","Relic","Card","Card","Card"],"build_version":"2020-12-22","purchased_purges":1,"victory":true,"max_hp_per_floor":[72,72,72,72,72,72,72,72,72,72,72,72,72,72,72,72,72,72,72,36,36,36,36,36,36,36,36,36,36,36,25,25,25,25,25,25,39,39,39,39,39,39,39,39,39,49,49,49,49,49],"card_choices":[{"not_picked":["ThirdEye","Meditate"],"picked":"Protect","floor":1.0},{"not_picked":["Evaluate","FlyingSleeves"],"picked":"Consecrate","floor":6.0},{"not_picked":["Crescendo","WindmillStrike"],"picked":"Vengeance","floor":8.0},{"not_picked":["Crescendo","PathToVictory","JustLucky"],"picked":"SKIP","floor":10.0},{"not_picked":["CutThroughFate","Halt"],"picked":"Swivel","floor":11.0},{"not_picked":["ThirdEye","EmptyMind"],"picked":"CutThroughFate","floor":13.0},{"not_picked":["Halt","SashWhip","ThirdEye"],"picked":"SKIP","floor":14.0},{"not_picked":["DeusExMachina","Judgement"],"picked":"Establishment","floor":16.0},{"not_picked":["Nirvana","PathToVictory"],"picked":"CrushJoints+1","floor":18.0},{"not_picked":["Protect","Prostrate"],"picked":"Swivel","floor":19.0},{"not_picked":["CrushJoints+1","MentalFortress"],"picked":"FlurryOfBlows","floor":21},{"not_picked":["Conclude","Prostrate"],"picked":"Vault","floor":22},{"not_picked":["EmptyBody","Worship+1"],"picked":"Perseverance","floor":24},{"not_picked":["Consecrate","ForeignInfluence"],"picked":"WaveOfTheHand+1","floor":25},{"not_picked":["SignatureMove","WindmillStrike+1"],"picked":"Collect+1","floor":27},{"not_picked":["Protect+1","Consecrate+1"],"picked":"ClearTheMind+1","floor":29},{"not_picked":["SpiritShield","Wish"],"picked":"Ragnarok","floor":33},{"not_picked":["Weave","SashWhip+1"],"picked":"EmptyBody+1","floor":35},{"not_picked":["SashWhip","EmptyBody+1"],"picked":"Halt+1","floor":36},{"not_picked":["EmptyBody+1","Protect+1","Wireheading"],"picked":"SKIP","floor":38},{"not_picked":["FollowUp+1","ThirdEye+1"],"picked":"WheelKick+1","floor":39},{"not_picked":["Judgement+1","Crescendo+1"],"picked":"FlurryOfBlows+1","floor":40},{"not_picked":["FlurryOfBlows","Wireheading"],"picked":"WindmillStrike","floor":42},{"not_picked":["PathToVictory+1","CutThroughFate+1","EmptyFist+1"],"picked":"Worship+1","floor":44},{"not_picked":["JustLucky","PathToVictory+1","Study"],"picked":"Worship+1","floor":45},{"not_picked":["WaveOfTheHand+1","Nirvana","Halt+1","Swivel+1"],"picked":"SKIP","floor":48}],"player_experience":1212915,"relics_obtained":[{"floor":6.0,"key":"Bag of Marbles"},{"floor":14.0,"key":"Shuriken"},{"floor":24,"key":"sneckomod:BlankCard"},{"floor":24,"key":"Slimebound:PreparedRelic"},{"floor":26,"key":"Bottled Tornado"},{"floor":27,"key":"InkBottle"},{"floor":27,"key":"Old Coin"},{"floor":36,"key":"Pocketwatch"},{"floor":40,"key":"Bottled Flame"},{"floor":40,"key":"Damaru"},{"floor":42,"key":"Question Card"},{"floor":42,"key":"hexamod:BolsterEngine"},{"floor":43,"key":"CloakClasp"},{"floor":44,"key":"Happy Flower"},{"floor":44,"key":"Sundial"}],"event_choices":[{"cards_removed":["Strike_P"],"damage_healed":0.0,"max_hp_gain":0.0,"max_hp_loss":0.0,"gold_gain":0.0,"event_name":"The Cleric","player_choice":"Card Removal","floor":3.0,"gold_loss":50.0,"damage_taken":0.0},{"damage_healed":0.0,"max_hp_gain":0.0,"max_hp_loss":0.0,"gold_gain":0.0,"event_name":"Liars Game","player_choice":"Ignored","floor":4.0,"gold_loss":0.0,"damage_taken":0.0},{"cards_removed":["Strike_P"],"damage_healed":0.0,"max_hp_gain":0.0,"max_hp_loss":0.0,"gold_gain":0.0,"event_name":"Golden Wing","player_choice":"Card Removal","floor":5.0,"gold_loss":0.0,"damage_taken":7.0},{"damage_healed":0.0,"max_hp_gain":0.0,"max_hp_loss":36.0,"gold_gain":0.0,"event_name":"Ghosts","player_choice":"Became a Ghost","floor":20.0,"gold_loss":0.0,"damage_taken":0.0,"cards_obtained":["Ghostly","Ghostly","Ghostly","Ghostly","Ghostly"]},{"damage_healed":0,"gold_gain":0,"player_choice":"Became a vampire","damage_taken":0,"max_hp_gain":0,"max_hp_loss":11,"event_name":"Vampires","floor":31,"gold_loss":0,"cards_obtained":["Bite","Bite","Bite","Bite","Bite"]},{"damage_healed":0,"gold_gain":0,"player_choice":"Fight","damage_taken":0,"max_hp_gain":0,"max_hp_loss":0,"event_name":"Mysterious Sphere","floor":36,"gold_loss":0},{"cards_removed":["Vault"],"damage_healed":1,"gold_gain":0,"player_choice":"Offered Rare","damage_taken":0,"max_hp_gain":10,"max_hp_loss":0,"event_name":"Bonfire Elementals","floor":46,"gold_loss":0}],"is_beta":false,"boss_relics":[{"not_picked":["Cursed Key","Philosopher\u0027s Stone"],"picked":"Black Star"},{"not_picked":["Tiny House","Astrolabe"],"picked":"Coffee Dripper"}],"items_purged_floors":[2],"is_endless":false,"potions_floor_spawned":[6,14,16,21,24,25,27,35,36,45],"ascension_level":9}}