{"host":"bx8ylsmj2ob6hd5u","time":1613153798,"event":{"mods":["AchievementEnabler","Act Like it!","Aspiration","BaseMod","Colored Map","Downfall","Duelist Mod","Friendly Minions","Gensokyo","GifTheSpireLib","Hallownest","Hermit","HololiveMod","Hubris","Infinite Spire","Jorbs\u0027s Wanderer Trilogy","KinomotoSakuraMod(????)","Kiyohime????","Koishi","KomeijiMod","Lobotomy","LobotomyExtend","Marisa????????","Minty Spire (QoL Compilation)","Prisma Mod","Rare Cards Sparkle","Reimu??????","Remilia??????","Replay The Spire","StSLib","Td1madao Mod","The Administrix","The Animator","The Bug Knight","The Construct","The Cursed","The Disciple","The Hierophant","The Necromancer","The Poker Player","The Runesmith","The Senshi","The Servant 0.9.4","WarShipGirlsR/????R mod"],"gold_per_floor":[109,126,140,140,140,140,153,153,153,166,176,176,176,176,176,281,281,298,298,314,327,327,327,327,327,327,356,356,356,371,0,0,103,103,115,129,129,129,129],"floor_reached":38,"language":"ENG","playtime":1727,"items_purged":[],"score":459,"play_id":"23fd7cd7-f4c7-4c12-97d7-542cf43a8127","local_time":"20210212201637","is_ascension_mode":false,"campfire_choices":[{"data":"rmod:basicallowance","floor":6,"key":"SMITH"},{"data":"rmod:maintain","floor":8,"key":"SMITH"},{"data":"rmod:maintain","floor":12,"key":"SMITH"},{"data":"Replay:Sssssssssshield","floor":15,"key":"SMITH"},{"data":"rmod:acesubmarine","floor":23,"key":"SMITH"},{"floor":25,"key":"REST"},{"data":"rmod:wolves","floor":29,"key":"SMITH"},{"data":"rmod:desperatesituation","floor":32,"key":"SMITH"}],"circlet_count":0,"master_deck":["rmod:strick","rmod:strick","rmod:strick","rmod:strick","rmod:defend","rmod:defend","rmod:defend","rmod:defend","rmod:basicallowance+1","rmod:maingunfire","Replay:Sssssssssshield+1","rmod:advancebysurprise","rmod:gendarmerie","rmod:supportescort","rmod:maintain+1","rmod:wolves+1","rmod:maintain+1","rmod:fletcherpendant","rmod:acesubmarine+1","rmod:wasp+1","RitualDagger","rmod:selfconfidence","Wrath_TH","EndlessPower","rmod:aviationdawn+1","rmod:desperatesituation+1","rmod:ridicule","rmod:maintain+1","rmod:victimresponsibility+1","Madness","Madness"],"relics":["rmod:firstchargereward","LetterFromLob","infinitespire:EmpoweringShard","RedLine:ReiMu","Shuriken","aspiration:Lifesprig","Pantograph","Empty Cage"],"acts_visited":["Exordium","TheCity","TheBeyond"],"potions_floor_usage":[16,16,18,33],"damage_taken":[{"damage":0,"enemies":"Gensokyo:Python","floor":1,"turns":4},{"damage":0,"enemies":"Gensokyo:3_Fairies","floor":2,"turns":5},{"damage":4,"enemies":"Gensokyo:2_Kodama","floor":3,"turns":3},{"damage":0,"enemies":"Gensokyo:5_Fairies","floor":7,"turns":7},{"damage":0,"enemies":"Gensokyo:2_Rabbits","floor":10,"turns":4},{"damage":8,"enemies":"Gensokyo:CorruptedTreant","floor":11,"turns":1},{"damage":0,"enemies":"Gensokyo:Yukari","floor":16,"turns":8},{"damage":10,"enemies":"2 Thieves","floor":18,"turns":2},{"damage":0,"enemies":"Chosen","floor":20,"turns":3},{"damage":3,"enemies":"Sentry and Sphere","floor":21,"turns":3},{"damage":4,"enemies":"theDuelist:KaibaA2","floor":27,"turns":4},{"damage":0,"enemies":"Cultist and Chosen","floor":30,"turns":3},{"damage":48,"enemies":"hubris:MusketHawk","floor":33,"turns":5},{"damage":7,"enemies":"3 Darklings","floor":35,"turns":2},{"damage":4,"enemies":"Orb Walker","floor":36,"turns":2},{"damage":8,"enemies":"Maw","floor":38,"turns":1}],"seed_played":"1797625090268663623","potions_obtained":[{"floor":3,"key":"SkillPotion"},{"floor":11,"key":"BlessingOfTheForge"},{"floor":16,"key":"Fire Potion"},{"floor":18,"key":"PowerPotion"},{"floor":20,"key":"ExcitationPotion"},{"floor":36,"key":"Block Potion"}],"is_trial":false,"path_per_floor":["M","M","M","?","?","R","M","R","T","M","M","R","$","?","R","B",null,"M","?","M","M","?","R","?","R","T","E","T","R","M","?","R","B",null,"M","M","?","M"],"character_chosen":"PRAEFECT","items_purchased":[],"campfire_rested":1,"item_purchase_floors":[],"current_hp_per_floor":[75,75,71,71,75,75,75,75,75,75,67,67,67,67,67,67,75,65,59,59,56,42,42,42,66,66,62,62,62,62,90,90,42,90,83,79,68,60,60],"gold":129,"neow_bonus":"RANDOM_COLORLESS","is_daily":false,"chose_seed":false,"campfire_upgraded":7,"win_rate":0.0,"timestamp":1613153797,"path_taken":["M","M","M","?","?","R","?","R","T","M","M","R","$","?","R","BOSS","M","?","M","M","?","R","?","R","T","E","?","R","?","?","R","BOSS","M","M","?","M"],"items_purchased_type":[],"build_version":"2020-12-22","purchased_purges":0,"victory":false,"max_hp_per_floor":[75,75,75,75,75,75,75,75,75,75,75,75,75,75,75,75,75,75,75,75,75,80,80,80,80,80,80,80,80,80,90,90,90,90,90,90,90,90,90],"card_choices":[{"not_picked":["PanicButton","ReplayTheSpireMod:Uncanny Aura"],"picked":"Replay:Sssssssssshield","floor":0},{"not_picked":["rmod:unsinkable","rmod:goodsister"],"picked":"rmod:advancebysurprise","floor":1},{"not_picked":["rmod:overbreakdown","rmod:highspeedshooting"],"picked":"rmod:gendarmerie","floor":2},{"not_picked":["rmod:tearstotiara","rmod:steelsupply"],"picked":"rmod:supportescort","floor":3},{"not_picked":["rmod:bulid","rmod:timeschanged"],"picked":"rmod:maintain","floor":7},{"not_picked":["rmod:smokecover","rmod:punchline"],"picked":"rmod:wolves","floor":10},{"not_picked":["rmod:spoils","rmod:victimresponsibility"],"picked":"rmod:maintain","floor":11},{"not_picked":["rmod:aviationdawn","rmod:advancebysurprise"],"picked":"rmod:fletcherpendant","floor":14},{"not_picked":["rmod:slowdown","rmod:diaomin"],"picked":"rmod:highspeedshooting","floor":14},{"not_picked":["rmod:u235","rmod:ridicule"],"picked":"rmod:acesubmarine","floor":16},{"not_picked":["rmod:shuttlebombing","rmod:victimresponsibility"],"picked":"rmod:wasp+1","floor":18},{"not_picked":["rmod:aluminumsupply","rmod:wife"],"picked":"rmod:selfconfidence","floor":20},{"not_picked":["rmod:fuelsupply","rmod:salvage"],"picked":"rmod:overbreakdown","floor":21},{"not_picked":["rmod:gendarmerie","rmod:aluminumsupply+1"],"picked":"rmod:aviationdawn+1","floor":27},{"not_picked":["rmod:luckystar","rmod:combined"],"picked":"rmod:desperatesituation","floor":30},{"not_picked":["rmod:stealaluminum","rmod:acesubmarine"],"picked":"rmod:ridicule","floor":33},{"not_picked":["rmod:circuitoustactics","rmod:aviationdawn"],"picked":"rmod:maintain+1","floor":35},{"not_picked":["rmod:supportescort+1","rmod:combined"],"picked":"rmod:victimresponsibility+1","floor":36}],"player_experience":1586636,"relics_obtained":[{"floor":1,"key":"LetterFromLob"},{"floor":9,"key":"infinitespire:EmpoweringShard"},{"floor":26,"key":"Shuriken"},{"floor":27,"key":"aspiration:Lifesprig"},{"floor":28,"key":"Pantograph"}],"event_choices":[{"damage_healed":0,"gold_gain":0,"player_choice":"Joined the Cult","damage_taken":6,"max_hp_gain":0,"max_hp_loss":0,"event_name":"Nest","floor":19,"gold_loss":0,"cards_obtained":["RitualDagger"]},{"damage_healed":0,"gold_gain":0,"player_choice":"Shed Blood","damage_taken":19,"max_hp_gain":5,"max_hp_loss":0,"event_name":"Forgotten Altar","floor":22,"gold_loss":0},{"damage_healed":0,"gold_gain":0,"player_choice":"Embrace Madness","damage_taken":11,"max_hp_gain":0,"max_hp_loss":0,"event_name":"Winding Halls","floor":37,"gold_loss":0,"cards_obtained":["Madness","Madness"]}],"is_beta":false,"boss_relics":[{"not_picked":["aspiration:SilentSkillbook","bronze:MakeshiftBattery"],"picked":"RedLine:ReiMu"},{"not_picked":["hubris:VirtuousBlindfold","aspiration:WatcherSkillbook"],"picked":"Empty Cage"}],"items_purged_floors":[],"is_endless":false,"potions_floor_spawned":[3,11,16,18,20,36],"killed_by":"Maw","ascension_level":0}}