{"host":"uyrebrj0204enqpc","time":1613137634,"event":{"mods":["Act Like it!","Bard","BaseMod","Block Reminder","Challenge The Spire","Colored Map","Colored Powertips","DeckTracker","Downfall","GifTheSpireLib","HexUI Lib","Highlight Path","Hubris","Minty Spire (QoL Compilation)","Pale of the Ancients","Quick Restart","Random Character Button","Relic Sorter","Relic Stats","Shop Mod","StSLib","The Blue Laboratory","The Bug Knight","The Cursed","The Jungle","The Marked","Wandering Minibosses"],"gold_per_floor":[109,127,141,111,125,125,145,145,145,145,145,160,194,204,204,300,300,315,315,337,352,347,347],"floor_reached":22,"language":"ENG","playtime":1302,"items_purged":[],"score":274,"play_id":"7947ae51-0826-47ef-807f-542c9f934370","local_time":"20210212084714","is_ascension_mode":true,"campfire_choices":[{"data":"theMarked:EmpowerWeapon","floor":6.0,"key":"SMITH"},{"data":"theMarked:SoldierOfQuellstein","floor":8.0,"key":"SMITH"},{"data":"theMarked:Defend","floor":11.0,"key":"SMITH"},{"floor":15.0,"key":"REST"}],"circlet_count":0,"master_deck":["theMarked:Strike","theMarked:Strike","theMarked:Strike","theMarked:Strike","theMarked:Strike","theMarked:Defend","theMarked:Defend","theMarked:Defend","theMarked:Defend+1","theMarked:SoldierOfQuellstein+1","theMarked:AttractMetal+1","theMarked:EmpowerWeapon+1","Acrobatics","theMarked:ThrowWeapon","Prepared","Dodge and Roll"],"relics":["theMarked:ArtifactOfAir","Bag of Preparation","hubris:SphereOfDissonance","hubris:DisguiseKit","Odd Mushroom","Tiny Chest","Black Star","Centennial Puzzle","Red Mask"],"acts_visited":["Exordium","TheCity"],"potions_floor_usage":[20],"damage_taken":[{"damage":0.0,"enemies":"Cultist","floor":1.0,"turns":4.0},{"damage":0.0,"enemies":"Small Slimes","floor":2.0,"turns":3.0},{"damage":0.0,"enemies":"Jaw Worm","floor":3.0,"turns":3.0},{"damage":1.0,"enemies":"Exordium Thugs","floor":4.0,"turns":7.0},{"damage":5.0,"enemies":"2 Fungi Beasts","floor":5.0,"turns":3.0},{"damage":25.0,"enemies":"3 Sentries","floor":7.0,"turns":7.0},{"damage":0.0,"enemies":"The Mushroom Lair","floor":12.0,"turns":5.0},{"damage":10.0,"enemies":"Gremlin Nob","floor":13.0,"turns":3.0},{"damage":3.0,"enemies":"Blue Slaver","floor":14.0,"turns":3.0},{"damage":37.0,"enemies":"Hexaghost","floor":16.0,"turns":9.0},{"damage":17.0,"enemies":"2 Thieves","floor":18.0,"turns":3.0},{"damage":28,"enemies":"Masked Bandits","floor":20,"turns":4},{"damage":3,"enemies":"Shell Parasite","floor":21,"turns":6},{"damage":26,"enemies":"Shelled Parasite and Fungi","floor":22,"turns":2}],"seed_played":"5847981719628196005","potions_obtained":[{"floor":1.0,"key":"blueLaboratory:Moonshine"},{"floor":3.0,"key":"blueLaboratory:HeartbeatPotion"},{"floor":4.0,"key":"blueLaboratory:HummingbirdPotion"},{"floor":14.0,"key":"blueLaboratory:BottleOfRum"}],"is_trial":false,"path_per_floor":["M","M","M","M","M","R","E","R","T","?","R","?","E","M","R","B",null,"M","?","?","M","M"],"character_chosen":"THE_DEFAULT","items_purchased":[],"campfire_rested":1,"item_purchase_floors":[],"current_hp_per_floor":[63,63,63,62,57,57,32,32,32,32,32,32,22,19,40,3,53,36,36,8,5,0,0],"gold":347,"neow_bonus":"RANDOM_COMMON_RELIC","is_daily":false,"chose_seed":false,"campfire_upgraded":3,"win_rate":0.0,"timestamp":1613137634,"path_taken":["M","M","M","?","M","R","E","R","T","?","R","?","E","?","R","BOSS","M","?","?","M","M"],"items_purchased_type":[],"build_version":"2020-12-22","purchased_purges":0,"victory":false,"max_hp_per_floor":[70,70,70,70,70,70,70,70,70,70,70,70,70,70,70,70,70,70,70,70,70,70,70],"relic_stats":{"Centennial Puzzle":[6],"counters":[14,62],"Tiny Chest":0,"Bag of Preparation":[28],"Black Star":0,"obtain_stats":[{"theMarked:ArtifactOfAir":0,"hubris:DisguiseKit":9,"Centennial Puzzle":19,"hubris:SphereOfDissonance":7,"Tiny Chest":13,"Bag of Preparation":0,"Black Star":17,"Red Mask":20,"Odd Mushroom":12},{"theMarked:ArtifactOfAir":0,"hubris:DisguiseKit":6,"Centennial Puzzle":11,"hubris:SphereOfDissonance":6,"Tiny Chest":8,"Bag of Preparation":0,"Black Star":10,"Red Mask":12,"Odd Mushroom":7},{"theMarked:ArtifactOfAir":0,"hubris:DisguiseKit":27,"Centennial Puzzle":50,"hubris:SphereOfDissonance":27,"Tiny Chest":35,"Bag of Preparation":0,"Black Star":47,"Red Mask":54,"Odd Mushroom":32}]},"card_choices":[{"not_picked":["theMarked:ParalyzingBlade","theMarked:ContemptForTheProud"],"picked":"theMarked:AttractMetal","floor":1.0},{"not_picked":["theMarked:Aftermath","theMarked:Parry"],"picked":"theMarked:EmpowerWeapon","floor":2.0},{"not_picked":["theMarked:ChainLightning","theMarked:Determination","theMarked:TwofoldDefense"],"picked":"SKIP","floor":3.0},{"not_picked":["theMarked:HeightenedSenses","theMarked:Opportunist","theMarked:Improvise"],"picked":"SKIP","floor":4.0},{"not_picked":["theMarked:Frustration","theMarked:RepellingDischarge","theMarked:BanishingStrike"],"picked":"SKIP","floor":5.0},{"not_picked":["theMarked:Overthink","theMarked:Generate","theMarked:ResourceFulStrike"],"picked":"SKIP","floor":7.0},{"not_picked":["theMarked:WastefulAttack","theMarked:SwordAndMagic","theMarked:ElectricStrings"],"picked":"Acrobatics","floor":13.0},{"not_picked":["theMarked:BanishingStrike","theMarked:Frustration","theMarked:Indomitable","Cloak And Dagger"],"picked":"SKIP","floor":14.0},{"not_picked":["theMarked:TurnInvisible","theMarked:BindingBlade","Envenom"],"picked":"theMarked:ThrowWeapon","floor":16.0},{"not_picked":["theMarked:Parkour+1","theMarked:TheMission","theMarked:PowerFlow","Poisoned Stab"],"picked":"SKIP","floor":18.0},{"not_picked":["theMarked:Maelstrom","theMarked:HeightenedSenses","theMarked:Friction"],"picked":"Prepared","floor":20},{"not_picked":["theMarked:TwofoldDefense","theMarked:BanishingWave+1","theMarked:ShockingTouch"],"picked":"Dodge and Roll","floor":21}],"player_experience":1110922,"relics_obtained":[{"floor":7.0,"key":"hubris:SphereOfDissonance"},{"floor":9.0,"key":"hubris:DisguiseKit"},{"floor":12.0,"key":"Odd Mushroom"},{"floor":13.0,"key":"Tiny Chest"},{"floor":20,"key":"Red Mask"}],"event_choices":[{"damage_healed":0.0,"max_hp_gain":0.0,"max_hp_loss":0.0,"gold_gain":0.0,"event_name":"Mushrooms","player_choice":"Fought Mushrooms","floor":12.0,"gold_loss":0.0,"damage_taken":0.0},{"damage_healed":0.0,"max_hp_gain":0.0,"max_hp_loss":0.0,"gold_gain":0.0,"event_name":"The Mausoleum","player_choice":"Opened","floor":19.0,"gold_loss":0.0,"damage_taken":0.0,"relics_obtained":["Centennial Puzzle"]},{"damage_healed":0,"gold_gain":0,"player_choice":"Fought Bandits","damage_taken":0,"max_hp_gain":0,"max_hp_loss":0,"event_name":"Masked Bandits","floor":20,"gold_loss":0}],"is_beta":false,"boss_relics":[{"not_picked":["Fusion Hammer","SlaversCollar"],"picked":"Black Star"}],"items_purged_floors":[],"is_endless":false,"potions_floor_spawned":[1,3,4,14,16],"killed_by":"Shelled Parasite and Fungi","ascension_level":8}}