{"host":"ewns8ifhbubwkcum","time":1613094606,"event":{"mods":["BaseMod","Block Reminder","Colored Map","Colored Powertips","Downfall","Highlight Path","Minty Spire (QoL Compilation)","Permanent Neow","Quick Restart","Random Character Button","StSLib"],"gold_per_floor":[99,114,129,39,54,84,159,174,74,174,174,189,189,219,234,334,334,234,249,264,264,149,179,179,194,94,109,124,139,169,184,199,299,299,299,314,219,219,219,234,234,234,264,279,294,144,144,144,159,159,159,189,1,1,1,1,1,1],"floor_reached":56,"language":"ENG","playtime":6493,"items_purged":["Stack","hexamod:WildfireWeapon+1","sneckomod:QuickMove"],"score":758,"play_id":"ff35433a-ece3-46c6-b5ac-3865a2dabae9","local_time":"20210211195006","daily_mods":["Draft","Diverse","downfall:Hexed"],"is_ascension_mode":false,"campfire_choices":[{"data":"PathToVictory","floor":1,"key":"SMITH"},{"data":"hexamod:NecessarySacrifice","floor":9,"key":"SMITH"},{"floor":11,"key":"RECALL"},{"data":"sneckomod:QuickMove","floor":13,"key":"SMITH"},{"data":"hexamod:WildfireWeapon","floor":18,"key":"SMITH"},{"data":"Disarm","floor":26,"key":"SMITH"},{"data":"Armaments","floor":35,"key":"SMITH"},{"data":"champ:EnchantSword","floor":42,"key":"SMITH"},{"data":"Offering","floor":47,"key":"SMITH"},{"data":"bronze:FindAndReplace","floor":54,"key":"SMITH"}],"circlet_count":0,"master_deck":["Acrobatics","Streamline","Armaments+1","Protect","hexamod:FirstSeal","Headbutt","hexamod:NecessarySacrifice+1","Slimebound:LivingWall","sneckomod:ImprovisedAttack","PathToVictory+1","sneckomod:QuickMove+1","BootSequence","Offering+1","Disarm+1","hexamod:TimeOfNeed","ThirdEye","champ:EnchantSword+1","CurseOfTheBell","Terror+1","Cold Snap+1","expansioncontent:Hexaburn","Protect","Ball Lightning+1","bronze:FindAndReplace+1","expansioncontent:QuickStudy"],"relics":["Guardian:ModeShifter","Velvet Choker","champ:DeflectingBracers","downfall:HeartBlessingBlue","downfall:GremlinWheel","hexamod:CandleOfCauterizing","Guardian:StasisSlotReductionRelic","downfall:HeartBlessingRed","Letter Opener","Pantograph","downfall:HeartBlessingGreen","Happy Flower","Calling Bell","Oddly Smooth Stone","Question Card","Bird Faced Urn","Ice Cream","Pocketwatch","Shuriken","Bag of Marbles","OrangePellets","TungstenRod"],"acts_visited":["Exordium","TheCity","TheBeyond","TheEnding"],"potions_floor_usage":[10,14,36,37,55,55,56],"damage_taken":[{"damage":0,"enemies":"Small Slimes","floor":2,"turns":3},{"damage":0,"enemies":"Cultist","floor":3,"turns":3},{"damage":0,"enemies":"downfall:FleeingMerchant","floor":4,"turns":4},{"damage":0,"enemies":"2 Louse","floor":5,"turns":2},{"damage":2,"enemies":"Lagavulin","floor":6,"turns":4},{"damage":0,"enemies":"Exordium Wildlife","floor":8,"turns":3},{"damage":12,"enemies":"Exordium Wildlife","floor":10,"turns":4},{"damage":0,"enemies":"3 Louse","floor":12,"turns":2},{"damage":3,"enemies":"3 Sentries","floor":14,"turns":9},{"damage":7,"enemies":"Blue Slaver","floor":15,"turns":2},{"damage":14,"enemies":"WA_ARCHETYPE_RETAIN","floor":16,"turns":4},{"damage":11,"enemies":"Shell Parasite","floor":19,"turns":3},{"damage":6,"enemies":"Chosen","floor":20,"turns":3},{"damage":9,"enemies":"downfall:FleeingMerchant","floor":22,"turns":4},{"damage":13,"enemies":"Slavers","floor":23,"turns":5},{"damage":10,"enemies":"Centurion and Healer","floor":25,"turns":6},{"damage":2,"enemies":"Snake Plant","floor":27,"turns":3},{"damage":6,"enemies":"3 Cultists","floor":28,"turns":4},{"damage":0,"enemies":"Centurion and Healer","floor":29,"turns":4},{"damage":0,"enemies":"Book of Stabbing","floor":30,"turns":4},{"damage":0,"enemies":"Snecko","floor":31,"turns":3},{"damage":13,"enemies":"3 Cultists","floor":32,"turns":5},{"damage":7,"enemies":"SI_MIRROR_ARCHETYPE","floor":33,"turns":7},{"damage":11,"enemies":"3 Darklings","floor":36,"turns":5},{"damage":6,"enemies":"downfall:FleeingMerchant","floor":37,"turns":4},{"damage":0,"enemies":"Orb Walker","floor":40,"turns":3},{"damage":24,"enemies":"Giant Head","floor":43,"turns":8},{"damage":11,"enemies":"4 Shapes","floor":44,"turns":5},{"damage":27,"enemies":"Spire Growth","floor":45,"turns":4},{"damage":12,"enemies":"3 Darklings","floor":49,"turns":4},{"damage":47,"enemies":"IC_BLOCK_ARCHETYPE","floor":50,"turns":9},{"damage":85,"enemies":"downfall:CharBossMerchant","floor":52,"turns":9},{"damage":15,"enemies":"downfall:NeowBoss","floor":55,"turns":16},{"damage":83,"enemies":"downfall:NeowBossFinal","floor":56,"turns":11}],"seed_played":"-8399458303924539785","potions_obtained":[{"floor":3,"key":"Guardian:BlockOnCardUsePotion"},{"floor":8,"key":"Guardian:DefensiveModePotion"},{"floor":12,"key":"ColorlessPotion"},{"floor":15,"key":"Regen Potion"},{"floor":16,"key":"hexamod:SoulburnPotion"},{"floor":20,"key":"Guardian:BlockOnCardUsePotion"},{"floor":27,"key":"Guardian:DefensiveModePotion"},{"floor":28,"key":"DuplicationPotion"},{"floor":36,"key":"LiquidBronze"},{"floor":43,"key":"Dexterity Potion"},{"floor":52,"key":"SkillPotion"}],"is_trial":false,"path_per_floor":["R","M","M","$","M","E","T","M","R","?","R","M","R","E","M","B",null,"R","M","M","?","$","E","T","M","R","M","M","M","E","M","M","B",null,"R","M","$","?","?","M","T","R","E","M","M","$","R","$","M","B",null,"E","$","R","B","B"],"character_chosen":"GUARDIAN","items_purchased":["Ice Cream","OrangePellets","expansioncontent:QuickStudy"],"campfire_rested":0,"item_purchase_floors":[37,46,53],"current_hp_per_floor":[80,80,80,80,80,78,78,80,90,85,85,85,85,89,89,82,90,90,79,80,80,78,65,65,62,62,67,68,75,82,89,83,90,90,90,88,90,90,90,90,90,90,80,80,64,64,64,64,63,43,90,18,18,18,43,0,0,0],"gold":1,"neow_bonus":"","is_daily":true,"chose_seed":false,"campfire_upgraded":9,"win_rate":0.0,"timestamp":1613094606,"path_taken":["R","M","M","$","M","E","T","M","R","?","R","M","R","E","M","BOSS","R","M","M","?","$","E","T","M","R","M","M","M","E","M","M","BOSS","R","M","$","?","?","M","T","R","E","M","M","$","R","?","M","BOSS","E","$","R","BOSS","BOSS"],"items_purchased_type":["Relic","Relic","Card"],"build_version":"2020-12-22","purchased_purges":3,"victory":false,"max_hp_per_floor":[80,80,80,80,80,80,80,80,90,90,90,90,90,90,90,90,90,90,90,90,90,90,90,90,90,90,90,90,90,90,90,90,90,90,90,90,90,90,90,90,90,90,90,90,90,90,90,90,90,90,90,90,90,90,90,90,90,90],"card_choices":[{"not_picked":["Prostrate","bronze:BugBarrage"],"picked":"FollowUp","floor":0},{"not_picked":["FlurryOfBlows","Slimebound:SlimeSpikes"],"picked":"sneckomod:QuickMove","floor":0},{"not_picked":["bronze:CutThrough","Slimebound:BestDefense"],"picked":"Acrobatics","floor":0},{"not_picked":["champ:RisingSlash","Evaluate"],"picked":"Streamline","floor":0},{"not_picked":["sneckomod:UnknownClassBLUE","Slimebound:Grow"],"picked":"Armaments","floor":0},{"not_picked":["Wallop","sneckomod:UnknownBlock"],"picked":"Protect","floor":0},{"not_picked":["sneckomod:Nope","Coolheaded"],"picked":"hexamod:FirstSeal","floor":0},{"not_picked":["Consecrate","champ:FocusedDefense"],"picked":"Headbutt","floor":0},{"not_picked":["Guardian:RollAttack","sneckomod:UnknownClassTHE_CHAMP_GRAY"],"picked":"hexamod:NecessarySacrifice","floor":0},{"not_picked":["Guardian:ArmoredProtocol","Wireheading"],"picked":"Slimebound:LivingWall","floor":0},{"not_picked":["Capacitor","champ:DefensiveStyle"],"picked":"sneckomod:ImprovisedAttack","floor":0},{"not_picked":["bronze:Optimize","champ:BringItOn"],"picked":"Stack","floor":0},{"not_picked":["hexamod:SwordOfDarkness","bronze:Turbo"],"picked":"PathToVictory","floor":0},{"not_picked":["Guardian:TemporalShield","Battle Trance"],"picked":"sneckomod:QuickMove","floor":0},{"not_picked":["CutThroughFate","Slimebound:SplitAcid"],"picked":"Guardian:WalkerClaw","floor":0},{"not_picked":["Guardian:CrystalBeam","sneckomod:DiceCrush","bronze:Overheat"],"picked":"SKIP","floor":2},{"not_picked":["Guardian:CrystalBeam","sneckomod:DiceCrush","sneckomod:IronFang"],"picked":"SKIP","floor":3},{"not_picked":["Poisoned Stab","hexamod:NightmareStrike"],"picked":"BootSequence","floor":4},{"not_picked":["sneckomod:TrashToTreasure","Concentrate","sneckomod:SoulRoll"],"picked":"SKIP","floor":5},{"not_picked":["Collect","Guardian:RollAttack","champ:Encircle"],"picked":"SKIP","floor":6},{"not_picked":["Well Laid Plans","FollowUp","Slimebound:FormOfPuddle"],"picked":"SKIP","floor":8},{"not_picked":["bronze:FollowUp","sneckomod:UnknownClassTHE_BRONZE_AUTOMATON","Redo"],"picked":"SKIP","floor":12},{"not_picked":["Halt","bronze:CloningBeam"],"picked":"Offering","floor":14},{"not_picked":["Guardian:Harden","PiercingWail"],"picked":"Guardian:Gem_Crimson","floor":15},{"not_picked":["bronze:Mutator","Double Tap"],"picked":"hexamod:WildfireWeapon","floor":16},{"not_picked":["champ:BerserkersShout","Slimebound:FormOfPuddle","Wild Strike"],"picked":"SKIP","floor":19},{"not_picked":["Distraction","champ:AdrenalArmor","Slimebound:MegaLick"],"picked":"SKIP","floor":20},{"not_picked":["Clash+1","sneckomod:UnknownClassTHE_CHAMP_GRAY+1","champ:DefensiveShout"],"picked":"SKIP","floor":22},{"not_picked":["Consume","Steam Power"],"picked":"Disarm","floor":23},{"not_picked":["hexamod:SwordOfDarkness","hexamod:FlamesFromBeyond","sneckomod:Rotation"],"picked":"SKIP","floor":25},{"not_picked":["Slimebound:RejuvenatingLick","hexamod:PowerFromBeyond","Rupture"],"picked":"SKIP","floor":27},{"not_picked":["Slimebound:RejuvenatingLick","hexamod:PowerFromBeyond","Rupture"],"picked":"SKIP","floor":27},{"not_picked":["Guardian:PolyBeam","Poisoned Stab+1","Slimebound:ForwardTackle+1"],"picked":"SKIP","floor":28},{"not_picked":["sneckomod:SoulRoll+1","Guardian:Gem_Fragmented"],"picked":"hexamod:TimeOfNeed","floor":29},{"not_picked":["Slimebound:LeechEnergy","bronze:MaxOutput+1","bronze:Iterate"],"picked":"SKIP","floor":30},{"not_picked":["Combust","Guardian:TemporalShield"],"picked":"ThirdEye","floor":31},{"not_picked":["Poisoned Stab","champ:PerfectedStrike","DeusExMachina"],"picked":"SKIP","floor":32},{"not_picked":["hexamod:GhostflameInferno","hexamod:ForkedFlame"],"picked":"champ:EnchantSword","floor":33},{"not_picked":["sneckomod:UnknownClassPURPLE","hexamod:Firestarter","sneckomod:SoulRoll+1"],"picked":"Terror+1","floor":36},{"not_picked":["Guardian:CrystalBeam","champ:FanOfKnives","Force Field"],"picked":"Cold Snap+1","floor":37},{"not_picked":["expansioncontent:HyperBeam","expansioncontent:InvincibleStrength"],"picked":"expansioncontent:Hexaburn","floor":39},{"not_picked":["Chaos","Dagger Throw+1","Slimebound:HungryTackle"],"picked":"Protect","floor":40},{"not_picked":["Slimebound:FormOfPuddle+1","Collect","Bane","Rampage+1"],"picked":"SKIP","floor":43},{"not_picked":["sneckomod:UnknownClassSLIMEBOUND","bronze:BuggyMess+1","Go for the Eyes","sneckomod:TrashToTreasure"],"picked":"SKIP","floor":44},{"not_picked":["Venomology","hexamod:NightmareStrike","hexamod:PhantomFireball"],"picked":"Ball Lightning+1","floor":45},{"not_picked":["sneckomod:DiceCrush+1","sneckomod:UnknownUncommonSkill","Go for the Eyes"],"picked":"bronze:FindAndReplace","floor":49},{"not_picked":["Consecrate+1","bronze:Break","champ:EnchantSword","sneckomod:UnknownExhaust"],"picked":"SKIP","floor":52}],"player_experience":1185145,"relics_obtained":[{"floor":6,"key":"champ:DeflectingBracers"},{"floor":10,"key":"downfall:GremlinWheel"},{"floor":14,"key":"hexamod:CandleOfCauterizing"},{"floor":23,"key":"Letter Opener"},{"floor":24,"key":"Pantograph"},{"floor":30,"key":"Happy Flower"},{"floor":34,"key":"Oddly Smooth Stone"},{"floor":34,"key":"Question Card"},{"floor":34,"key":"Bird Faced Urn"},{"floor":38,"key":"Pocketwatch"},{"floor":41,"key":"Shuriken"},{"floor":43,"key":"Bag of Marbles"},{"floor":52,"key":"TungstenRod"}],"event_choices":[{"cards_removed":["Guardian:WalkerClaw"],"damage_healed":0,"gold_gain":0,"player_choice":"Card Removal","damage_taken":0,"max_hp_gain":0,"max_hp_loss":0,"event_name":"Wheel of Change","floor":54,"gold_loss":0}],"is_beta":false,"boss_relics":[{"not_picked":["Cursed Key","Fusion Hammer"],"picked":"Guardian:StasisSlotReductionRelic"},{"not_picked":["Philosopher\u0027s Stone","Busted Crown"],"picked":"Calling Bell"}],"items_purged_floors":[4,22,37],"is_endless":false,"potions_floor_spawned":[3,8,12,15,16,20,27,28,29,30,32,33,36,43,45,49,52],"killed_by":"downfall:NeowBossFinal","ascension_level":0}}