{"host":"sc0o2qwpf9j16a4i","time":1613157512,"event":{"mods":["AchievementEnabler","BaseMod","BetterRewards","Block Reminder","Colored Map","Colored Powertips","Custom Start","Highlight Path","Minty Spire (QoL Compilation)","Relic Stats"],"gold_per_floor":[113,288,288,303,29,29,73,98,98,129,145,180,180,223,223,343,343,368,467,467,481,501,540,540,580,580,616,632,676,692,725,725,855,855,875,894,909,925,941,974,626,661,729,770,770,814,651,692,692,692],"floor_reached":51,"language":"ENG","playtime":1435,"items_purged":[],"score":1373,"play_id":"20f2b36d-9fdc-4b43-a098-e9a81f2c09dd","local_time":"20210212211832","daily_mods":["Draft","Blue Cards","Elite Swarm"],"is_ascension_mode":false,"campfire_choices":[{"data":"Inflame","floor":6,"key":"SMITH"},{"data":"Reboot","floor":13,"key":"SMITH"},{"data":"Beam Cell","floor":15,"key":"SMITH"},{"data":"Hyperbeam","floor":24,"key":"SMITH"},{"data":"Hyperbeam","floor":32,"key":"SMITH"},{"data":"Limit Break","floor":49,"key":"SMITH"}],"circlet_count":0,"master_deck":["Beam Cell","Shrug It Off","Cleave","Headbutt","Doom and Gloom","Rip and Tear","Uppercut","Inflame+1","Beam Cell+1","Gash","Shrug It Off","Flex","Shrug It Off","Go for the Eyes","Streamline","BootSequence","Doubt","Injury","Streamline","Hyperbeam+1","Reboot+1","Steam","Core Surge","Hyperbeam+1","Seek","CurseOfTheBell","FTL+1","Pain","Thunderclap","Disarm","Echo Form","Seek","Whirlwind","Disarm+1","Impervious","Limit Break+1","Double Tap","Hologram+1","True Grit+1"],"relics":["Burning Blood","Golden Idol","Membership Card","HornCleat","StrikeDummy","Happy Flower","Meat on the Bone","Boot","Pocketwatch","Calling Bell","Vajra","Singing Bowl","Ginger","WarpedTongs","StoneCalendar","Paper Frog","Art of War","Charon\u0027s Ashes","Nunchaku","Darkstone Periapt","Sozu","Omamori","Chemical X","Ice Cream","Letter Opener","Ancient Tea Set","Bottled Flame","Blue Candle","Magic Flower","Anchor","Toxic Egg 2","Centennial Puzzle"],"acts_visited":["Exordium","TheCity","TheBeyond"],"potions_floor_usage":[10,16,16,16,16,18,21,22,22,22,23,50],"damage_taken":[{"damage":3,"enemies":"Jaw Worm","floor":1,"turns":2},{"damage":0,"enemies":"2 Louse","floor":4,"turns":2},{"damage":5,"enemies":"3 Sentries","floor":7,"turns":4},{"damage":0,"enemies":"Small Slimes","floor":8,"turns":2},{"damage":0,"enemies":"Gremlin Nob","floor":10,"turns":2},{"damage":0,"enemies":"2 Fungi Beasts","floor":11,"turns":2},{"damage":0,"enemies":"3 Sentries","floor":12,"turns":3},{"damage":0,"enemies":"Gremlin Nob","floor":14,"turns":3},{"damage":0,"enemies":"Slime Boss","floor":16,"turns":5},{"damage":0,"enemies":"2 Thieves","floor":18,"turns":2},{"damage":0,"enemies":"Shell Parasite","floor":21,"turns":3},{"damage":7,"enemies":"Snake Plant","floor":22,"turns":2},{"damage":22,"enemies":"Slavers","floor":23,"turns":3},{"damage":2,"enemies":"Book of Stabbing","floor":25,"turns":3},{"damage":22,"enemies":"Slavers","floor":27,"turns":3},{"damage":2,"enemies":"3 Cultists","floor":28,"turns":2},{"damage":3,"enemies":"Book of Stabbing","floor":29,"turns":3},{"damage":5,"enemies":"Snecko","floor":30,"turns":3},{"damage":0,"enemies":"Slavers","floor":31,"turns":2},{"damage":22,"enemies":"Automaton","floor":33,"turns":7},{"damage":9,"enemies":"3 Shapes","floor":35,"turns":3},{"damage":4,"enemies":"Orb Walker","floor":36,"turns":2},{"damage":3,"enemies":"Maw","floor":37,"turns":5},{"damage":19,"enemies":"Spire Growth","floor":38,"turns":3},{"damage":16,"enemies":"Writhing Mass","floor":39,"turns":5},{"damage":13,"enemies":"Nemesis","floor":40,"turns":3},{"damage":8,"enemies":"Reptomancer","floor":42,"turns":4},{"damage":0,"enemies":"Nemesis","floor":44,"turns":3},{"damage":0,"enemies":"Reptomancer","floor":46,"turns":3},{"damage":0,"enemies":"Giant Head","floor":48,"turns":3},{"damage":42,"enemies":"Donu and Deca","floor":50,"turns":5}],"seed_played":"5396117784213608474","potions_obtained":[{"floor":7,"key":"DistilledChaos"},{"floor":8,"key":"SpeedPotion"},{"floor":10,"key":"DistilledChaos"},{"floor":14,"key":"EntropicBrew"},{"floor":16,"key":"Fruit Juice"},{"floor":18,"key":"Fruit Juice"},{"floor":21,"key":"Explosive Potion"},{"floor":23,"key":"BlessingOfTheForge"},{"floor":31,"key":"Energy Potion"}],"is_trial":true,"path_per_floor":["M","?","?","M","$","R","E","M","T","E","M","E","R","E","R","B",null,"M","?","?","M","M","E","R","E","T","E","M","E","M","E","R","B",null,"M","M","M","M","M","E","$","E","T","E","T","E","$","E","R","B",null],"character_chosen":"IRONCLAD","items_purchased":["Membership Card","HornCleat","Chemical X","Ice Cream","Letter Opener","Toxic Egg 2","Hologram+1","True Grit+1"],"campfire_rested":0,"item_purchase_floors":[5,5,41,41,41,47,47,47],"current_hp_per_floor":[80,80,80,80,80,80,80,80,80,80,80,80,80,80,80,80,80,85,85,85,90,89,75,75,79,79,63,69,74,77,85,85,71,102,101,105,106,93,83,78,78,76,76,82,82,93,93,104,104,71],"gold":692,"neow_bonus":"","is_daily":false,"chose_seed":false,"campfire_upgraded":6,"win_rate":0.0,"timestamp":1613157512,"path_taken":["M","?","?","M","?","R","E","?","T","E","?","E","R","E","R","BOSS","M","?","?","M","?","E","R","E","T","E","M","E","M","E","R","BOSS","M","?","M","M","M","E","$","E","T","E","?","E","$","E","R","BOSS"],"items_purchased_type":["Relic","Relic","Relic","Relic","Relic","Relic","Card","Card"],"build_version":"2020-12-22","purchased_purges":0,"victory":true,"max_hp_per_floor":[80,80,80,80,80,80,80,80,80,80,80,80,80,80,80,80,80,85,85,85,90,90,92,92,92,92,92,94,96,98,100,100,102,102,104,106,106,106,106,108,108,108,108,108,108,110,110,112,112,112],"relic_stats":{"Darkstone Periapt":0,"Happy Flower":[29],"Singing Bowl":22,"counters":[31,97],"Golden Idol":230,"Blue Candle":[2],"Magic Flower":[9],"StoneCalendar":[0],"Charon\u0027s Ashes":[165],"Ginger":[17],"Letter Opener":[35],"Boot":[19],"Burning Blood":135,"WarpedTongs":[70],"Sozu":5,"Nunchaku":[11],"Centennial Puzzle":[3],"Art of War":[7],"Chemical X":[5],"obtain_stats":[{"Darkstone Periapt":31,"Ice Cream":41,"Singing Bowl":17,"Vajra":17,"Magic Flower":45,"StoneCalendar":23,"Ginger":17,"Boot":12,"Ancient Tea Set":42,"Burning Blood":0,"Sozu":34,"Nunchaku":29,"Centennial Puzzle":48,"HornCleat":5,"Chemical X":41,"Toxic Egg 2":47,"Paper Frog":25,"Happy Flower":9,"Golden Idol":3,"Blue Candle":44,"Charon\u0027s Ashes":27,"Omamori":40,"Letter Opener":41,"WarpedTongs":20,"Calling Bell":17,"Bottled Flame":43,"Anchor":46,"Art of War":26,"Membership Card":5,"StrikeDummy":7,"Meat on the Bone":10,"Pocketwatch":14},{"Darkstone Periapt":19,"Ice Cream":26,"Singing Bowl":9,"Vajra":9,"Magic Flower":28,"StoneCalendar":13,"Ginger":9,"Boot":7,"Ancient Tea Set":27,"Burning Blood":0,"Sozu":20,"Nunchaku":17,"Centennial Puzzle":30,"HornCleat":2,"Chemical X":26,"Toxic Egg 2":29,"Paper Frog":14,"Happy Flower":4,"Golden Idol":1,"Blue Candle":28,"Charon\u0027s Ashes":15,"Omamori":26,"Letter Opener":26,"WarpedTongs":10,"Calling Bell":9,"Bottled Flame":27,"Anchor":29,"Art of War":14,"Membership Card":2,"StrikeDummy":3,"Meat on the Bone":5,"Pocketwatch":8},{"Darkstone Periapt":51,"Ice Cream":79,"Singing Bowl":25,"Vajra":25,"Magic Flower":86,"StoneCalendar":35,"Ginger":25,"Boot":17,"Ancient Tea Set":83,"Burning Blood":0,"Sozu":58,"Nunchaku":46,"Centennial Puzzle":92,"HornCleat":4,"Chemical X":79,"Toxic Egg 2":89,"Paper Frog":38,"Happy Flower":10,"Golden Idol":2,"Blue Candle":86,"Charon\u0027s Ashes":41,"Omamori":79,"Letter Opener":79,"WarpedTongs":27,"Calling Bell":25,"Bottled Flame":83,"Anchor":89,"Art of War":38,"Membership Card":4,"StrikeDummy":8,"Meat on the Bone":12,"Pocketwatch":20}],"Meat on the Bone":0,"Pocketwatch":[60]},"card_choices":[{"not_picked":["Twin Strike","Barrage"],"picked":"Beam Cell","floor":0},{"not_picked":["Chill","Compile Driver"],"picked":"Shrug It Off","floor":0},{"not_picked":["Cold Snap","Iron Wave"],"picked":"Cleave","floor":0},{"not_picked":["Barrage","Pommel Strike"],"picked":"Headbutt","floor":0},{"not_picked":["Twin Strike","Disarm"],"picked":"Doom and Gloom","floor":0},{"not_picked":["Rebound","Beam Cell"],"picked":"Rip and Tear","floor":0},{"not_picked":["Perfected Strike","Fusion"],"picked":"Uppercut","floor":0},{"not_picked":["Heavy Blade","Wild Strike"],"picked":"Inflame","floor":0},{"not_picked":["Coolheaded","Rage"],"picked":"Beam Cell","floor":0},{"not_picked":["Clothesline","Disarm"],"picked":"Gash","floor":0},{"not_picked":["Recycle","Hemokinesis"],"picked":"Shrug It Off","floor":0},{"not_picked":["Headbutt","Blizzard"],"picked":"Flex","floor":0},{"not_picked":["Glacier","Chaos"],"picked":"Shrug It Off","floor":0},{"not_picked":["Barrage","Carnage"],"picked":"Go for the Eyes","floor":0},{"not_picked":["Barrage","Turbo"],"picked":"Streamline","floor":0},{"not_picked":["Cold Snap","Body Slam"],"picked":"BootSequence","floor":1},{"not_picked":["Armaments","Leap"],"picked":"Streamline","floor":4},{"not_picked":["Fiend Fire","Immolate"],"picked":"Hyperbeam","floor":7},{"not_picked":["Stack","Cold Snap","Warcry"],"picked":"SKIP","floor":8},{"not_picked":["Buffer","Creative AI"],"picked":"Reboot","floor":10},{"not_picked":["Steam","Clothesline","Skim"],"picked":"SKIP","floor":11},{"not_picked":["Clothesline","Skim"],"picked":"Steam","floor":11},{"not_picked":["Reboot","Double Tap"],"picked":"Core Surge","floor":12},{"not_picked":["Berserk","Biased Cognition"],"picked":"Hyperbeam","floor":14},{"not_picked":["Feed","Fission"],"picked":"Seek","floor":16},{"not_picked":["Coolheaded","Conserve Battery+1"],"picked":"FTL+1","floor":18},{"not_picked":["Steam","Melter"],"picked":"Thunderclap","floor":21},{"not_picked":["Core Surge","Streamline"],"picked":"Disarm","floor":22},{"not_picked":["Exhume","Immolate","Fiend Fire"],"picked":"Singing Bowl","floor":23},{"not_picked":["Core Surge","Exhume"],"picked":"Echo Form","floor":25},{"not_picked":["Feed","Hyperbeam"],"picked":"Seek","floor":27},{"not_picked":["Coolheaded","Uppercut","Cold Snap+1"],"picked":"Singing Bowl","floor":28},{"not_picked":["Exhume","Brutality","Creative AI"],"picked":"Singing Bowl","floor":29},{"not_picked":["Warcry","Feel No Pain","Fire Breathing"],"picked":"Singing Bowl","floor":30},{"not_picked":["Double Tap","Creative AI","All For One"],"picked":"Singing Bowl","floor":31},{"not_picked":["Barricade","Double Tap","Offering"],"picked":"Singing Bowl","floor":33},{"not_picked":["Undo+1","Hemokinesis+1","Heatsinks"],"picked":"Singing Bowl","floor":35},{"not_picked":["Rebound+1","Coolheaded+1","Loop"],"picked":"Singing Bowl","floor":36},{"not_picked":["Rebound+1","Carnage+1"],"picked":"Whirlwind","floor":37},{"not_picked":["Loop+1","Beam Cell+1"],"picked":"Disarm+1","floor":38},{"not_picked":["Sword Boomerang+1","Go for the Eyes+1"],"picked":"Impervious","floor":39},{"not_picked":["Double Tap","Demon Form","Meteor Strike"],"picked":"Singing Bowl","floor":40},{"not_picked":["Juggernaut","Immolate"],"picked":"Limit Break","floor":42},{"not_picked":["Corruption","Fiend Fire"],"picked":"Double Tap","floor":44},{"not_picked":["Offering","All For One","Electrodynamics"],"picked":"Singing Bowl","floor":46},{"not_picked":["Fiend Fire","Multi-Cast+1","Buffer"],"picked":"Singing Bowl","floor":48}],"player_experience":1382500,"relics_obtained":[{"floor":7,"key":"StrikeDummy"},{"floor":9,"key":"Happy Flower"},{"floor":10,"key":"Meat on the Bone"},{"floor":12,"key":"Boot"},{"floor":14,"key":"Pocketwatch"},{"floor":17,"key":"Vajra"},{"floor":17,"key":"Singing Bowl"},{"floor":17,"key":"Ginger"},{"floor":23,"key":"StoneCalendar"},{"floor":25,"key":"Paper Frog"},{"floor":26,"key":"Art of War"},{"floor":27,"key":"Charon\u0027s Ashes"},{"floor":29,"key":"Nunchaku"},{"floor":31,"key":"Darkstone Periapt"},{"floor":40,"key":"Omamori"},{"floor":42,"key":"Ancient Tea Set"},{"floor":43,"key":"Bottled Flame"},{"floor":44,"key":"Blue Candle"},{"floor":45,"key":"Magic Flower"},{"floor":46,"key":"Anchor"},{"floor":48,"key":"Centennial Puzzle"}],"event_choices":[{"damage_healed":0,"gold_gain":175,"player_choice":"AGREE","damage_taken":0,"max_hp_gain":0,"max_hp_loss":0,"event_name":"Liars Game","floor":2,"gold_loss":0,"cards_obtained":["Doubt"]},{"damage_healed":0,"gold_gain":0,"player_choice":"Take Wound","damage_taken":0,"relics_obtained":["Golden Idol"],"max_hp_gain":0,"max_hp_loss":0,"event_name":"Golden Idol","floor":3,"gold_loss":0,"cards_obtained":["Injury"]},{"damage_healed":0,"gold_gain":99,"player_choice":"Stole From Cult","damage_taken":0,"max_hp_gain":0,"max_hp_loss":0,"event_name":"Nest","floor":19,"gold_loss":0},{"damage_healed":0,"gold_gain":0,"player_choice":"Rummage","damage_taken":0,"relics_obtained":["WarpedTongs"],"max_hp_gain":0,"max_hp_loss":0,"event_name":"Accursed Blacksmith","floor":20,"gold_loss":0,"cards_obtained":["Pain"]}],"is_beta":false,"boss_relics":[{"not_picked":["Coffee Dripper","Empty Cage"],"picked":"Calling Bell"},{"not_picked":["Astrolabe","Tiny House"],"picked":"Sozu"}],"items_purged_floors":[],"is_endless":false,"potions_floor_spawned":[7,8,10,14,16,18,21,23,31,33,36,38,39,42,46],"ascension_level":0}}