{"host":"kzpuingyul43kz0j","time":1613158126,"event":{"mods":["2.2 Compatiblity","BaseMod","Bestiary","Better Skull","BetterRewards","Colored Map","Colored Powertips","Curses Come First","Displayed Cursed Tome","Downfall","Gold Saver","Highlight Path","Keyboard Shortcuts","Minty Spire (QoL Compilation)","Relic Stats","Remove Card Discount Mod","StSLib","Uncapped"],"gold_per_floor":[432,452,469,480,19,19,19,19,19,46,221,236,78,78,78,175,175,186,186,204,215,31,31,48,59,59,93,112,112,37,137,137,238,238,255,266,24,24,0,0,50,50,74,87,87],"floor_reached":44,"language":"ENG","playtime":2567,"items_purged":["Defend_P","Strike_P","Strike_P","Defend_P","Defend_P","Defend_P","Doubt","Strike_P","WreathOfFlame+1"],"score":493,"play_id":"3ccca9af-1502-4d4a-980b-ba97f1da6ba2","local_time":"20210212202846","is_ascension_mode":false,"campfire_choices":[{"data":"Eruption","floor":6,"key":"SMITH"},{"floor":15,"key":"REST"},{"data":"BattleHymn","floor":23,"key":"SMITH"},{"floor":29,"key":"REST"},{"data":"Perseverance","floor":32,"key":"SMITH"},{"data":"Trip","floor":40,"key":"SMITH"}],"circlet_count":0,"master_deck":["Eruption+1","Vigilance","Weave+1","Swivel","Consecrate","SashWhip+1","Violence","Evaluate","BattleHymn+1","Collect","JustLucky","EmptyBody","Devotion","CurseOfTheBell","SashWhip+1","EmptyFist+1","EmptyBody+1","LikeWater","SandsOfTime+1","Pray+1","Prostrate+1","Perseverance+1","Prostrate+1","Judgement","CutThroughFate+1","Trip+1"],"relics":["HolyWater","Matryoshka","Pen Nib","Lizard Tail","Blue Candle","Ornamental Fan","Odd Mushroom","Calling Bell","Happy Flower","Molten Egg 2","Torii","Medical Kit","Centennial Puzzle","Gremlin Horn","Ginger","HornCleat","MealTicket","Red Mask","hexamod:Sixitude","Nunchaku","War Paint"],"acts_visited":["Exordium","TheCity","TheBeyond"],"potions_floor_usage":[1,4,12,18,20,24,27,31,31,44],"damage_taken":[{"damage":5,"enemies":"Cultist","floor":1,"turns":3},{"damage":7,"enemies":"2 Louse","floor":2,"turns":3},{"damage":7,"enemies":"Small Slimes","floor":3,"turns":5},{"damage":10,"enemies":"2 Fungi Beasts","floor":4,"turns":4},{"damage":0,"enemies":"The Mushroom Lair","floor":10,"turns":1},{"damage":17,"enemies":"Large Slime","floor":12,"turns":4},{"damage":0,"enemies":"Slime Boss","floor":16,"turns":7},{"damage":0,"enemies":"3 Byrds","floor":18,"turns":3},{"damage":10,"enemies":"Spheric Guardian","floor":20,"turns":3},{"damage":10,"enemies":"Centurion and Healer","floor":21,"turns":4},{"damage":28,"enemies":"Snake Plant","floor":24,"turns":3},{"damage":0,"enemies":"Chosen and Byrds","floor":25,"turns":3},{"damage":21,"enemies":"Slavers","floor":27,"turns":4},{"damage":0,"enemies":"Shelled Parasite and Fungi","floor":28,"turns":5},{"damage":21,"enemies":"Colosseum Slavers","floor":31,"turns":2},{"damage":18,"enemies":"Colosseum Nobs","floor":31,"turns":3},{"damage":18,"enemies":"Automaton","floor":33,"turns":7},{"damage":1,"enemies":"Orb Walker","floor":35,"turns":3},{"damage":1,"enemies":"3 Shapes","floor":36,"turns":2},{"damage":3,"enemies":"Mind Bloom Boss Battle","floor":41,"turns":3},{"damage":18,"enemies":"Transient","floor":44,"turns":5}],"seed_played":"1795187451711567651","potions_obtained":[{"floor":0,"key":"champ:CounterPotion"},{"floor":0,"key":"champ:CounterPotion"},{"floor":0,"key":"champ:CounterPotion"},{"floor":10,"key":"Energy Potion"},{"floor":12,"key":"StancePotion"},{"floor":21,"key":"LiquidBronze"},{"floor":24,"key":"Dexterity Potion"},{"floor":27,"key":"LiquidMemories"},{"floor":28,"key":"Dexterity Potion"},{"floor":35,"key":"AttackPotion"},{"floor":36,"key":"Ancient Potion"}],"is_trial":false,"path_per_floor":["M","M","M","M","$","R","T","?","T","?","?","M","$","$","R","B",null,"M","?","M","M","$","R","M","M","T","E","M","R","$","?","R","B",null,"M","M","$","?","?","R","?","T","T","M"],"character_chosen":"WATCHER","items_purchased":["Matryoshka","Violence","Collect","JustLucky","EmptyBody","Medical Kit","LikeWater","Perseverance","MealTicket","Trip"],"campfire_rested":2,"item_purchase_floors":[5,5,13,13,13,22,22,30,37,37],"current_hp_per_floor":[67,60,53,43,43,43,43,29,29,29,29,12,12,12,33,33,72,72,72,62,52,52,52,24,24,24,3,3,24,24,36,36,18,72,71,70,70,68,68,68,65,65,65,47,47],"gold":87,"neow_bonus":"THREE_SMALL_POTIONS","is_daily":false,"chose_seed":false,"campfire_upgraded":4,"win_rate":0.0,"timestamp":1613158126,"path_taken":["M","M","?","M","$","R","?","?","T","?","?","M","?","$","R","BOSS","M","?","?","M","$","R","M","M","T","E","M","R","$","?","R","BOSS","M","M","$","?","?","R","?","?","T","?"],"items_purchased_type":["Relic","Card","Card","Card","Card","Relic","Card","Card","Relic","Card"],"build_version":"2020-12-22","purchased_purges":9,"victory":false,"max_hp_per_floor":[72,72,72,72,72,72,72,72,72,72,72,72,72,72,72,72,72,72,72,72,72,72,72,72,72,72,72,72,72,72,72,72,72,72,72,72,72,68,68,68,68,68,68,68,68],"relic_stats":{"Happy Flower":[16],"Torii":17,"Gremlin Horn":[7,7],"counters":[21,77],"Blue Candle":[0],"Pen Nib":[19],"Ginger":[0],"War Paint":["Prostrate","Pray"],"Medical Kit":[0],"Lizard Tail":36,"Centennial Puzzle":[24],"Nunchaku":[1],"Ornamental Fan":[180],"MealTicket":0,"obtain_stats":[{"Happy Flower":17,"Torii":17,"Gremlin Horn":27,"Blue Candle":9,"hexamod:Sixitude":41,"Pen Nib":7,"Ginger":31,"Odd Mushroom":10,"War Paint":43,"Medical Kit":22,"Calling Bell":17,"Lizard Tail":7,"Centennial Puzzle":26,"Nunchaku":42,"Matryoshka":5,"HornCleat":31,"Ornamental Fan":9,"HolyWater":34,"Molten Egg 2":17,"MealTicket":37,"Red Mask":39,"PureWater":0},{"Happy Flower":7,"Torii":7,"Gremlin Horn":13,"Blue Candle":4,"hexamod:Sixitude":20,"Pen Nib":4,"Ginger":16,"Odd Mushroom":5,"War Paint":20,"Medical Kit":10,"Calling Bell":7,"Lizard Tail":4,"Centennial Puzzle":12,"Nunchaku":20,"Matryoshka":4,"HornCleat":16,"Ornamental Fan":4,"HolyWater":17,"Molten Egg 2":7,"MealTicket":19,"Red Mask":19,"PureWater":0},{"Happy Flower":27,"Torii":27,"Gremlin Horn":47,"Blue Candle":15,"hexamod:Sixitude":72,"Pen Nib":15,"Ginger":57,"Odd Mushroom":16,"War Paint":72,"Medical Kit":37,"Calling Bell":27,"Lizard Tail":15,"Centennial Puzzle":43,"Nunchaku":72,"Matryoshka":15,"HornCleat":57,"Ornamental Fan":15,"HolyWater":64,"Molten Egg 2":27,"MealTicket":69,"Red Mask":69,"PureWater":0}]},"card_choices":[{"not_picked":["Protect","ClearTheMind"],"picked":"Weave","floor":1},{"not_picked":["FlurryOfBlows","Meditate"],"picked":"Swivel","floor":2},{"not_picked":["Indignation","Worship"],"picked":"Consecrate","floor":3},{"not_picked":["Vengeance","FlurryOfBlows"],"picked":"SashWhip","floor":4},{"not_picked":["Fasting2","SashWhip"],"picked":"Evaluate","floor":10},{"not_picked":["ReachHeaven","Meditate"],"picked":"BattleHymn","floor":12},{"not_picked":["DeusExMachina","Scrawl"],"picked":"Devotion","floor":16},{"not_picked":["PathToVictory","Adaptation"],"picked":"SashWhip+1","floor":18},{"not_picked":["SashWhip+1","FlyingSleeves+1"],"picked":"EmptyFist+1","floor":20},{"not_picked":["Halt+1","FlyingSleeves+1"],"picked":"EmptyBody+1","floor":21},{"not_picked":["Swivel","SignatureMove+1"],"picked":"WreathOfFlame+1","floor":24},{"not_picked":["SignatureMove+1","ThirdEye"],"picked":"SandsOfTime+1","floor":25},{"not_picked":["Meditate","Conclude+1"],"picked":"Pray","floor":27},{"not_picked":["Crescendo","Evaluate"],"picked":"Prostrate","floor":28},{"not_picked":["SignatureMove+1","CarveReality+1"],"picked":"Prostrate+1","floor":31},{"not_picked":["Scrawl","Vault"],"picked":"Judgement","floor":33},{"not_picked":["FlurryOfBlows+1","Collect+1"],"picked":"CutThroughFate+1","floor":35},{"not_picked":["Tantrum+1","WheelKick+1","Study+1"],"picked":"SKIP","floor":36}],"player_experience":117843,"relics_obtained":[{"floor":7,"key":"Pen Nib"},{"floor":7,"key":"Lizard Tail"},{"floor":9,"key":"Blue Candle"},{"floor":9,"key":"Ornamental Fan"},{"floor":10,"key":"Odd Mushroom"},{"floor":17,"key":"Happy Flower"},{"floor":17,"key":"Molten Egg 2"},{"floor":17,"key":"Torii"},{"floor":26,"key":"Centennial Puzzle"},{"floor":27,"key":"Gremlin Horn"},{"floor":31,"key":"Ginger"},{"floor":31,"key":"HornCleat"},{"floor":41,"key":"hexamod:Sixitude"},{"floor":42,"key":"Nunchaku"},{"floor":43,"key":"War Paint"}],"event_choices":[{"damage_healed":0,"gold_gain":0,"player_choice":"Entered Light","damage_taken":14,"max_hp_gain":0,"max_hp_loss":0,"event_name":"Shining Light","floor":8,"gold_loss":0,"cards_upgraded":["Weave","SashWhip"]},{"damage_healed":0,"gold_gain":0,"player_choice":"Fought Mushrooms","damage_taken":0,"max_hp_gain":0,"max_hp_loss":0,"event_name":"Mushrooms","floor":10,"gold_loss":0},{"damage_healed":0,"gold_gain":175,"player_choice":"AGREE","damage_taken":0,"max_hp_gain":0,"max_hp_loss":0,"event_name":"Liars Game","floor":11,"gold_loss":0,"cards_obtained":["Doubt"]},{"cards_removed":["Strike_P"],"damage_healed":0,"gold_gain":0,"player_choice":"Purged","damage_taken":0,"max_hp_gain":0,"max_hp_loss":0,"event_name":"Purifier","floor":19,"gold_loss":0},{"damage_healed":0,"gold_gain":0,"player_choice":"Fight","damage_taken":0,"max_hp_gain":0,"max_hp_loss":0,"event_name":"Colosseum","floor":31,"gold_loss":0},{"damage_healed":0,"gold_gain":0,"player_choice":"Fought Nobs","damage_taken":0,"max_hp_gain":0,"max_hp_loss":0,"event_name":"Colosseum","floor":31,"gold_loss":0},{"damage_healed":0,"gold_gain":0,"player_choice":"Max HP","damage_taken":0,"max_hp_gain":0,"max_hp_loss":4,"event_name":"Winding Halls","floor":38,"gold_loss":0},{"damage_healed":0,"gold_gain":0,"player_choice":"Paid","damage_taken":0,"relics_obtained":["Red Mask"],"max_hp_gain":0,"max_hp_loss":0,"event_name":"Tomb of Lord Red Mask","floor":39,"gold_loss":24},{"damage_healed":0,"gold_gain":0,"player_choice":"Fight","damage_taken":0,"max_hp_gain":0,"max_hp_loss":0,"event_name":"MindBloom","floor":41,"gold_loss":0}],"is_beta":false,"boss_relics":[{"not_picked":["Coffee Dripper","Runic Pyramid"],"picked":"Calling Bell"},{"not_picked":["Busted Crown","Tiny House"],"picked":"HolyWater"}],"items_purged_floors":[5,5,5,5,13,13,13,30,37],"is_endless":false,"potions_floor_spawned":[10,12,21,24,27,28,35,36],"killed_by":"Transient","ascension_level":0}}