{"host":"41vgbr386mrj4p17","time":1613127461,"event":{"mods":["AchievementEnabler","AlwaysNeverKeys","BaseMod","Bestiary","Better Altar","Better Match","Better Note","Better Sensory Stone","Better Skull","Better Third Choice","Colored Map","Curses Come First","Downfall","Googly Eyes","Hermit","Highlight Path","Minty Spire (QoL Compilation)","Shade Mod","StSLib","The Cursed"],"gold_per_floor":[99,114,144,155,174,203,229,263,63,63,82,82,99,99,111,208,208,108,122,133,148,165,165,217,93,113,113,145,159,178,24,40,144,144,144,164,180,191,191,86,86,86,117,128,128,128,140,114,125,125,125,157,32,32,32,32],"floor_reached":57,"language":"ENG","playtime":4530,"items_purged":["Shade:Strike_Shade","Shade:Strike_Shade","Shade:Consume+1"],"score":1830,"play_id":"d0b1c7b1-415d-4e33-a7a3-7a123291d0c6","local_time":"20210212055741","is_ascension_mode":true,"campfire_choices":[{"data":"Shade:AnimateDead","floor":1,"key":"SMITH"},{"data":"Shade:FreshBones","floor":9,"key":"SMITH"},{"data":"Shade:Brains","floor":12,"key":"SMITH"},{"data":"Shade:SanguineRitual","floor":18,"key":"SMITH"},{"data":"Shade:Tombstone","floor":27,"key":"SMITH"},{"data":"Shade:LoseControl","floor":35,"key":"SMITH"},{"data":"Shade:SensePrey","floor":42,"key":"SMITH"},{"data":"Shade:CarefulCut","floor":45,"key":"SMITH"},{"data":"Shade:ExtraLimbs","floor":54,"key":"SMITH"}],"circlet_count":0,"master_deck":["AscendersBane","Shade:Defend_Shade","Shade:Defend_Shade+1","Shade:Defend_Shade","Shade:Defend_Shade+1","Shade:AnimateDead+1","Shade:CarefulCut+1","Shade:RitualOffering+1","Shade:FreshBones+1","Shade:Brains+1","Shade:SanguineRitual+1","Shade:FuneraryArmor+1","Shade:FuneraryJewels","Shade:TouchOfTheGrave+1","Shade:Tombstone+1","Shade:AuraOfUnlife","Shade:FuneraryJewels","Shade:LoseControl+1","Shade:FleshToFlesh+1","Shade:SensePrey+1","Shade:AuraOfUnlife","Shade:StitchTogether","Shade:FuneraryJewels","Shade:Excise+1","Shade:Carnophage+1","Shade:CallOfTheGrave","Shade:TouchOfTheGrave+1","Shade:CloudOfShrapnel+1","Shade:ExtraLimbs+1"],"relics":["Shade:YorickPolishedSkull","Ice Cream","Orichalcum","Gremlin Horn","downfall:HeartBlessingBlue","downfall:HeartBlessingRed","Coffee Dripper","downfall:HeartBlessingGreen","Akabeko","Blood Vial","Pear","Shuriken","Bottled Flame","Whetstone"],"acts_visited":["Exordium","TheCity","TheBeyond","TheEnding"],"potions_floor_usage":[6,6,6,10,13,15,29,31,31,33,43,43,50,55],"damage_taken":[{"damage":0,"enemies":"Small Slimes","floor":2,"turns":3},{"damage":0,"enemies":"2 Louse","floor":4,"turns":3},{"damage":0,"enemies":"Cultist","floor":5,"turns":3},{"damage":0,"enemies":"Lagavulin","floor":6,"turns":4},{"damage":28,"enemies":"3 Sentries","floor":8,"turns":8},{"damage":0,"enemies":"Exordium Wildlife","floor":11,"turns":4},{"damage":0,"enemies":"3 Louse","floor":13,"turns":2},{"damage":0,"enemies":"Large Slime","floor":15,"turns":3},{"damage":27,"enemies":"WA_ARCHETYPE_RETAIN","floor":16,"turns":8},{"damage":2,"enemies":"3 Byrds","floor":19,"turns":4},{"damage":2,"enemies":"Chosen","floor":20,"turns":4},{"damage":2,"enemies":"Snake Plant","floor":21,"turns":4},{"damage":3,"enemies":"Snecko","floor":22,"turns":6},{"damage":2,"enemies":"downfall:FleeingMerchant","floor":25,"turns":4},{"damage":2,"enemies":"Centurion and Healer","floor":26,"turns":4},{"damage":19,"enemies":"Slavers","floor":28,"turns":3},{"damage":2,"enemies":"Chosen and Byrds","floor":29,"turns":4},{"damage":0,"enemies":"Snake Plant","floor":30,"turns":3},{"damage":2,"enemies":"downfall:FleeingMerchant","floor":31,"turns":4},{"damage":2,"enemies":"Centurion and Healer","floor":32,"turns":4},{"damage":2,"enemies":"SI_MIRROR_ARCHETYPE","floor":33,"turns":6},{"damage":2,"enemies":"3 Darklings","floor":36,"turns":3},{"damage":0,"enemies":"Orb Walker","floor":37,"turns":4},{"damage":2,"enemies":"Maw","floor":38,"turns":7},{"damage":0,"enemies":"downfall:FleeingMerchant","floor":40,"turns":3},{"damage":2,"enemies":"Nemesis","floor":43,"turns":7},{"damage":3,"enemies":"Jaw Worm Horde","floor":44,"turns":2},{"damage":0,"enemies":"4 Shapes","floor":47,"turns":2},{"damage":3,"enemies":"Maw","floor":49,"turns":6},{"damage":34,"enemies":"DF_ARCHETYPE_ORBS","floor":50,"turns":7},{"damage":2,"enemies":"downfall:CharBossMerchant","floor":52,"turns":9},{"damage":4,"enemies":"downfall:NeowBoss","floor":55,"turns":9},{"damage":74,"enemies":"downfall:NeowBossFinal","floor":56,"turns":10}],"seed_played":"6387862891683569403","potions_obtained":[{"floor":2,"key":"ColorlessPotion"},{"floor":4,"key":"Strength Potion"},{"floor":5,"key":"AttackPotion"},{"floor":10,"key":"Fruit Juice"},{"floor":10,"key":"FairyPotion"},{"floor":10,"key":"hexamod:SoulburnPotion"},{"floor":11,"key":"Fire Potion"},{"floor":21,"key":"Swift Potion"},{"floor":26,"key":"EssenceOfSteel"},{"floor":29,"key":"Swift Potion"},{"floor":30,"key":"FearPotion"},{"floor":32,"key":"Strength Potion"},{"floor":37,"key":"GamblersBrew"},{"floor":38,"key":"LiquidMemories"},{"floor":47,"key":"LiquidMemories"},{"floor":49,"key":"sneckomod:MuddlingPotion"}],"is_trial":false,"path_per_floor":["R","M","?","M","M","E","T","E","R","?","M","R","M","?","M","B",null,"R","M","M","M","M","?","T","$","M","R","E","M","M","$","M","B",null,"R","M","M","M","?","$","T","R","E","M","R","?","M","$","M","B",null,"E","$","R","B","B",null],"character_chosen":"SHADE","items_purchased":["Shade:AuraOfUnlife","Shade:StitchTogether","Shade:FuneraryJewels","Shade:CallOfTheGrave","Pear","Shade:ExtraLimbs"],"campfire_rested":0,"item_purchase_floors":[25,31,31,40,40,48],"current_hp_per_floor":[59,59,59,59,59,59,59,31,41,46,46,46,46,51,51,24,65,65,63,61,59,56,41,41,39,37,37,18,18,20,20,20,27,70,70,70,79,84,84,94,94,94,94,91,91,83,92,92,94,67,87,94,94,94,94,27],"gold":32,"neow_bonus":"ONE_RARE_RELIC","is_daily":false,"chose_seed":false,"campfire_upgraded":9,"win_rate":0.0,"timestamp":1613127461,"path_taken":["R","M","?","M","M","E","T","E","R","?","M","R","?","?","M","BOSS","R","M","M","M","M","?","T","$","M","R","E","M","M","$","M","BOSS","R","M","M","M","?","$","T","R","E","M","R","?","?","$","M","BOSS","E","$","R","BOSS","BOSS"],"items_purchased_type":["Card","Card","Card","Card","Relic","Card"],"build_version":"2020-12-22","purchased_purges":3,"victory":true,"max_hp_per_floor":[59,59,59,59,59,59,59,59,69,74,74,74,74,79,79,79,79,79,79,79,79,79,84,84,84,84,84,84,84,84,84,84,84,84,84,84,84,84,84,94,94,94,94,94,94,94,94,94,94,94,94,94,94,94,94,94],"card_choices":[{"not_picked":["Shade:PoundOfFlesh","Shade:SoulToxin","Shade:GraveStillness"],"picked":"SKIP","floor":2},{"not_picked":["Shade:AncientSpear","Shade:SpontaneousRitual"],"picked":"Shade:RitualOffering","floor":4},{"not_picked":["Shade:Frenzy","Shade:CoffinDance","Shade:RavenousHorde"],"picked":"SKIP","floor":5},{"not_picked":["Shade:Asphyxiate","Shade:FingerOfDeath"],"picked":"Shade:FreshBones","floor":6},{"not_picked":["Shade:ScuttlingHand","Shade:FreshBones","Shade:OminousRitual"],"picked":"SKIP","floor":8},{"not_picked":["Shade:Frenzy","Shade:FreshBones"],"picked":"Shade:Brains","floor":11},{"not_picked":["Shade:AncientSpear","Shade:Premonition","Shade:CommandSoldier"],"picked":"SKIP","floor":13},{"not_picked":["Shade:Bite_Shade","Shade:SpontaneousRitual"],"picked":"Shade:SanguineRitual","floor":15},{"not_picked":["Shade:BoneShards","Shade:WallOfFlesh"],"picked":"Shade:FuneraryArmor+1","floor":19},{"not_picked":["Shade:PressTheAttack","Shade:SkeletonArmy+1"],"picked":"Shade:FuneraryJewels","floor":20},{"not_picked":["Shade:Premonition","Shade:SkeletonHug","Shade:Haruspicy"],"picked":"SKIP","floor":21},{"not_picked":["Shade:Haruspicy+1","Shade:FuneraryArmor"],"picked":"Shade:TouchOfTheGrave+1","floor":22},{"not_picked":["Shade:FeralStrike","Shade:Brains"],"picked":"Shade:Tombstone","floor":25},{"not_picked":["Shade:Brains+1","Shade:WallOfFlesh"],"picked":"Shade:FuneraryJewels","floor":26},{"not_picked":["Shade:BoneShards+1","Shade:AncientSpear"],"picked":"Shade:LoseControl","floor":28},{"not_picked":["Shade:SpectralStrikes","Shade:LyeBath+1"],"picked":"Shade:FleshToFlesh+1","floor":29},{"not_picked":["Shade:FeralStrike","Shade:WallOfFlesh+1"],"picked":"Shade:SensePrey","floor":30},{"not_picked":["Shade:FingerOfDeath","Shade:BoneShards+1"],"picked":"Shade:AuraOfUnlife","floor":31},{"not_picked":["Shade:Bonestorm","Shade:Trample","Shade:FeralStrike"],"picked":"SKIP","floor":32},{"not_picked":["Shade:OfferingToTheBeyond","Shade:Tombstone"],"picked":"Shade:Consume","floor":33},{"not_picked":["Shade:SkeletonHug+1","Shade:Trample+1"],"picked":"Shade:Excise+1","floor":36},{"not_picked":["Shade:FingerOfDeath+1","Shade:FreshBones+1"],"picked":"Shade:Carnophage+1","floor":37},{"not_picked":["Shade:PoundOfFlesh","Shade:OneIsEnough","Shade:SkeletonHug"],"picked":"SKIP","floor":38},{"not_picked":["Shade:FreshBones","Shade:FuneraryArmor+1","Shade:AncientSpear+1"],"picked":"SKIP","floor":40},{"not_picked":["Shade:BoneShards+1","Shade:OpenGraves+1"],"picked":"Shade:TouchOfTheGrave+1","floor":43},{"not_picked":["Shade:ExtraLimbs","Shade:Frenzy+1","Shade:CoffinDance"],"picked":"SKIP","floor":44},{"not_picked":["Shade:CoffinDance+1","Shade:BoneShards"],"picked":"Shade:CloudOfShrapnel","floor":47},{"not_picked":["Shade:FuneraryArmor+1","Shade:Premonition+1","Shade:AuraOfUnlife"],"picked":"SKIP","floor":49},{"not_picked":["Shade:Frenzy","Shade:Coordination","Shade:FreshBones"],"picked":"SKIP","floor":52}],"player_experience":1089224,"relics_obtained":[{"floor":6,"key":"Orichalcum"},{"floor":7,"key":"War Paint"},{"floor":8,"key":"Gremlin Horn"},{"floor":24,"key":"Akabeko"},{"floor":28,"key":"Blood Vial"},{"floor":41,"key":"Shuriken"},{"floor":43,"key":"Bottled Flame"},{"floor":52,"key":"Whetstone"}],"event_choices":[{"damage_healed":0,"gold_gain":0,"player_choice":"Donut","damage_taken":0,"max_hp_gain":5,"max_hp_loss":0,"event_name":"Big Fish","floor":14,"gold_loss":0},{"cards_removed":["Shade:Strike_Shade"],"damage_healed":0,"gold_gain":0,"player_choice":"Removed Attack","damage_taken":0,"max_hp_gain":0,"max_hp_loss":0,"event_name":"Falling","floor":39,"gold_loss":0}],"is_beta":false,"boss_relics":[{"not_picked":["Cursed Key","Runic Pyramid"],"picked":"Coffee Dripper"},{"not_picked":["Sozu","Astrolabe"],"picked":"Shade:YorickPolishedSkull"}],"items_purged_floors":[25,40,53],"is_endless":false,"potions_floor_spawned":[2,4,5,11,21,26,28,29,30,32,37,38,47,49],"ascension_level":10}}