{"host":"n9qmgrsa9l2j981v","time":1613108392,"event":{"mods":["BaseMod","Bestiary","Minty Spire (QoL Compilation)","Relic Stats","StSLib"],"gold_per_floor":[118,43,17,17,17,17,50,66,66,96,96,112,112,138,138,217,217,237,251,0,0,13,13,29,29,29],"floor_reached":25,"language":"ENG","playtime":1346,"items_purged":["Strike_G"],"score":468,"play_id":"fc798049-e4f5-4a46-bd06-e01b27cc695a","local_time":"20210211213952","is_ascension_mode":true,"campfire_choices":[{"data":"Neutralize","floor":6.0,"key":"SMITH"},{"floor":11.0,"key":"REST"},{"data":"Crippling Poison","floor":13.0,"key":"SMITH"},{"data":"Well Laid Plans","floor":15.0,"key":"SMITH"},{"floor":23,"key":"REST"}],"circlet_count":0,"master_deck":["AscendersBane","Strike_G","Strike_G","Strike_G","Defend_G+1","Defend_G","Defend_G","Defend_G","Defend_G","Survivor","Neutralize+1","Dagger Throw","Backflip+1","Tactician","Well Laid Plans+1","Crippling Poison","Crippling Poison+1","Backflip","Burst","Prepared+1","Corpse Explosion","Dodge and Roll+1"],"relics":["Ring of the Snake","NeowsBlessing","Bottled Tornado","Mummified Hand","Odd Mushroom","Black Star","Nloth\u0027s Gift"],"acts_visited":["Exordium","TheCity"],"potions_floor_usage":[24,25],"damage_taken":[{"damage":0.0,"enemies":"Small Slimes","floor":1.0,"turns":1.0},{"damage":0.0,"enemies":"Gremlin Nob","floor":7.0,"turns":1.0},{"damage":0.0,"enemies":"Jaw Worm","floor":8.0,"turns":1.0},{"damage":30.0,"enemies":"Lagavulin","floor":10.0,"turns":9.0},{"damage":0.0,"enemies":"2 Louse","floor":12.0,"turns":3.0},{"damage":7.0,"enemies":"The Mushroom Lair","floor":14.0,"turns":4.0},{"damage":27.0,"enemies":"The Guardian","floor":16.0,"turns":17.0},{"damage":11.0,"enemies":"3 Byrds","floor":18.0,"turns":3.0},{"damage":12.0,"enemies":"Chosen","floor":19.0,"turns":8.0},{"damage":5,"enemies":"Centurion and Healer","floor":22,"turns":5},{"damage":21,"enemies":"Shelled Parasite and Fungi","floor":24,"turns":4},{"damage":27,"enemies":"Gremlin Leader","floor":25,"turns":4}],"seed_played":"5774836808344726007","potions_obtained":[{"floor":7.0,"key":"Regen Potion"},{"floor":8.0,"key":"LiquidMemories"},{"floor":14.0,"key":"DuplicationPotion"},{"floor":19.0,"key":"Poison Potion"},{"floor":24,"key":"SteroidPotion"}],"is_trial":false,"path_per_floor":["M","?","$","?","$","R","E","M","T","E","R","M","R","?","R","B",null,"M","M","$","?","M","R","M","E"],"character_chosen":"THE_SILENT","items_purchased":["Backflip","Corpse Explosion"],"campfire_rested":2,"item_purchase_floors":[3,20],"current_hp_per_floor":[59,59,59,39,39,39,39,39,39,24,43,43,43,36,36,9,52,41,29,29,29,24,43,22,0,0],"gold":29,"neow_bonus":"THREE_ENEMY_KILL","is_daily":false,"chose_seed":false,"campfire_upgraded":3,"win_rate":0.0,"timestamp":1613108392,"path_taken":["M","?","$","?","?","R","E","M","T","E","R","M","R","?","R","BOSS","M","M","$","?","M","R","M","E"],"items_purchased_type":["Card","Card"],"build_version":"2020-12-22","purchased_purges":1,"victory":false,"max_hp_per_floor":[66,66,66,66,66,66,66,66,66,66,66,66,66,66,66,66,66,66,66,66,66,66,66,66,66,66],"relic_stats":{"counters":[12,60],"Mummified Hand":[7],"Black Star":0,"Nloth\u0027s Gift":0,"obtain_stats":[{"NeowsBlessing":0,"Shuriken":7,"Mummified Hand":10,"Black Star":17,"Nloth\u0027s Gift":21,"Bottled Tornado":9,"Odd Mushroom":14,"Ring of the Snake":0},{"NeowsBlessing":0,"Shuriken":2,"Mummified Hand":4,"Black Star":7,"Nloth\u0027s Gift":9,"Bottled Tornado":3,"Odd Mushroom":6,"Ring of the Snake":0},{"NeowsBlessing":0,"Shuriken":2,"Mummified Hand":12,"Black Star":36,"Nloth\u0027s Gift":47,"Bottled Tornado":3,"Odd Mushroom":19,"Ring of the Snake":0}],"Ring of the Snake":[24]},"card_choices":[{"not_picked":["Flechettes","Slice"],"picked":"Dagger Throw","floor":1.0},{"not_picked":["Prepared","Outmaneuver"],"picked":"Tactician","floor":7.0},{"not_picked":["Deflect","Expertise"],"picked":"Well Laid Plans","floor":8.0},{"not_picked":["Bane","All Out Attack"],"picked":"Crippling Poison","floor":10.0},{"not_picked":["Expertise","Setup"],"picked":"Crippling Poison","floor":12.0},{"not_picked":["Dagger Spray","Bane"],"picked":"Backflip","floor":14.0},{"not_picked":["After Image","Bullet Time"],"picked":"Burst","floor":16.0},{"not_picked":["Crippling Poison+1","Blade Dance"],"picked":"Prepared+1","floor":18.0},{"not_picked":["Setup","Cloak And Dagger","Sucker Punch"],"picked":"SKIP","floor":19.0},{"not_picked":["Dagger Throw","Cloak And Dagger","Terror"],"picked":"SKIP","floor":22},{"not_picked":["Masterful Stab","Riddle With Holes"],"picked":"Dodge and Roll+1","floor":24}],"player_experience":690651,"relics_obtained":[{"floor":7.0,"key":"Shuriken"},{"floor":9.0,"key":"Bottled Tornado"},{"floor":10.0,"key":"Mummified Hand"},{"floor":14.0,"key":"Odd Mushroom"}],"event_choices":[{"cards_removed":["Strike_G"],"damage_healed":0.0,"max_hp_gain":0.0,"max_hp_loss":0.0,"gold_gain":0.0,"event_name":"The Cleric","player_choice":"Card Removal","floor":2.0,"gold_loss":75.0,"damage_taken":0.0},{"damage_healed":0.0,"max_hp_gain":0.0,"max_hp_loss":0.0,"gold_gain":0.0,"event_name":"Shining Light","player_choice":"Entered Light","floor":4.0,"gold_loss":0.0,"damage_taken":20.0,"cards_upgraded":["Defend_G","Backflip"]},{"damage_healed":0.0,"max_hp_gain":0.0,"max_hp_loss":0.0,"gold_gain":0.0,"event_name":"Mushrooms","player_choice":"Fought Mushrooms","floor":14.0,"gold_loss":0.0,"damage_taken":0.0},{"damage_healed":0.0,"max_hp_gain":0.0,"max_hp_loss":0.0,"gold_gain":0.0,"event_name":"N\u0027loth","player_choice":"Traded Relic","floor":21.0,"relics_lost":["Shuriken"],"gold_loss":0.0,"damage_taken":0.0,"relics_obtained":["Nloth\u0027s Gift"]}],"is_beta":false,"boss_relics":[{"not_picked":["Ectoplasm","Busted Crown"],"picked":"Black Star"}],"items_purged_floors":[20],"is_endless":false,"potions_floor_spawned":[7,8,14,16,19,24],"killed_by":"Gremlin Leader","ascension_level":20}}