{"host":"ykvqq7vjr2p6k8wm","time":1613160481,"event":{"mods":["Ascension Reborn","BaseMod","Colored Powertips","Minty Spire (QoL Compilation)","Quick Restart","Relic Stats","StSLib"],"gold_per_floor":[111,111,123,136,152,152,152,164,164,164,174,187,187,215,215,311,311,328,338,263,223,223,223],"floor_reached":22,"language":"ENG","playtime":1444,"items_purged":[],"score":213,"play_id":"d8159cfb-d4c6-4d5d-beaf-4909c8243b22","local_time":"20210213010801","is_ascension_mode":true,"campfire_choices":[{"data":"Bash","floor":6,"key":"SMITH"},{"data":"Cleave","floor":10,"key":"SMITH"},{"data":"Whirlwind","floor":13,"key":"SMITH"},{"floor":15,"key":"REST"}],"circlet_count":0,"master_deck":["Strike_R+1","Strike_R","Strike_R","Strike_R","Defend_R","Defend_R+1","Defend_R","Defend_R","Bash+1","Rampage","Anger","Thunderclap","Cleave+1","Flex","Intimidate","Whirlwind+1","Sword Boomerang","Hemokinesis","Reaper","Clothesline+1","Iron Wave+1"],"relics":["Burning Blood","NeowsBlessing","Pen Nib","Dream Catcher","Bottled Lightning","Runic Pyramid"],"acts_visited":["Exordium","TheCity"],"potions_floor_usage":[12,14,16],"damage_taken":[{"damage":0,"enemies":"Small Slimes","floor":1,"turns":1},{"damage":0,"enemies":"Jaw Worm","floor":3,"turns":1},{"damage":0,"enemies":"Cultist","floor":4,"turns":1},{"damage":16,"enemies":"2 Fungi Beasts","floor":5,"turns":3},{"damage":5,"enemies":"Gremlin Gang","floor":8,"turns":2},{"damage":12,"enemies":"Blue Slaver","floor":11,"turns":2},{"damage":2,"enemies":"3 Louse","floor":12,"turns":2},{"damage":0,"enemies":"Gremlin Nob","floor":14,"turns":3},{"damage":51,"enemies":"The Guardian","floor":16,"turns":7},{"damage":7,"enemies":"Chosen","floor":18,"turns":4},{"damage":53,"enemies":"Spheric Guardian","floor":19,"turns":6},{"damage":46,"enemies":"Cultist and Chosen","floor":22,"turns":5}],"seed_played":"-9192535063876825423","potions_obtained":[{"floor":1,"key":"HeartOfIron"},{"floor":3,"key":"FearPotion"},{"floor":5,"key":"Ancient Potion"}],"is_trial":false,"path_per_floor":["M","?","M","M","M","R","?","M","T","R","M","M","R","E","R","B",null,"M","M","?","?","M"],"character_chosen":"IRONCLAD","items_purchased":[],"campfire_rested":1,"item_purchase_floors":[],"current_hp_per_floor":[80,77,80,80,70,70,54,55,55,55,49,53,53,59,80,35,80,79,32,32,32,0,0],"gold":223,"neow_bonus":"THREE_ENEMY_KILL","is_daily":false,"chose_seed":false,"campfire_upgraded":3,"win_rate":0.0,"timestamp":1613160481,"path_taken":["M","?","M","M","M","R","?","M","T","R","M","?","R","E","R","BOSS","M","M","?","?","M"],"items_purchased_type":[],"build_version":"2020-12-22","purchased_purges":0,"victory":false,"max_hp_per_floor":[80,80,80,80,80,80,80,80,80,80,80,80,80,80,80,80,80,80,80,80,80,80,80],"relic_stats":{"Dream Catcher":1,"counters":[12,37],"Pen Nib":[7],"obtain_stats":[{"Dream Catcher":9,"NeowsBlessing":0,"Pen Nib":2,"Bottled Lightning":14,"Burning Blood":0,"Runic Pyramid":17},{"Dream Catcher":5,"NeowsBlessing":0,"Pen Nib":1,"Bottled Lightning":8,"Burning Blood":0,"Runic Pyramid":9},{"Dream Catcher":8,"NeowsBlessing":0,"Pen Nib":1,"Bottled Lightning":15,"Burning Blood":0,"Runic Pyramid":22}],"Burning Blood":51},"card_choices":[{"not_picked":["Seeing Red","Warcry"],"picked":"Rampage","floor":1},{"not_picked":["Feel No Pain","Headbutt"],"picked":"Anger","floor":3},{"not_picked":["Heavy Blade","Dark Embrace"],"picked":"Thunderclap","floor":4},{"not_picked":["Searing Blow","Sword Boomerang"],"picked":"Cleave","floor":5},{"not_picked":["Twin Strike","Shrug It Off"],"picked":"Flex","floor":8},{"not_picked":["Seeing Red","Headbutt"],"picked":"Intimidate","floor":11},{"not_picked":["Spot Weakness","Shrug It Off"],"picked":"Whirlwind","floor":12},{"not_picked":["Disarm","Demon Form"],"picked":"Sword Boomerang","floor":14},{"not_picked":["Intimidate","Heavy Blade"],"picked":"Hemokinesis","floor":15},{"not_picked":["Bludgeon","Corruption"],"picked":"Reaper","floor":16},{"not_picked":["Body Slam","Pommel Strike+1"],"picked":"Clothesline+1","floor":18},{"not_picked":["Cleave+1","Pommel Strike"],"picked":"Iron Wave","floor":19}],"player_experience":10251,"relics_obtained":[{"floor":9,"key":"Dream Catcher"},{"floor":14,"key":"Bottled Lightning"}],"event_choices":[{"damage_healed":0,"gold_gain":0,"player_choice":"Success","damage_taken":3,"relics_obtained":["Pen Nib"],"max_hp_gain":0,"max_hp_loss":0,"event_name":"Scrap Ooze","floor":2,"gold_loss":0},{"damage_healed":0,"gold_gain":0,"player_choice":"Entered Light","damage_taken":16,"max_hp_gain":0,"max_hp_loss":0,"event_name":"Shining Light","floor":7,"gold_loss":0,"cards_upgraded":["Defend_R","Strike_R"]},{"cards_removed":["Strike_R"],"damage_healed":0,"gold_gain":0,"player_choice":"Gave Gold","damage_taken":0,"max_hp_gain":0,"max_hp_loss":0,"event_name":"Beggar","floor":20,"gold_loss":75},{"damage_healed":0,"gold_gain":0,"player_choice":"Upgrade","damage_taken":0,"max_hp_gain":0,"max_hp_loss":0,"event_name":"Designer","floor":21,"gold_loss":40,"cards_upgraded":["Iron Wave"]}],"is_beta":false,"boss_relics":[{"not_picked":["SacredBark","Empty Cage"],"picked":"Runic Pyramid"}],"items_purged_floors":[],"is_endless":false,"potions_floor_spawned":[1,3,5,11],"killed_by":"Cultist and Chosen","ascension_level":0}}