{"host":"0rxdudjy6rylha1k","time":1613100630,"event":{"mods":["Aspiration","BaseMod","Colored Map","Colored Powertips","Downfall","Highlight Path","Hubris","Minty Spire (QoL Compilation)","StSLib"],"gold_per_floor":[99,99,99,99,99,99,99,99,112,127,157,67,77,110,128,128,128,128],"floor_reached":16,"language":"ENG","playtime":1192,"items_purged":["downfall:Malfunctioning"],"score":146,"play_id":"4bb7e00c-c937-46d5-ac73-5a92829de4dd","local_time":"20210211203030","is_ascension_mode":true,"campfire_choices":[{"floor":1,"key":"RECALL"},{"data":"bronze:Goto","floor":6,"key":"SMITH"},{"data":"bronze:CutThrough","floor":8,"key":"SMITH"}],"circlet_count":0,"master_deck":["bronze:Strike","bronze:Strike+1","bronze:Strike+1","bronze:Strike","bronze:Defend","bronze:Defend+1","bronze:Defend","bronze:Defend","bronze:Replicate","bronze:Goto+1","bronze:CutThrough+1","bronze:FollowUp","bronze:MaxOutput","bronze:Fortify","bronze:ChildClass","bronze:Flail","bronze:OilSpill","bronze:Repulsor","bronze:BugBarrage","bronze:BuggyMess"],"relics":["bronze:BronzeCore","downfall:HeartsMalice","Happy Flower","hubris:TenFootPole","White Beast Statue"],"acts_visited":["Exordium"],"potions_floor_usage":[11,13,13,15,16],"damage_taken":[{"damage":0,"enemies":"Jaw Worm","floor":3,"turns":1},{"damage":0,"enemies":"Small Slimes","floor":4,"turns":1},{"damage":0,"enemies":"2 Louse","floor":5,"turns":1},{"damage":8,"enemies":"Blue Slaver","floor":9,"turns":3},{"damage":8,"enemies":"Exordium Wildlife","floor":10,"turns":3},{"damage":6,"enemies":"Lagavulin","floor":11,"turns":5},{"damage":0,"enemies":"downfall:FleeingMerchant","floor":12,"turns":4},{"damage":3,"enemies":"Lots of Slimes","floor":13,"turns":2},{"damage":0,"enemies":"3 Sentries","floor":14,"turns":2},{"damage":0,"enemies":"Gremlin Gang","floor":15,"turns":1},{"damage":46,"enemies":"DF_ARCHETYPE_STREAMLINE","floor":16,"turns":8}],"seed_played":"-2126921556716945846","potions_obtained":[{"floor":9,"key":"ColorlessPotion"},{"floor":10,"key":"Fire Potion"},{"floor":11,"key":"Energy Potion"},{"floor":13,"key":"Explosive Potion"},{"floor":15,"key":"EssenceOfSteel"}],"is_trial":false,"path_per_floor":["R","?","M","M","M","R","T","R","M","M","E","$","M","E","M","B"],"character_chosen":"THE_AUTOMATON","items_purchased":[],"campfire_rested":0,"item_purchase_floors":[],"current_hp_per_floor":[70,70,70,70,70,70,70,70,62,54,48,48,45,45,45,0,0,0],"gold":128,"neow_bonus":"THREE_ENEMY_KILL","is_daily":false,"chose_seed":false,"campfire_upgraded":2,"win_rate":0.0,"timestamp":1613100630,"path_taken":["R","?","M","M","M","R","T","R","M","M","E","$","M","E","M","BOSS"],"items_purchased_type":[],"build_version":"2020-12-22","purchased_purges":1,"victory":false,"max_hp_per_floor":[70,70,70,70,70,70,70,70,70,70,70,70,70,70,70,70,70,70],"card_choices":[{"not_picked":["bronze:Shield","bronze:BitShift"],"picked":"bronze:CutThrough","floor":3},{"not_picked":["bronze:DelayedSlice","bronze:NullPointer"],"picked":"bronze:FollowUp","floor":4},{"not_picked":["bronze:DelayedSlice","bronze:Constructor"],"picked":"bronze:MaxOutput","floor":5},{"not_picked":["bronze:InfiniteBeams","bronze:DelayedSlice"],"picked":"bronze:Fortify","floor":9},{"not_picked":["bronze:BuggyMess","bronze:Philosophize"],"picked":"bronze:ChildClass","floor":10},{"not_picked":["bronze:Terminator","bronze:Safeguard"],"picked":"bronze:Flail","floor":11},{"not_picked":["bronze:Philosophize","bronze:Turbo"],"picked":"bronze:OilSpill","floor":12},{"not_picked":["bronze:Safeguard","bronze:WildBeam"],"picked":"bronze:Repulsor","floor":13},{"not_picked":["bronze:CloningBeam","bronze:Flail"],"picked":"bronze:BugBarrage","floor":14},{"not_picked":["bronze:BronzeArmor","bronze:DarkDash"],"picked":"bronze:BuggyMess","floor":15}],"player_experience":2925980,"relics_obtained":[{"floor":7,"key":"Happy Flower"},{"floor":11,"key":"hubris:TenFootPole"},{"floor":14,"key":"White Beast Statue"}],"event_choices":[],"is_beta":false,"boss_relics":[],"items_purged_floors":[12],"is_endless":false,"potions_floor_spawned":[9,10,11,13,15],"killed_by":"DF_ARCHETYPE_STREAMLINE","ascension_level":2}}