{"host":"4lch21uqe3ag08cj","time":1613105900,"event":{"mods":["AchievementEnabler","BaseMod","Block Reminder","Colored Map","Colored Powertips","Minty Spire (QoL Compilation)","Permanent Neow","Relic Stats"],"gold_per_floor":[119,135,145,162,172,172,202,202,202,202,227,240,240,267,267,372,372,372,297,297,297,297,297,297,297,297,147,147,147,147,147,147,147,147,147,147,147,147,147,147,147,147,147,147,147,47,47,47,47,47,47,47,47,47,47],"floor_reached":56,"language":"ENG","playtime":3147,"items_purged":["Defend_B","Defend_B"],"score":1442,"play_id":"8a365c70-425f-44bc-b18c-0d7586979576","local_time":"20210212015820","is_ascension_mode":true,"campfire_choices":[{"data":"Chaos","floor":6.0,"key":"SMITH"},{"data":"Conserve Battery","floor":8.0,"key":"SMITH"},{"data":"Zap","floor":10.0,"key":"SMITH"},{"data":"Echo Form","floor":13.0,"key":"SMITH"},{"data":"Reinforced Body","floor":15.0,"key":"SMITH"},{"data":"Genetic Algorithm","floor":25.0,"key":"SMITH"},{"data":"Loop","floor":30.0,"key":"SMITH"},{"data":"Capacitor","floor":32.0,"key":"SMITH"},{"data":"Biased Cognition","floor":41.0,"key":"SMITH"},{"floor":49.0,"key":"RECALL"},{"data":"Fission","floor":52.0,"key":"SMITH"}],"circlet_count":0,"master_deck":["Defend_B","Defend_B","Zap+1","Dualcast+1","Recycle+1","Steam+1","Lockon+1","Conserve Battery+1","Chaos+1","Compile Driver","Melter","Echo Form+1","Cold Snap","Reinforced Body+1","Electrodynamics","Capacitor+1","Genetic Algorithm+1","Loop+1","Reboot","Biased Cognition+1","Conserve Battery+1","Force Field+1","Panacea+1","Coolheaded","Core Surge","Undo+1","Fission+1","Leap+1"],"relics":["Astrolabe","Bag of Marbles","Sundial","Blood Vial","White Beast Statue","Ectoplasm","Darkstone Periapt","CeramicFish","Bottled Lightning","Bronze Scales","DataDisk","SacredBark","Potion Belt","Torii","Ice Cream","Pear","War Paint"],"acts_visited":["Exordium","TheCity","TheBeyond","TheEnding"],"potions_floor_usage":[54,55,55,55],"damage_taken":[{"damage":1.0,"enemies":"Cultist","floor":1.0,"turns":4.0},{"damage":0.0,"enemies":"Small Slimes","floor":2.0,"turns":3.0},{"damage":2.0,"enemies":"Jaw Worm","floor":3.0,"turns":3.0},{"damage":7.0,"enemies":"Exordium Wildlife","floor":4.0,"turns":3.0},{"damage":6.0,"enemies":"Looter","floor":5.0,"turns":2.0},{"damage":6.0,"enemies":"Gremlin Nob","floor":7.0,"turns":3.0},{"damage":10.0,"enemies":"Lagavulin","floor":11.0,"turns":6.0},{"damage":14.0,"enemies":"Red Slaver","floor":12.0,"turns":2.0},{"damage":8.0,"enemies":"Gremlin Nob","floor":14.0,"turns":4.0},{"damage":8.0,"enemies":"Hexaghost","floor":16.0,"turns":8.0},{"damage":0.0,"enemies":"Spheric Guardian","floor":18.0,"turns":3.0},{"damage":25.0,"enemies":"Chosen","floor":20.0,"turns":6.0},{"damage":11.0,"enemies":"Snake Plant","floor":22.0,"turns":5.0},{"damage":8.0,"enemies":"Gremlin Leader","floor":23.0,"turns":6.0},{"damage":13.0,"enemies":"Centurion and Healer","floor":28.0,"turns":6.0},{"damage":16.0,"enemies":"Slavers","floor":29.0,"turns":4.0},{"damage":9.0,"enemies":"Book of Stabbing","floor":31.0,"turns":5.0},{"damage":27.0,"enemies":"Champ","floor":33.0,"turns":12.0},{"damage":14.0,"enemies":"3 Darklings","floor":35.0,"turns":5.0},{"damage":0.0,"enemies":"Orb Walker","floor":36.0,"turns":3.0},{"damage":0.0,"enemies":"Jaw Worm Horde","floor":38.0,"turns":2.0},{"damage":0.0,"enemies":"Sphere and 2 Shapes","floor":39.0,"turns":7.0},{"damage":6.0,"enemies":"Nemesis","floor":40.0,"turns":7.0},{"damage":0.0,"enemies":"Reptomancer","floor":42.0,"turns":4.0},{"damage":9.0,"enemies":"Nemesis","floor":44.0,"turns":5.0},{"damage":0.0,"enemies":"3 Darklings","floor":47.0,"turns":3.0},{"damage":16.0,"enemies":"Time Eater","floor":50.0,"turns":11.0},{"damage":42,"enemies":"Shield and Spear","floor":54,"turns":9},{"damage":15,"enemies":"The Heart","floor":55,"turns":14}],"seed_played":"2660717016485072229","potions_obtained":[{"floor":1.0,"key":"LiquidBronze"},{"floor":2.0,"key":"Block Potion"},{"floor":5.0,"key":"PowerPotion"},{"floor":7.0,"key":"EntropicBrew"},{"floor":14.0,"key":"SkillPotion"},{"floor":16.0,"key":"SteroidPotion"},{"floor":18.0,"key":"DistilledChaos"},{"floor":20.0,"key":"Weak Potion"},{"floor":22.0,"key":"Regen Potion"},{"floor":28.0,"key":"AttackPotion"},{"floor":29.0,"key":"Block Potion"},{"floor":31.0,"key":"Weak Potion"},{"floor":33.0,"key":"LiquidMemories"},{"floor":35.0,"key":"LiquidBronze"},{"floor":36.0,"key":"Swift Potion"},{"floor":38.0,"key":"FocusPotion"},{"floor":40.0,"key":"BlessingOfTheForge"},{"floor":42.0,"key":"Dexterity Potion"},{"floor":44.0,"key":"DistilledChaos"},{"floor":47.0,"key":"PotionOfCapacity"},{"floor":54,"key":"Block Potion"}],"is_trial":false,"path_per_floor":["M","M","M","M","M","R","E","R","T","R","E","M","R","E","R","B",null,"M","?","M","T","M","E","?","R","T","$","M","E","R","E","R","B",null,"M","M","?","M","M","E","R","E","T","E","T","$","M","$","R","B",null,"R","$","E","B",null],"character_chosen":"DEFECT","items_purchased":["Loop"],"campfire_rested":0,"item_purchase_floors":[27],"current_hp_per_floor":[74,74,72,65,59,59,53,53,53,53,43,31,31,25,25,19,75,75,75,50,50,41,49,75,75,75,75,62,48,48,41,41,16,75,61,63,63,65,67,63,63,65,65,58,68,68,70,70,70,56,85,85,85,43,30],"gold":47,"neow_bonus":"BOSS_RELIC","is_daily":false,"chose_seed":false,"campfire_upgraded":10,"win_rate":0.0,"timestamp":1613105900,"path_taken":["M","M","?","M","M","R","E","R","T","R","E","M","R","E","R","BOSS","M","?","M","?","?","E","?","R","T","$","?","E","R","E","R","BOSS","M","M","?","M","M","E","R","E","T","E","?","?","M","?","R","BOSS","R","$","E","BOSS"],"items_purchased_type":["Card"],"build_version":"2020-12-22","purchased_purges":2,"victory":true,"max_hp_per_floor":[75,75,75,75,75,75,75,75,75,75,75,75,75,75,75,75,75,75,75,75,75,75,75,75,75,75,75,75,75,75,75,75,75,75,75,75,75,75,75,75,75,75,75,75,85,85,85,85,85,85,85,85,85,85,85],"relic_stats":{"Blood Vial":34,"Darkstone Periapt":0,"Torii":5,"counters":[29,153],"Sundial":[24],"Astrolabe":["Recycle","Steam","Lockon"],"CeramicFish":0,"Bronze Scales":[426],"Ectoplasm":681,"War Paint":["Dualcast","Panacea"],"obtain_stats":[{"Darkstone Periapt":21,"Potion Belt":40,"Ice Cream":44,"Pear":45,"Torii":42,"Astrolabe":0,"CeramicFish":23,"SacredBark":34,"War Paint":54,"White Beast Statue":14,"Blood Vial":11,"DataDisk":31,"Sundial":9,"Bronze Scales":29,"Ectoplasm":17,"Bag of Marbles":7,"Bottled Lightning":26,"Cracked Core":0},{"Darkstone Periapt":12,"Potion Belt":23,"Ice Cream":25,"Pear":25,"Torii":24,"Astrolabe":0,"CeramicFish":14,"SacredBark":18,"War Paint":28,"White Beast Statue":9,"Blood Vial":7,"DataDisk":17,"Sundial":6,"Bronze Scales":16,"Ectoplasm":10,"Bag of Marbles":6,"Bottled Lightning":14,"Cracked Core":0},{"Darkstone Periapt":47,"Potion Belt":108,"Ice Cream":116,"Pear":116,"Torii":111,"Astrolabe":0,"CeramicFish":58,"SacredBark":84,"War Paint":139,"White Beast Statue":30,"Blood Vial":24,"DataDisk":72,"Sundial":18,"Bronze Scales":67,"Ectoplasm":38,"Bag of Marbles":18,"Bottled Lightning":58,"Cracked Core":0}]},"card_choices":[{"not_picked":["Gash","Skim"],"picked":"Lockon","floor":1.0},{"not_picked":["Barrage","Stack"],"picked":"Conserve Battery","floor":2.0},{"not_picked":["Redo","Leap"],"picked":"Chaos","floor":3.0},{"not_picked":["Amplify","Leap"],"picked":"Compile Driver","floor":4.0},{"not_picked":["Hologram","Conserve Battery","White Noise"],"picked":"SKIP","floor":5.0},{"not_picked":["Rebound","Barrage"],"picked":"Melter","floor":7.0},{"not_picked":["Sweeping Beam","Hologram"],"picked":"Echo Form","floor":11.0},{"not_picked":["Barrage","Sweeping Beam"],"picked":"Cold Snap","floor":12.0},{"not_picked":["Streamline","Lockon"],"picked":"Reinforced Body","floor":14.0},{"not_picked":["Creative AI","Core Surge"],"picked":"Electrodynamics","floor":16.0},{"not_picked":["Hologram","Cold Snap"],"picked":"Capacitor","floor":18.0},{"not_picked":["Stack","Turbo+1","Redo"],"picked":"SKIP","floor":20.0},{"not_picked":["Stack","Turbo+1","Redo"],"picked":"SKIP","floor":20.0},{"not_picked":["Thunder Strike","Melter"],"picked":"Genetic Algorithm","floor":22.0},{"not_picked":["Aggregate","Steam","Gash"],"picked":"SKIP","floor":23.0},{"not_picked":["Blizzard","Beam Cell+1","Scrape"],"picked":"SKIP","floor":28.0},{"not_picked":["Sweeping Beam","Genetic Algorithm","Double Energy"],"picked":"SKIP","floor":29.0},{"not_picked":["Go for the Eyes","Hologram+1"],"picked":"Reboot","floor":31.0},{"not_picked":["Echo Form","Buffer"],"picked":"Biased Cognition","floor":33.0},{"not_picked":["Stack+1","Blizzard"],"picked":"Conserve Battery+1","floor":35.0},{"not_picked":["Static Discharge+1","Rip and Tear+1"],"picked":"Force Field+1","floor":36.0},{"not_picked":["Dark Shackles","Panache"],"picked":"Panacea","floor":37.0},{"not_picked":["Lockon","Ball Lightning","Reprogram+1"],"picked":"SKIP","floor":38.0},{"not_picked":["Heatsinks","Ball Lightning+1"],"picked":"Coolheaded","floor":39.0},{"not_picked":["Stack+1","Compile Driver+1"],"picked":"Core Surge","floor":40.0},{"not_picked":["Hologram","Stack+1","Streamline"],"picked":"SKIP","floor":42.0},{"not_picked":["Steam Power+1","Steam+1"],"picked":"Undo+1","floor":44.0},{"not_picked":["Stack+1","Hologram+1"],"picked":"Fission","floor":47.0},{"not_picked":["Gash","Storm+1"],"picked":"Leap+1","floor":54}],"player_experience":66297,"relics_obtained":[{"floor":7.0,"key":"Bag of Marbles"},{"floor":9.0,"key":"Sundial"},{"floor":11.0,"key":"Blood Vial"},{"floor":14.0,"key":"White Beast Statue"},{"floor":21.0,"key":"Darkstone Periapt"},{"floor":23.0,"key":"CeramicFish"},{"floor":26.0,"key":"Bottled Lightning"},{"floor":29.0,"key":"Bronze Scales"},{"floor":31.0,"key":"DataDisk"},{"floor":40.0,"key":"Potion Belt"},{"floor":42.0,"key":"Torii"},{"floor":44.0,"key":"Ice Cream"},{"floor":45.0,"key":"Pear"},{"floor":54,"key":"War Paint"}],"event_choices":[{"cards_removed":["Strike_B"],"damage_healed":0.0,"max_hp_gain":0.0,"max_hp_loss":0.0,"gold_gain":0.0,"event_name":"Beggar","player_choice":"Gave Gold","floor":19.0,"gold_loss":75.0,"damage_taken":0.0},{"cards_removed":["Lockon"],"damage_healed":26.0,"max_hp_gain":0.0,"max_hp_loss":0.0,"gold_gain":0.0,"event_name":"Bonfire Elementals","player_choice":"Offered Uncommon","floor":24.0,"gold_loss":0.0,"damage_taken":0.0},{"damage_healed":0.0,"max_hp_gain":0.0,"max_hp_loss":0.0,"gold_gain":0.0,"event_name":"SensoryStone","player_choice":"Memory 1","floor":37.0,"gold_loss":0.0,"damage_taken":0.0}],"is_beta":false,"boss_relics":[{"not_picked":["Tiny House","Fusion Hammer"],"picked":"Ectoplasm"},{"not_picked":["Runic Pyramid","Black Star"],"picked":"SacredBark"}],"items_purged_floors":[27,46],"is_endless":false,"potions_floor_spawned":[1,2,5,7,14,16,18,20,22,23,28,29,31,33,35,36,38,39,40,42,44,47,54],"ascension_level":3}}