{"host":"1a1fa2nogmb21qcw","time":1613154381,"event":{"mods":["AchievementEnabler","BaseMod","Better Match","Better Note","Better Sensory Stone","Better Vampires","Block Reminder","Bossed Relics","Colored Map","Colored Powertips","Curses Come First","Downfall","Gremlin Mod","Infinite Spire","Key Reminder","Minty Spire (QoL Compilation)","Potionbrewer","Quick Restart","Rare Cards Sparkle","Relic Stats","Reliquary","Remove Card Discount Mod","Replay The Spire","Shop Mod","StSLib","Swap Starting Deck Mod","The Cursed","The Disciple","The Marked","The Necromancer","The Servant 0.9.4"],"gold_per_floor":[110,210,221,231,243,243,260,288,340,374,235,235,255,255,255,354,354,372,372,388,118,131,131,151,151,151,151,162,162,175,175,175,274,274,293,293,293,293,304,331,331,331,331,331,345,365,365,385,385,385],"floor_reached":51,"language":"ENG","playtime":3659,"items_purged":["theMarked:Strike","theMarked:Strike","theMarked:Strike","theMarked:Strike","theMarked:Defend","theMarked:Defend","theMarked:Defend","theMarked:Defend","Writhe","Writhe"],"score":589,"play_id":"dbfebee4-9242-4c7d-b69b-ed9778321f13","local_time":"20210212132621","is_ascension_mode":false,"campfire_choices":[{"data":"theMarked:BanishingWave","floor":6.0,"key":"SMITH"},{"floor":12.0,"key":"REST"},{"data":"theMarked:EternalStudent","floor":15.0,"key":"SMITH"},{"data":"theMarked:Vacuum","floor":23.0,"key":"SMITH"},{"floor":25.0,"key":"REST"},{"data":"theMarked:Pokerface","floor":29.0,"key":"SMITH"},{"data":"theMarked:Heritage","floor":32.0,"key":"SMITH"},{"floor":42.0,"key":"REST"},{"data":"theMarked:Determination","floor":44.0,"key":"SMITH"},{"data":"theMarked:Frustration","floor":47,"key":"SMITH"},{"data":"theMarked:Memento","floor":49,"key":"SMITH"}],"circlet_count":0,"master_deck":["theMarked:Determination+1","theMarked:Heritage+1","theMarked:BanishingWave+1","theMarked:Frustration+1","theMarked:EternalStudent+1","theMarked:Memento+1","theMarked:Vacuum+1","theMarked:WardOff+1","theMarked:TakeOffHeels+1","theMarked:Pokerface+1","theMarked:Defy+1","Bandage Up","ReplayUltimateDefense+1","Parasite","theMarked:ResourceFulStrike","theMarked:DispelDoubt+1"],"relics":["theMarked:ArtifactOfAir","The Courier","ReplayTheSpireMod:Lightbulb","Meat on the Bone","MerchantsRug","Empty Cage","Ancient Tea Set","Golden Egg","Guardian:GemstoneGun","infinitespire:Beetle Shell","MealTicket","Snecko Eye","ReplayTheSpireMod:Ninjato"],"acts_visited":["Exordium","TheCity","TheBeyond"],"potions_floor_usage":[],"damage_taken":[{"damage":1.0,"enemies":"Jaw Worm","floor":1.0,"turns":4.0},{"damage":5.0,"enemies":"Cultist","floor":3.0,"turns":4.0},{"damage":0.0,"enemies":"Small Slimes","floor":4.0,"turns":4.0},{"damage":8.0,"enemies":"Exordium Thugs","floor":5.0,"turns":6.0},{"damage":3.0,"enemies":"3 Louse","floor":7.0,"turns":3.0},{"damage":15.0,"enemies":"Gremlin Nob","floor":8.0,"turns":4.0},{"damage":14.0,"enemies":"Replay:BlueRogue","floor":10.0,"turns":5.0},{"damage":12.0,"enemies":"Blue Slaver","floor":13.0,"turns":2.0},{"damage":33.0,"enemies":"Hexaghost","floor":16.0,"turns":7.0},{"damage":36.0,"enemies":"2 Thieves","floor":18.0,"turns":4.0},{"damage":10.0,"enemies":"Chosen","floor":20.0,"turns":3.0},{"damage":8.0,"enemies":"Centurion and Healer","floor":22.0,"turns":4.0},{"damage":16.0,"enemies":"Chosen and Byrds","floor":24.0,"turns":5.0},{"damage":0.0,"enemies":"Snake Plant","floor":28.0,"turns":2.0},{"damage":6.0,"enemies":"Shelled Parasite and Fungi","floor":30.0,"turns":3.0},{"damage":4.0,"enemies":"Collector","floor":33.0,"turns":4.0},{"damage":15.0,"enemies":"Orb Walker","floor":35.0,"turns":3.0},{"damage":17.0,"enemies":"3 Shapes","floor":39.0,"turns":4.0},{"damage":31.0,"enemies":"Giant Head","floor":40.0,"turns":10.0},{"damage":0.0,"enemies":"Writhing Mass","floor":45.0,"turns":3.0},{"damage":0,"enemies":"Jaw Worm Horde","floor":46,"turns":3},{"damage":8,"enemies":"Sphere and 2 Shapes","floor":48,"turns":5},{"damage":36,"enemies":"Replay:Hell Engine","floor":50,"turns":6}],"seed_played":"-6275530571883356726","potions_obtained":[{"floor":3.0,"key":"FearPotion"},{"floor":8.0,"key":"DistilledChaos"},{"floor":13.0,"key":"GamblersBrew"},{"floor":20.0,"key":"Venom Potion"},{"floor":33.0,"key":"Cursed Concoction"},{"floor":35.0,"key":"SpeedPotion"},{"floor":40.0,"key":"potionbrewer:SplittingPotion"},{"floor":45,"key":"Dexterity Potion"}],"is_trial":false,"path_per_floor":["M","?","M","M","M","R","M","E","T","E","$","R","M","?","R","B",null,"M","?","M","$","M","R","M","R","T","?","M","R","M","?","R","B",null,"M","?","?","?","M","E","AVR","R","T","R","M","M","R","M","R","B",null],"character_chosen":"THE_DEFAULT","items_purchased":["MerchantsRug","Golden Egg","theMarked:MysticalArsenal"],"campfire_rested":3,"item_purchase_floors":[11,21,21],"current_hp_per_floor":[69,69,64,64,56,56,53,38,38,24,24,45,45,45,45,24,70,46,46,36,36,40,40,36,57,57,70,70,70,64,64,64,60,70,55,55,55,70,57,42,42,63,63,63,67,67,67,62,62,42],"gold":385,"neow_bonus":"REMOVE_CARD","is_daily":false,"chose_seed":false,"campfire_upgraded":8,"win_rate":0.0,"timestamp":1613154381,"path_taken":["M","?","M","?","M","R","M","E","T","E","$","R","M","?","R","BOSS","M","?","M","$","M","R","M","R","T","?","M","R","M","?","R","BOSS","M","?","?","?","M","E","AVR","R","T","R","?","M","R","M","R","BOSS"],"items_purchased_type":["Relic","Relic","Card"],"build_version":"2020-12-22","purchased_purges":10,"victory":true,"max_hp_per_floor":[70,70,70,70,70,70,70,70,70,70,70,70,70,70,70,70,70,70,70,70,70,70,70,70,70,70,70,70,70,70,70,70,70,70,70,70,70,70,70,70,70,70,70,70,70,70,70,70,70,70],"relic_stats":{"counters":[23,98],"Snecko Eye":[41,36,49,32],"MealTicket":0,"obtain_stats":[{"MerchantsRug":11,"Golden Egg":21,"ReplayTheSpireMod:Ninjato":43,"Guardian:GemstoneGun":26,"The Courier":8,"infinitespire:Beetle Shell":40,"Empty Cage":17,"Ancient Tea Set":19,"theMarked:ArtifactOfAir":0,"Snecko Eye":41,"MealTicket":41,"ReplayTheSpireMod:Lightbulb":9,"Meat on the Bone":10},{"MerchantsRug":7,"Golden Egg":11,"ReplayTheSpireMod:Ninjato":19,"Guardian:GemstoneGun":13,"The Courier":6,"infinitespire:Beetle Shell":19,"Empty Cage":9,"Ancient Tea Set":10,"theMarked:ArtifactOfAir":0,"Snecko Eye":19,"MealTicket":19,"ReplayTheSpireMod:Lightbulb":6,"Meat on the Bone":7},{"MerchantsRug":30,"Golden Egg":46,"ReplayTheSpireMod:Ninjato":81,"Guardian:GemstoneGun":55,"The Courier":25,"infinitespire:Beetle Shell":81,"Empty Cage":39,"Ancient Tea Set":43,"theMarked:ArtifactOfAir":0,"Snecko Eye":81,"MealTicket":81,"ReplayTheSpireMod:Lightbulb":25,"Meat on the Bone":30}],"Meat on the Bone":84},"card_choices":[{"not_picked":["theMarked:WastefulAttack","theMarked:Panic"],"picked":"theMarked:Determination","floor":1.0},{"not_picked":["theMarked:SwordAndMagic","theMarked:StartUp"],"picked":"theMarked:CreepingChasm","floor":3.0},{"not_picked":["theMarked:Memento","theMarked:HeightenedSenses"],"picked":"theMarked:Heritage","floor":4.0},{"not_picked":["theMarked:ShockingTouch","theMarked:TakeCover"],"picked":"theMarked:BanishingWave","floor":5.0},{"not_picked":["theMarked:MuscleMemory","theMarked:SwordAndMagic"],"picked":"theMarked:Frustration","floor":7.0},{"not_picked":["theMarked:Determination","theMarked:StartUp"],"picked":"theMarked:EternalStudent","floor":8.0},{"not_picked":["theMarked:SwordAndMagic","theMarked:StartUp"],"picked":"theMarked:Memento","floor":10.0},{"not_picked":["theMarked:ChannelForce","theMarked:Frustration","theMarked:Parkour"],"picked":"SKIP","floor":13.0},{"not_picked":["theMarked:EternalStudent","theMarked:ThrowWeapon"],"picked":"theMarked:Vacuum","floor":16.0},{"not_picked":["theMarked:WastefulAttack","theMarked:TwofoldDefense","theMarked:HeightenedSenses"],"picked":"SKIP","floor":18.0},{"not_picked":["theMarked:TwofoldDefense+1","theMarked:Improvise"],"picked":"theMarked:WardOff+1","floor":20.0},{"not_picked":["theMarked:HeightenedSenses+1","theMarked:ParalyzingBlade"],"picked":"theMarked:TakeOffHeels","floor":22.0},{"not_picked":["theMarked:ElectricStrings","theMarked:Aftermath","theMarked:ResourceFulStrike"],"picked":"SKIP","floor":24.0},{"not_picked":["theMarked:SwordAndMagic","theMarked:RepellingDischarge"],"picked":"theMarked:Pokerface","floor":28.0},{"not_picked":["theMarked:Standoff","theMarked:ResourceFulStrike","theMarked:RepellingDischarge"],"picked":"SKIP","floor":30.0},{"not_picked":["theMarked:TurnInvisible","theMarked:Snap"],"picked":"theMarked:Defy","floor":33.0},{"not_picked":["theMarked:RepellingDischarge","theMarked:Frustration","theMarked:Improvise+1"],"picked":"SKIP","floor":35.0},{"not_picked":["Crow Ritual","Survey Options"],"picked":"Bandage Up","floor":37.0},{"not_picked":["Madness","ReplayTheSpireMod:Trickstab"],"picked":"ReplayUltimateDefense","floor":37.0},{"not_picked":["theMarked:TheMission+1","theMarked:TakeCover+1","theMarked:WastefulAttack+1"],"picked":"SKIP","floor":39.0},{"not_picked":["theMarked:WardOff+1","theMarked:HeightenedSenses","theMarked:Improvise+1"],"picked":"SKIP","floor":40.0},{"not_picked":["theMarked:TwofoldDefense+1","theMarked:Electrify","theMarked:Parry+1"],"picked":"SKIP","floor":45},{"not_picked":["theMarked:Improvise+1","theMarked:TwofoldDefense+1"],"picked":"theMarked:ResourceFulStrike","floor":46},{"not_picked":["theMarked:SwordAndMagic+1","theMarked:EmpowerWeapon+1"],"picked":"theMarked:DispelDoubt","floor":48}],"player_experience":865083,"relics_obtained":[{"floor":8.0,"key":"The Courier"},{"floor":9.0,"key":"ReplayTheSpireMod:Lightbulb"},{"floor":10.0,"key":"Meat on the Bone"},{"floor":26.0,"key":"Guardian:GemstoneGun"},{"floor":40.0,"key":"infinitespire:Beetle Shell"},{"floor":43.0,"key":"ReplayTheSpireMod:Ninjato"}],"event_choices":[{"damage_healed":0.0,"max_hp_gain":0.0,"max_hp_loss":0.0,"gold_gain":100.0,"event_name":"Golden Shrine","player_choice":"Pray","floor":2.0,"gold_loss":0.0,"damage_taken":0.0},{"cards_removed":["theMarked:SoldierOfQuellstein"],"damage_healed":0.0,"max_hp_gain":0.0,"max_hp_loss":0.0,"gold_gain":0.0,"event_name":"betterNote:BetterNote","player_choice":"Give","floor":14.0,"gold_loss":0.0,"damage_taken":0.0,"cards_obtained":["None"]},{"damage_healed":0.0,"max_hp_gain":0.0,"max_hp_loss":0.0,"gold_gain":0.0,"event_name":"The Mausoleum","player_choice":"Opened","floor":19.0,"gold_loss":0.0,"damage_taken":0.0,"relics_obtained":["Ancient Tea Set"],"cards_obtained":["Writhe"]},{"damage_healed":23.0,"max_hp_gain":0.0,"max_hp_loss":0.0,"gold_gain":0.0,"event_name":"The Library","player_choice":"Heal","floor":27.0,"gold_loss":0.0,"damage_taken":0.0},{"cards_removed":["theMarked:MysticalArsenal"],"damage_healed":0.0,"max_hp_gain":0.0,"max_hp_loss":0.0,"gold_gain":0.0,"event_name":"Falling","player_choice":"Removed Power","floor":36.0,"gold_loss":0.0,"damage_taken":0.0},{"damage_healed":0.0,"max_hp_gain":0.0,"max_hp_loss":0.0,"gold_gain":3.0,"event_name":"betterStone:BetterStone","player_choice":"1","floor":37.0,"gold_loss":0.0,"damage_taken":0.0},{"damage_healed":18.0,"max_hp_gain":0.0,"max_hp_loss":0.0,"gold_gain":0.0,"event_name":"Winding Halls","player_choice":"Writhe","floor":38.0,"gold_loss":0.0,"damage_taken":0.0,"cards_obtained":["Writhe"]}],"is_beta":false,"boss_relics":[{"not_picked":["reliquary:Ember","Replay:Grab Bag"],"picked":"Empty Cage"},{"not_picked":["Velvet Choker","Philosopher\u0027s Stone","reliquary:RedPaperclip"]}],"items_purged_floors":[11,11,11,11,11,11,11,11,21,41],"is_endless":false,"potions_floor_spawned":[3,8,13,20,33,35,40,45,46],"ascension_level":0}}