{"host":"4rvakrj1idbgia3f","time":1613123448,"event":{"mods":["BaseMod","Colored Map","Colored Powertips","DeckTracker","Highlight Path","Minty Spire (QoL Compilation)","Random Character Button","StSLib"],"gold_per_floor":[117,137,29,43,63,63,78,78,78,108,108,139,214,230,230,301,301,315,265,284,7,18,49,68,68,94,94,104,104,115,125,125,200,200,200,200],"floor_reached":35,"language":"JPN","playtime":1268,"items_purged":[],"score":882,"play_id":"340f199f-e204-4a13-9d7f-28edf2c7d72d","local_time":"20210212185048","is_ascension_mode":true,"campfire_choices":[{"data":"Whirlwind","floor":6,"key":"SMITH"},{"data":"Sever Soul","floor":8,"key":"SMITH"},{"data":"Carnage","floor":11,"key":"SMITH"},{"data":"Berserk","floor":15,"key":"SMITH"},{"data":"Trip","floor":25,"key":"SMITH"},{"floor":27,"key":"REST"},{"floor":32,"key":"REST"}],"circlet_count":0,"master_deck":["AscendersBane","Strike_R","Strike_R","Defend_R","Defend_R","Defend_R","Defend_R","Bash","Trip+1","Sever Soul+1","Whirlwind+1","Flash of Steel","Pommel Strike","Iron Wave","Carnage+1","Berserk+1","Offering","Iron Wave+1","Uppercut","Offering+1","Evolve","Cleave","True Grit+1","Offering+1"],"relics":["Burning Blood","Mercury Hourglass","Lizard Tail","Blue Candle","SlaversCollar","Toxic Egg 2","Anchor","PreservedInsect","Empty Cage"],"acts_visited":["Exordium","TheCity","TheBeyond"],"potions_floor_usage":[12,24,33],"damage_taken":[{"damage":1,"enemies":"Cultist","floor":1,"turns":3},{"damage":2,"enemies":"Jaw Worm","floor":2,"turns":4},{"damage":5,"enemies":"Small Slimes","floor":4,"turns":3},{"damage":12,"enemies":"Exordium Thugs","floor":5,"turns":3},{"damage":0,"enemies":"2 Fungi Beasts","floor":7,"turns":2},{"damage":20,"enemies":"Lagavulin","floor":10,"turns":5},{"damage":0,"enemies":"Gremlin Nob","floor":12,"turns":2},{"damage":8,"enemies":"Exordium Wildlife","floor":14,"turns":2},{"damage":50,"enemies":"Hexaghost","floor":16,"turns":8},{"damage":7,"enemies":"Spheric Guardian","floor":18,"turns":3},{"damage":16,"enemies":"2 Thieves","floor":20,"turns":3},{"damage":19,"enemies":"Snake Plant","floor":22,"turns":2},{"damage":12,"enemies":"Gremlin Leader","floor":23,"turns":3},{"damage":13,"enemies":"Shelled Parasite and Fungi","floor":24,"turns":2},{"damage":6,"enemies":"Chosen and Byrds","floor":28,"turns":4},{"damage":12,"enemies":"Cultist and Chosen","floor":30,"turns":3},{"damage":12,"enemies":"Snake Plant","floor":31,"turns":2},{"damage":124,"enemies":"Champ","floor":33,"turns":9},{"damage":63,"enemies":"3 Shapes","floor":35,"turns":4}],"seed_played":"-5634233332096543639","potions_obtained":[{"floor":4,"key":"GamblersBrew"},{"floor":7,"key":"SteroidPotion"},{"floor":14,"key":"BloodPotion"},{"floor":20,"key":"SpeedPotion"},{"floor":33,"key":"BlessingOfTheForge"}],"is_trial":false,"path_per_floor":["M","M","$","M","M","R","M","R","T","E","R","E","?","M","R","B",null,"M","?","M","$","M","E","M","R","T","R","M","?","M","M","R","B",null,"M"],"character_chosen":"IRONCLAD","items_purchased":["Flash of Steel","Toxic Egg 2"],"campfire_rested":2,"item_purchase_floors":[3,21],"current_hp_per_floor":[73,75,75,75,69,69,75,75,75,61,61,67,56,54,54,10,59,58,58,48,48,35,29,22,22,22,44,44,44,38,32,54,8,58,0,0],"gold":200,"neow_bonus":"RANDOM_COLORLESS","is_daily":false,"chose_seed":false,"campfire_upgraded":5,"win_rate":0.0,"timestamp":1613123448,"path_taken":["M","M","?","M","?","R","M","R","T","E","R","E","?","M","R","BOSS","M","?","M","$","?","E","M","R","T","R","M","?","M","M","R","BOSS","M"],"items_purchased_type":["Card","Relic"],"build_version":"2020-12-22","purchased_purges":0,"victory":false,"max_hp_per_floor":[75,75,75,75,75,75,75,75,75,75,75,75,75,75,75,75,75,75,75,75,75,75,75,75,75,75,75,75,75,75,75,75,75,75,75,75],"card_choices":[{"not_picked":["Dramatic Entrance","Mind Blast"],"picked":"Trip","floor":0},{"not_picked":["Warcry","Seeing Red"],"picked":"Sever Soul","floor":1},{"not_picked":["Flex","Thunderclap"],"picked":"Whirlwind","floor":2},{"not_picked":["Heavy Blade","Metallicize"],"picked":"Pommel Strike","floor":4},{"not_picked":["Armaments","Rampage","Iron Wave"],"picked":"SKIP","floor":7},{"not_picked":["Armaments","Rampage"],"picked":"Iron Wave","floor":7},{"not_picked":["Thunderclap","Headbutt"],"picked":"Carnage","floor":10},{"not_picked":["Perfected Strike","Uppercut"],"picked":"Berserk","floor":12},{"not_picked":["Clash","Infernal Blade","Warcry"],"picked":"SKIP","floor":14},{"not_picked":["Berserk","Reaper"],"picked":"Offering","floor":16},{"not_picked":["Havoc","Body Slam"],"picked":"Iron Wave+1","floor":18},{"not_picked":["Havoc","Wild Strike"],"picked":"Uppercut","floor":20},{"not_picked":["Twin Strike","Power Through+1"],"picked":"Offering+1","floor":22},{"not_picked":["Clothesline","Shockwave+1"],"picked":"Evolve","floor":23},{"not_picked":["Armaments+1","Anger","Rupture"],"picked":"SKIP","floor":24},{"not_picked":["Sword Boomerang","Clash","Anger+1"],"picked":"SKIP","floor":28},{"not_picked":["Headbutt","Flex+1","Pummel+1"],"picked":"SKIP","floor":30},{"not_picked":["Warcry+1","Perfected Strike"],"picked":"True Grit+1","floor":31},{"not_picked":["Brutality","Berserk"],"picked":"Offering+1","floor":33}],"player_experience":2308437,"relics_obtained":[{"floor":9,"key":"Mercury Hourglass"},{"floor":10,"key":"Lizard Tail"},{"floor":12,"key":"Blue Candle"},{"floor":23,"key":"Anchor"},{"floor":26,"key":"PreservedInsect"}],"event_choices":[{"damage_healed":0,"gold_gain":75,"player_choice":"Gather Gold","damage_taken":11,"max_hp_gain":0,"max_hp_loss":0,"event_name":"World of Goop","floor":13,"gold_loss":0},{"damage_healed":0,"gold_gain":0,"player_choice":"Bet on Owner","damage_taken":0,"max_hp_gain":0,"max_hp_loss":0,"event_name":"The Joust","floor":19,"gold_loss":50},{"damage_healed":0,"gold_gain":0,"cards_transformed":["Strike_R"],"player_choice":"Transformed","damage_taken":0,"max_hp_gain":0,"max_hp_loss":0,"event_name":"Transmorgrifier","floor":29,"gold_loss":0,"cards_obtained":["Cleave"]}],"is_beta":false,"boss_relics":[{"not_picked":["Busted Crown","Velvet Choker"],"picked":"SlaversCollar"},{"not_picked":["Black Star","Tiny House"],"picked":"Empty Cage"}],"items_purged_floors":[],"is_endless":false,"potions_floor_spawned":[4,7,14,20,22,23,33],"killed_by":"3 Shapes","ascension_level":20}}