{"host":"lv3zv4svf9qrs9uo","time":1613094700,"event":{"mods":["AchievementEnabler","BaseMod","Minty Spire (QoL Compilation)","Relic Stats"],"gold_per_floor":[119,119,138,151,171,171,211,211,238,238,277,295,295,314,314,440,440,453,468,468,13,36,36,36],"floor_reached":23,"language":"ENG","playtime":2577,"items_purged":["Strike_B"],"score":294,"play_id":"90ba3e0f-6cd1-49cb-841e-62745c927c7a","local_time":"20210211175140","is_ascension_mode":true,"campfire_choices":[{"data":"Zap","floor":6.0,"key":"SMITH"},{"data":"Fusion","floor":8.0,"key":"SMITH"},{"floor":10.0,"key":"REST"},{"floor":13.0,"key":"REST"},{"data":"Defragment","floor":15.0,"key":"SMITH"}],"circlet_count":0,"master_deck":["Strike_B","Strike_B","Strike_B","Defend_B","Defend_B","Defend_B","Defend_B","Zap+1","Dualcast","Steam","Chaos","All For One","Fusion+1","Reinforced Body","Ball Lightning","Compile Driver","Defragment","Defragment+1","Hologram","Electrodynamics","Leap+1","Self Repair","Defragment","Hologram"],"relics":["FrozenCore","Dead Branch","Golden Idol","Art of War","Dream Catcher","MealTicket","Happy Flower","Chemical X"],"acts_visited":["Exordium","TheCity"],"potions_floor_usage":[23,23],"damage_taken":[{"damage":7.0,"enemies":"Small Slimes","floor":1.0,"turns":3.0},{"damage":0.0,"enemies":"2 Louse","floor":3.0,"turns":3.0},{"damage":1.0,"enemies":"Jaw Worm","floor":4.0,"turns":3.0},{"damage":5.0,"enemies":"Gremlin Gang","floor":5.0,"turns":3.0},{"damage":26.0,"enemies":"Lagavulin","floor":7.0,"turns":7.0},{"damage":23.0,"enemies":"3 Sentries","floor":11.0,"turns":8.0},{"damage":2.0,"enemies":"2 Fungi Beasts","floor":12.0,"turns":3.0},{"damage":0.0,"enemies":"Large Slime","floor":14.0,"turns":4.0},{"damage":14.0,"enemies":"Slime Boss","floor":16.0,"turns":8.0},{"damage":10.0,"enemies":"Spheric Guardian","floor":18.0,"turns":4.0},{"damage":29.0,"enemies":"3 Byrds","floor":19.0,"turns":3.0},{"damage":7.0,"enemies":"Snake Plant","floor":22.0,"turns":6.0},{"damage":26,"enemies":"Book of Stabbing","floor":23,"turns":5}],"seed_played":"-2878563171975913004","potions_obtained":[{"floor":3.0,"key":"Explosive Potion"},{"floor":4.0,"key":"Dexterity Potion"},{"floor":7.0,"key":"SteroidPotion"},{"floor":12.0,"key":"SkillPotion"},{"floor":16.0,"key":"Dexterity Potion"},{"floor":22.0,"key":"ColorlessPotion"}],"is_trial":false,"path_per_floor":["M","?","M","M","M","R","E","R","T","R","E","M","R","M","R","B",null,"M","M","?","$","M","E"],"character_chosen":"DEFECT","items_purchased":["Happy Flower","Chemical X","Defragment"],"campfire_rested":2,"item_purchase_floors":[21,21,21],"current_hp_per_floor":[43,43,43,42,37,37,11,11,11,31,8,6,26,26,26,12,55,45,16,16,31,24,0,0],"gold":36,"neow_bonus":"ONE_RARE_RELIC","is_daily":false,"chose_seed":false,"campfire_upgraded":3,"win_rate":0.0,"timestamp":1613094700,"path_taken":["M","?","M","M","M","R","E","R","T","R","E","M","R","M","R","BOSS","M","M","?","$","M","E"],"items_purchased_type":["Relic","Relic","Card"],"build_version":"2020-12-22","purchased_purges":1,"victory":false,"max_hp_per_floor":[75,69,69,69,69,69,69,69,69,69,69,69,69,69,69,69,69,69,69,69,69,69,69,69],"relic_stats":{"Dream Catcher":2,"Happy Flower":[3],"counters":[13,60],"Golden Idol":71,"Dead Branch":[21],"MealTicket":15,"Art of War":[11],"Chemical X":[4],"obtain_stats":[{"Dream Catcher":9,"Happy Flower":21,"Golden Idol":2,"Dead Branch":0,"MealTicket":11,"Art of War":7,"Chemical X":21,"Cracked Core":0,"FrozenCore":17},{"Dream Catcher":5,"Happy Flower":11,"Golden Idol":1,"Dead Branch":0,"MealTicket":6,"Art of War":5,"Chemical X":11,"Cracked Core":0,"FrozenCore":9},{"Dream Catcher":19,"Happy Flower":49,"Golden Idol":3,"Dead Branch":0,"MealTicket":27,"Art of War":19,"Chemical X":49,"Cracked Core":0,"FrozenCore":42}],"FrozenCore":[5]},"card_choices":[{"not_picked":["Compile Driver","Redo"],"picked":"Steam","floor":1.0},{"not_picked":["Rebound","Turbo"],"picked":"Chaos","floor":3.0},{"not_picked":["Sweeping Beam","Conserve Battery"],"picked":"All For One","floor":4.0},{"not_picked":["Redo","Stack"],"picked":"Fusion","floor":5.0},{"not_picked":["Streamline","Stack"],"picked":"Reinforced Body","floor":7.0},{"not_picked":["Compile Driver","Recycle"],"picked":"Ball Lightning","floor":10.0},{"not_picked":["Aggregate","Conserve Battery"],"picked":"Compile Driver","floor":11.0},{"not_picked":["Beam Cell","Ball Lightning"],"picked":"Defragment","floor":12.0},{"not_picked":["FTL","Buffer"],"picked":"Defragment","floor":13.0},{"not_picked":["Steam Power","Ball Lightning"],"picked":"Hologram","floor":14.0},{"not_picked":["Hyperbeam","Thunder Strike"],"picked":"Electrodynamics","floor":16.0},{"not_picked":["Reinforced Body","Rebound+1"],"picked":"Leap+1","floor":18.0},{"not_picked":["Go for the Eyes","Darkness+1"],"picked":"Self Repair","floor":19.0},{"not_picked":["Sweeping Beam","Lockon"],"picked":"Hologram","floor":22.0}],"player_experience":569271,"relics_obtained":[{"floor":7.0,"key":"Art of War"},{"floor":9.0,"key":"Dream Catcher"},{"floor":11.0,"key":"MealTicket"}],"event_choices":[{"damage_healed":0.0,"max_hp_gain":0.0,"max_hp_loss":6.0,"gold_gain":0.0,"event_name":"Golden Idol","player_choice":"Lose Max HP","floor":2.0,"gold_loss":0.0,"damage_taken":0.0,"relics_obtained":["Golden Idol"]},{"damage_healed":0.0,"max_hp_gain":0.0,"max_hp_loss":0.0,"gold_gain":0.0,"event_name":"Cursed Tome","player_choice":"Ignored","floor":20.0,"gold_loss":0.0,"damage_taken":0.0}],"is_beta":false,"boss_relics":[{"not_picked":["Fusion Hammer","SacredBark"],"picked":"FrozenCore"}],"items_purged_floors":[21],"is_endless":false,"potions_floor_spawned":[3,4,7,12,16,22],"killed_by":"Book of Stabbing","ascension_level":9}}