{"host":"ocll6kdfqxraqtza","time":1613136016,"event":{"mods":["2.2 Compatiblity","Act Like it!","Arknights","Aspiration","BaseMod","Better Third Choice","Gensokyo","Hallownest","Hermit","Hubris","Jorbs\u0027s Wanderer Trilogy","Luminous","Marisa（霧雨　魔理沙）","Minty Spire (QoL Compilation)","Reimu（博??梦）","Reliquary","Replay The Spire","Shade Mod","StSLib","The Alterego","The Bug Knight","The Cursed","The Hierophant","The Marked","The Runesmith","TheBandit","Wandering Minibosses"],"gold_per_floor":[118,83,83,102,102,102,27,44,67,67,82,110,110,10,10,110,110,130,141,164,184,184,184],"floor_reached":22,"language":"ENG","playtime":471,"items_purged":["ats:Strike V","ats:Defend"],"score":219,"play_id":"7737763f-557d-4496-b4fd-85ed8d717d43","local_time":"20210212212016","is_ascension_mode":true,"campfire_choices":[{"data":"Endless Agony","floor":6,"key":"SMITH"},{"data":"ats:Powerful Strike","floor":10,"key":"SMITH"},{"data":"ats:Overload","floor":13,"key":"SMITH"},{"floor":15,"key":"DIG"}],"circlet_count":0,"master_deck":["ats:Strike G","ats:Armor Crushing Shot","ats:Defend","ats:Defend","ats:Emotion Absorption","ats:Overload+1","ats:Automatic Cover","Heel Hook","Endless Agony+1","Catalyst","ats:Powerful Strike+1","ats:Hammer On","ats:Blood Oath","ats:Volcano","ats:Shell Defense","ats:Hook Shot","ats:Revitalization"],"relics":["ats:Sanity","NeowsBlessing","Hallownest:DreamNailRelic","ReplayFunnel","ats:Originium","Gremlin Food","HollowMod:LifeEnderRelic","Sozu"],"acts_visited":["Hallownest:Greenpath","TheCity"],"potions_floor_usage":[],"damage_taken":[{"damage":0,"enemies":"Hallownest:monsterHuskGuard","floor":1,"turns":1},{"damage":0,"enemies":"2_ Uuma","floor":4,"turns":1},{"damage":0,"enemies":"Hallownest:2_Baldur","floor":8,"turns":1},{"damage":4,"enemies":"Hallownest:2_Tiktiks_1_Baldur_1_Crawlid","floor":11,"turns":5},{"damage":0,"enemies":"Hallownest:eliteVengeflyKing","floor":12,"turns":6},{"damage":48,"enemies":"Hallownest:BossFalseKnight","floor":16,"turns":8},{"damage":20,"enemies":"3 Byrds","floor":18,"turns":4},{"damage":31,"enemies":"Snake Plant","floor":19,"turns":4},{"damage":23,"enemies":"Sentry and Sphere","floor":21,"turns":6}],"seed_played":"7564953569078306637","potions_obtained":[{"floor":1,"key":"Weak Potion"},{"floor":4,"key":"ats:Top Emergency Sanity Potion"},{"floor":16,"key":"MagicPotion:ReiMu"}],"is_trial":false,"path_per_floor":["M","?","?","M","?","R","$","M","T","R","M","E","R","$","R","B",null,"M","M","T","M","?"],"character_chosen":"DOCTOR_CLASS","items_purchased":[],"campfire_rested":0,"item_purchase_floors":[],"current_hp_per_floor":[72,77,77,77,77,77,77,77,77,77,73,73,73,73,73,31,77,57,29,29,15,0,0],"gold":184,"neow_bonus":"THREE_ENEMY_KILL","is_daily":false,"chose_seed":false,"campfire_upgraded":3,"win_rate":0.0,"timestamp":1613136016,"path_taken":["M","?","?","?","?","R","$","M","T","R","?","E","R","$","R","BOSS","M","M","?","M","?"],"items_purchased_type":[],"build_version":"2020-12-22","purchased_purges":2,"victory":false,"max_hp_per_floor":[72,77,77,77,77,77,77,77,77,77,77,77,77,77,77,77,77,77,77,77,77,77,77],"card_choices":[{"not_picked":["ats:Chain Hook","ats:Hook Shot"],"picked":"ats:Overload","floor":1},{"not_picked":["ats:Flexible Camouflage","ats:Flame Of Heaven"],"picked":"ats:Automatic Cover","floor":4},{"not_picked":["ats:Absolute Focus","ats:Encircling Forest"],"picked":"ats:Powerful Strike","floor":8},{"not_picked":["ats:Very Hot Blade","ats:Chain Hook"],"picked":"ats:Hammer On","floor":11},{"not_picked":["ats:Revitalization","ats:Very Hot Blade"],"picked":"ats:Blood Oath","floor":12},{"not_picked":["ats:Echo Reverb","ats:Durian"],"picked":"ats:Volcano","floor":16},{"not_picked":["ats:Assault Order","ats:Burning Ground"],"picked":"ats:Shell Defense","floor":18},{"not_picked":["ats:Consecutive Shot Auto","ats:Flexible Camouflage"],"picked":"ats:Hook Shot","floor":19},{"not_picked":["ats:Consecutive Shot Auto","ats:Very Hot Blade"],"picked":"ats:Revitalization","floor":21}],"player_experience":532247,"relics_obtained":[{"floor":9,"key":"ReplayFunnel"},{"floor":12,"key":"ats:Originium"},{"floor":12,"key":"Gremlin Food"},{"floor":15,"key":"HollowMod:LifeEnderRelic"}],"event_choices":[],"is_beta":false,"boss_relics":[{"not_picked":["Snecko Eye","Kintsugi"],"picked":"Sozu"}],"items_purged_floors":[7,14],"is_endless":false,"potions_floor_spawned":[1,4,16,19,21],"ascension_level":1}}