{"host":"e8062yfkmywf26f0","time":1613160908,"event":{"mods":["AchievementEnabler","BaseMod","Colored Map","Minty Spire (QoL Compilation)","Quick Restart","Shop Mod","StSLib"],"gold_per_floor":[114,131,131,81,95,133,133,177,226,326,342,342,342,357,357,482,482,505,505,505,10,10,49,64,64,64],"floor_reached":25,"language":"ENG","playtime":1841,"items_purged":[],"score":254,"play_id":"da93fe47-28d1-4475-aa0c-41768da97204","local_time":"20210212201508","is_ascension_mode":false,"campfire_choices":[{"data":"Choke","floor":7,"key":"SMITH"},{"floor":13,"key":"REST"},{"floor":15,"key":"REST"}],"circlet_count":0,"master_deck":["Defend_G+1","Defend_G+1","Defend_G+1","Defend_G+1","Defend_G+1","Survivor","Neutralize","Dagger Spray","Blade Dance","Choke+1","Sucker Punch","All Out Attack","Outmaneuver","Predator","Swift Strike","Dagger Throw","Night Terror","Blade Dance","Crippling Poison","Crippling Poison","Bite","Bite","Bite","Bite","Bite","Poisoned Stab+1","Underhanded Strike"],"relics":["Ring of the Snake","Golden Idol","Question Card","Juzu Bracelet","Ancient Tea Set","Runic Pyramid","Regal Pillow","Orichalcum","DollysMirror","Potion Belt"],"acts_visited":["Exordium","TheCity"],"potions_floor_usage":[8,11,18,24],"damage_taken":[{"damage":0,"enemies":"2 Louse","floor":1,"turns":4},{"damage":0,"enemies":"Jaw Worm","floor":2,"turns":4},{"damage":0,"enemies":"Cultist","floor":5,"turns":3},{"damage":31,"enemies":"Lagavulin","floor":6,"turns":8},{"damage":15,"enemies":"Gremlin Nob","floor":8,"turns":4},{"damage":5,"enemies":"Red Slaver","floor":11,"turns":4},{"damage":10,"enemies":"Large Slime","floor":14,"turns":5},{"damage":46,"enemies":"Slime Boss","floor":16,"turns":12},{"damage":50,"enemies":"Spheric Guardian","floor":18,"turns":6},{"damage":24,"enemies":"Gremlin Leader","floor":23,"turns":7},{"damage":15,"enemies":"Shell Parasite","floor":24,"turns":6},{"damage":29,"enemies":"Snake Plant","floor":25,"turns":4}],"seed_played":"7478088484344670906","potions_obtained":[{"floor":2,"key":"Poison Potion"},{"floor":5,"key":"PowerPotion"},{"floor":8,"key":"Explosive Potion"},{"floor":11,"key":"Fruit Juice"},{"floor":16,"key":"LiquidBronze"},{"floor":23,"key":"Strength Potion"},{"floor":24,"key":"SkillPotion"}],"is_trial":false,"path_per_floor":["M","M","?","?","M","E","R","E","T","?","M","?","R","M","R","B",null,"M","?","?","$","?","E","M","M"],"character_chosen":"THE_SILENT","items_purchased":["Crippling Poison","Regal Pillow","Orichalcum","DollysMirror"],"campfire_rested":2,"item_purchase_floors":[21,21,21,21],"current_hp_per_floor":[77,77,77,77,77,46,46,31,31,31,31,31,55,45,69,23,82,32,32,32,32,32,20,15,0,0],"gold":64,"neow_bonus":"TEN_PERCENT_HP_BONUS","is_daily":false,"chose_seed":false,"campfire_upgraded":1,"win_rate":0.0,"timestamp":1613160908,"path_taken":["M","M","?","?","M","E","R","E","T","?","M","?","R","M","R","BOSS","M","?","?","$","?","E","M","M"],"items_purchased_type":["Card","Relic","Relic","Relic"],"build_version":"2020-12-22","purchased_purges":0,"victory":false,"max_hp_per_floor":[77,77,77,77,77,77,77,77,77,77,82,82,82,82,82,82,82,82,82,82,82,82,82,82,82,82],"card_choices":[{"not_picked":["Escape Plan","Dash"],"picked":"Dagger Spray","floor":1},{"not_picked":["Backflip","Noxious Fumes"],"picked":"Blade Dance","floor":2},{"not_picked":["Footwork","Backflip"],"picked":"Choke","floor":5},{"not_picked":["Heel Hook","Flechettes"],"picked":"Sucker Punch","floor":6},{"not_picked":["Leg Sweep","Blade Dance","Heel Hook"],"picked":"All Out Attack","floor":8},{"not_picked":["Quick Slash","Sucker Punch","Backflip"],"picked":"Outmaneuver","floor":11},{"not_picked":["Quick Slash","PiercingWail","All Out Attack"],"picked":"Dagger Throw","floor":14},{"not_picked":["Bullet Time","Unload","Malaise"],"picked":"Night Terror","floor":16},{"not_picked":["Dagger Throw","Prepared","Sucker Punch"],"picked":"Blade Dance","floor":18},{"not_picked":["Bouncing Flask+1","Footwork","Acrobatics+1"],"picked":"Poisoned Stab+1","floor":23},{"not_picked":["Malaise","Skewer+1","Backflip"],"picked":"Underhanded Strike","floor":24}],"player_experience":62211,"relics_obtained":[{"floor":6,"key":"Question Card"},{"floor":8,"key":"Juzu Bracelet"},{"floor":9,"key":"Ancient Tea Set"},{"floor":23,"key":"Potion Belt"}],"event_choices":[{"damage_healed":0,"gold_gain":0,"player_choice":"Take Wound","damage_taken":0,"relics_obtained":["Golden Idol"],"max_hp_gain":0,"max_hp_loss":0,"event_name":"Golden Idol","floor":3,"gold_loss":0,"cards_obtained":["Injury"]},{"cards_removed":["Injury"],"damage_healed":0,"gold_gain":0,"player_choice":"Card Removal","damage_taken":0,"max_hp_gain":0,"max_hp_loss":0,"event_name":"The Cleric","floor":4,"gold_loss":50},{"damage_healed":0,"gold_gain":100,"player_choice":"Pray","damage_taken":0,"max_hp_gain":0,"max_hp_loss":0,"event_name":"Golden Shrine","floor":10,"gold_loss":0},{"damage_healed":0,"gold_gain":0,"player_choice":"2 cards matched","damage_taken":0,"max_hp_gain":0,"max_hp_loss":0,"event_name":"Match and Keep!","floor":12,"gold_loss":0,"cards_obtained":["Predator","Swift Strike"]},{"damage_healed":0,"gold_gain":0,"player_choice":"Simplicity","damage_taken":0,"max_hp_gain":0,"max_hp_loss":0,"event_name":"Back to Basics","floor":19,"gold_loss":0,"cards_upgraded":["Strike_G","Strike_G","Strike_G","Strike_G","Strike_G","Defend_G","Defend_G","Defend_G","Defend_G","Defend_G"]},{"damage_healed":0,"gold_gain":0,"player_choice":"Opened","damage_taken":0,"relics_obtained":["Blood Vial"],"max_hp_gain":0,"max_hp_loss":0,"event_name":"The Mausoleum","floor":20,"gold_loss":0},{"damage_healed":0,"gold_gain":0,"player_choice":"Became a vampire (Vial)","damage_taken":0,"max_hp_gain":0,"max_hp_loss":0,"event_name":"Vampires","floor":22,"relics_lost":["Blood Vial"],"gold_loss":0,"cards_obtained":["Bite","Bite","Bite","Bite","Bite"]}],"is_beta":false,"boss_relics":[{"not_picked":["Ectoplasm","SacredBark"],"picked":"Runic Pyramid"}],"items_purged_floors":[],"is_endless":false,"potions_floor_spawned":[2,5,8,11,16,23,24],"killed_by":"Snake Plant","ascension_level":0}}