{"host":"xxj0bkgoog7xyy18","time":1613160322,"event":{"mods":["BaseMod","Colored Map","Colored Powertips","Downfall","Googly Eyes","Minty Spire (QoL Compilation)","StSLib"],"gold_per_floor":[99,114,126,141,153,171,171,171,189,214,227,227,27,45,62,167,167,167,180,192,208,29,29,56,82,96,115,115,131,144,144,144,144],"floor_reached":31,"language":"ENG","playtime":2512,"items_purged":["champ:Strike"],"score":267,"play_id":"ea074455-e626-46e5-9bc2-0a431db37b53","local_time":"20210212130522","is_ascension_mode":false,"campfire_choices":[{"floor":1,"key":"RECALL"},{"data":"champ:StanceDance","floor":13,"key":"SMITH"},{"data":"champ:DancingMaster","floor":18,"key":"SMITH"},{"data":"Dramatic Entrance","floor":23,"key":"SMITH"}],"circlet_count":0,"master_deck":["champ:Strike","champ:Strike","champ:Strike","champ:Defend","champ:Defend","champ:Defend","champ:Defend","champ:Execute","champ:Taunt","champ:RapidStrikes","champ:GutPunch","champ:GutPunch","champ:DefensiveShout","champ:BringItOn","champ:StanceDance+1","champ:BerserkersShout","champ:ShieldSlam","champ:FanOfKnives","champ:TornadoPunch","champ:DancingMaster+1","champ:PreciseThrust","champ:PreciseThrust+1","Dramatic Entrance+1"],"relics":["champ:ChampionCrown","Torii","downfall:HeartBlessingRed","downfall:HeartBlessingGreen","Philosopher\u0027s Stone","Ice Cream","downfall:RedIOU"],"acts_visited":["Exordium","TheCity"],"potions_floor_usage":[10,16,16,21,22,27,29,29],"damage_taken":[{"damage":15,"enemies":"Cultist","floor":2,"turns":4},{"damage":7,"enemies":"2 Louse","floor":3,"turns":3},{"damage":12,"enemies":"Small Slimes","floor":4,"turns":3},{"damage":55,"enemies":"Gremlin Gang","floor":5,"turns":5},{"damage":20,"enemies":"2 Fungi Beasts","floor":6,"turns":4},{"damage":11,"enemies":"Exordium Wildlife","floor":9,"turns":3},{"damage":45,"enemies":"3 Sentries","floor":10,"turns":10},{"damage":26,"enemies":"Exordium Thugs","floor":11,"turns":6},{"damage":21,"enemies":"Gremlin Gang","floor":14,"turns":5},{"damage":36,"enemies":"Large Slime","floor":15,"turns":5},{"damage":38,"enemies":"IC_STATUS_ARCHETYPE","floor":16,"turns":8},{"damage":15,"enemies":"Spheric Guardian","floor":19,"turns":3},{"damage":58,"enemies":"Snake Plant","floor":20,"turns":6},{"damage":15,"enemies":"Chosen and Byrds","floor":21,"turns":5},{"damage":25,"enemies":"downfall:FleeingMerchant","floor":22,"turns":4},{"damage":60,"enemies":"Book of Stabbing","floor":25,"turns":7},{"damage":37,"enemies":"Snecko","floor":26,"turns":5},{"damage":8,"enemies":"Shelled Parasite and Fungi","floor":27,"turns":4},{"damage":23,"enemies":"Centurion and Healer","floor":29,"turns":6},{"damage":5,"enemies":"3 Cultists","floor":30,"turns":3},{"damage":16,"enemies":"Chosen and Byrds","floor":31,"turns":3}],"seed_played":"699884473238115395","potions_obtained":[{"floor":2,"key":"FairyPotion"},{"floor":5,"key":"Strength Potion"},{"floor":9,"key":"champ:CounterPotion"},{"floor":11,"key":"LiquidMemories"},{"floor":14,"key":"LiquidMemories"},{"floor":16,"key":"Weak Potion"},{"floor":19,"key":"Slimebound:ThreeZeroPotion"},{"floor":20,"key":"AttackPotion"},{"floor":21,"key":"Swift Potion"},{"floor":22,"key":"GamblersBrew"},{"floor":25,"key":"Energy Potion"},{"floor":27,"key":"Weak Potion"}],"is_trial":false,"path_per_floor":["R","M","M","M","M","M","T","?","M","E","M","?","R","M","M","B",null,"R","M","M","M","$","R","T","E","M","M","?","M","M","M"],"character_chosen":"THE_CHAMP","items_purchased":["Dramatic Entrance"],"campfire_rested":0,"item_purchase_floors":[22],"current_hp_per_floor":[99,94,87,85,45,40,40,45,44,13,40,40,40,39,28,25,104,104,104,71,71,71,71,71,31,9,9,9,7,7,0,0,0],"gold":144,"neow_bonus":"TEN_PERCENT_HP_BONUS","is_daily":false,"chose_seed":false,"campfire_upgraded":3,"win_rate":0.0,"timestamp":1613160322,"path_taken":["R","M","M","M","?","M","T","?","M","E","M","?","R","?","M","BOSS","R","M","M","M","$","R","T","E","?","M","?","M","M","M"],"items_purchased_type":["Card"],"build_version":"2020-12-22","purchased_purges":1,"victory":false,"max_hp_per_floor":[99,99,99,99,99,99,99,104,104,104,104,104,104,104,104,104,104,104,104,104,104,104,104,104,104,104,104,104,104,104,104,104,104],"card_choices":[{"not_picked":["champ:Haymaker","champ:BringItOn"],"picked":"champ:RapidStrikes","floor":2},{"not_picked":["champ:RecklessLeap","champ:BladeFlurry"],"picked":"champ:GutPunch","floor":3},{"not_picked":["champ:Encircle","champ:Circumvent"],"picked":"champ:GutPunch","floor":4},{"not_picked":["champ:Backstep","champ:HeavySlash"],"picked":"champ:DefensiveShout","floor":5},{"not_picked":["champ:PreciseThrust","champ:RecklessLeap"],"picked":"champ:BringItOn","floor":6},{"not_picked":["champ:EnGarde","champ:FlashCut"],"picked":"champ:StanceDance","floor":9},{"not_picked":["champ:Encircle","champ:StanceDance"],"picked":"champ:BerserkersShout","floor":10},{"not_picked":["champ:CalledShot","champ:HeartStrike"],"picked":"champ:ShieldSlam","floor":11},{"not_picked":["champ:DefensiveShout","champ:HeavySlash"],"picked":"champ:FanOfKnives","floor":14},{"not_picked":["champ:CrownThrow","champ:Haymaker"],"picked":"champ:TornadoPunch","floor":15},{"not_picked":["champ:HeavySlash","champ:MurderStrike"],"picked":"champ:DancingMaster","floor":16},{"not_picked":["champ:FlashCut+1","champ:AdrenalArmor","champ:Backstep"],"picked":"SKIP","floor":19},{"not_picked":["champ:CrownThrow","champ:SetATrap","champ:GutPunch"],"picked":"SKIP","floor":20},{"not_picked":["champ:GutPunch","champ:Circumvent"],"picked":"champ:PreciseThrust","floor":21},{"not_picked":["champ:EndlessRage","champ:HeavySlash"],"picked":"champ:PreciseThrust+1","floor":22},{"not_picked":["champ:FalseCounter","champ:BladeFlurry","champ:RisingSlash"],"picked":"SKIP","floor":25},{"not_picked":["champ:CrookedStrike+1","champ:AdrenalArmor+1","champ:SetATrap"],"picked":"SKIP","floor":26},{"not_picked":["champ:DefensiveShout","champ:Endure","champ:BladeFlurry"],"picked":"SKIP","floor":27},{"not_picked":["champ:AdrenalArmor","champ:DefensiveShout","champ:TornadoPunch"],"picked":"SKIP","floor":29},{"not_picked":["champ:BladeFlurry","champ:HeavySlash","champ:DefensiveShout"],"picked":"SKIP","floor":30}],"player_experience":193870,"relics_obtained":[{"floor":7,"key":"Torii"},{"floor":10,"key":"White Beast Statue"},{"floor":25,"key":"Ice Cream"}],"event_choices":[{"damage_healed":0,"gold_gain":0,"player_choice":"Donut","damage_taken":0,"max_hp_gain":5,"max_hp_loss":0,"event_name":"Big Fish","floor":8,"gold_loss":0},{"damage_healed":0,"gold_gain":0,"player_choice":"Ignored","damage_taken":0,"max_hp_gain":0,"max_hp_loss":0,"event_name":"NoteForYourself","floor":12,"gold_loss":0}],"is_beta":false,"boss_relics":[{"not_picked":["Pandora\u0027s Box","Runic Dome"],"picked":"Philosopher\u0027s Stone"}],"items_purged_floors":[22],"is_endless":false,"potions_floor_spawned":[2,5,9,11,14,15,16,19,20,21,22,25,26,27],"killed_by":"Chosen and Byrds","ascension_level":0}}