{"host":"qbjtml023iza03hb","time":1613141925,"event":{"mods":["AchievementEnabler","BaseMod","Better Sensory Stone","Better Skull","Minty Spire (QoL Compilation)","StSLib"],"gold_per_floor":[117,42,42,56,131,131,151,151,204,220,238,238,264,275,275,377,377,377,377,377,377,23,23,23,23,23,23,23,23,23,23,23,23,23,23,23,23,23,23,23,23,23,23,23,23,23,23],"floor_reached":46,"language":"FRA","playtime":3462,"items_purged":["Strike_G","Defend_G"],"score":644,"play_id":"99a22743-e5d4-4a28-a374-5e2dd7f9b9e3","local_time":"20210212155845","is_ascension_mode":true,"campfire_choices":[{"data":"Neutralize","floor":6.0,"key":"SMITH"},{"data":"Finisher","floor":8.0,"key":"SMITH"},{"data":"Slice","floor":12.0,"key":"SMITH"},{"data":"Blade Dance","floor":15.0,"key":"SMITH"},{"data":"Accuracy","floor":23.0,"key":"SMITH"},{"data":"animator:Demiurge","floor":25.0,"key":"SMITH"},{"data":"After Image","floor":27.0,"key":"SMITH"},{"data":"animator:YaoHaDucy","floor":32.0,"key":"SMITH"},{"floor":42,"key":"REST"}],"circlet_count":0,"master_deck":["Strike_G","Strike_G","Strike_G","Defend_G+1","Defend_G","Defend_G","Survivor+1","Neutralize+1","Dagger Throw","Finisher+1","PiercingWail","Slice+1","Blade Dance+1","After Image+1","Deflect+1","Deflect+1","Accuracy+1","Madness+1","Headbutt+1","Madness+1","Wireheading","Madness","Expertise","White Noise","Rebound+1","Force Field+1","Rebound+1","Echo Form"],"relics":["WristBlade","Smiling Mask","Odd Mushroom","Ectoplasm","Red Mask","PrismaticShard","War Paint","Centennial Puzzle","Empty Cage","Ninja Scroll","Juzu Bracelet","Ancient Tea Set"],"acts_visited":["Exordium","TheCity","TheBeyond"],"potions_floor_usage":[44,45,46,46],"damage_taken":[{"damage":3.0,"enemies":"Jaw Worm","floor":1.0,"turns":6.0},{"damage":0.0,"enemies":"2 Louse","floor":4.0,"turns":3.0},{"damage":0.0,"enemies":"Small Slimes","floor":7.0,"turns":2.0},{"damage":5.0,"enemies":"Blue Slaver","floor":10.0,"turns":4.0},{"damage":2.0,"enemies":"3 Louse","floor":11.0,"turns":3.0},{"damage":0.0,"enemies":"The Mushroom Lair","floor":13.0,"turns":2.0},{"damage":0.0,"enemies":"Looter","floor":14.0,"turns":3.0},{"damage":21.0,"enemies":"Hexaghost","floor":16.0,"turns":8.0},{"damage":0.0,"enemies":"3 Byrds","floor":18.0,"turns":4.0},{"damage":14.0,"enemies":"Masked Bandits","floor":19.0,"turns":5.0},{"damage":3.0,"enemies":"Book of Stabbing","floor":24.0,"turns":5.0},{"damage":0.0,"enemies":"Chosen","floor":29.0,"turns":3.0},{"damage":0.0,"enemies":"Gremlin Leader","floor":30.0,"turns":2.0},{"damage":0.0,"enemies":"Centurion and Healer","floor":31.0,"turns":6.0},{"damage":18.0,"enemies":"Collector","floor":33.0,"turns":9.0},{"damage":28.0,"enemies":"3 Shapes","floor":35.0,"turns":9.0},{"damage":0.0,"enemies":"Orb Walker","floor":37.0,"turns":2.0},{"damage":2.0,"enemies":"Sphere and 2 Shapes","floor":38.0,"turns":6.0},{"damage":6.0,"enemies":"3 Darklings","floor":39.0,"turns":3.0},{"damage":15.0,"enemies":"Reptomancer","floor":40.0,"turns":5.0},{"damage":0,"enemies":"Transient","floor":41,"turns":5},{"damage":0,"enemies":"Giant Head","floor":44,"turns":5},{"damage":15,"enemies":"Sphere and 2 Shapes","floor":45,"turns":6},{"damage":27,"enemies":"Spire Growth","floor":46,"turns":4}],"seed_played":"1047122124623225196","potions_obtained":[{"floor":7.0,"key":"EntropicBrew"},{"floor":13.0,"key":"BlessingOfTheForge"},{"floor":14.0,"key":"SneckoOil"},{"floor":19.0,"key":"Weak Potion"},{"floor":24.0,"key":"ColorlessPotion"},{"floor":30.0,"key":"Strength Potion"},{"floor":31.0,"key":"SteroidPotion"},{"floor":40.0,"key":"Energy Potion"},{"floor":41,"key":"DuplicationPotion"},{"floor":44,"key":"Poison Potion"},{"floor":45,"key":"Explosive Potion"}],"is_trial":false,"path_per_floor":["M","$","?","M","?","R","M","R","T","M","M","R","?","M","R","B",null,"M","?","?","?","$","R","E","R","T","R","$","M","E","M","R","B",null,"M","?","M","M","M","E","M","R","T","E","M","M"],"character_chosen":"THE_SILENT","items_purchased":["Accuracy","PrismaticShard","CunningPotion"],"campfire_rested":1,"item_purchase_floors":[22,22,22],"current_hp_per_floor":[67,67,67,67,56,56,56,56,56,51,49,49,49,49,49,28,70,70,56,56,56,56,56,53,53,53,53,53,53,53,53,53,35,70,42,42,42,40,34,19,19,40,40,40,25,0,0],"gold":23,"neow_bonus":"BOSS_RELIC","is_daily":false,"chose_seed":false,"campfire_upgraded":8,"win_rate":0.0,"timestamp":1613141925,"path_taken":["M","$","?","M","?","R","M","R","T","M","M","R","?","M","R","BOSS","M","?","?","?","$","R","E","R","T","R","?","M","E","M","R","BOSS","M","?","?","?","M","E","M","R","T","E","M","M"],"items_purchased_type":["Card","Relic","Potion"],"build_version":"2020-12-22","purchased_purges":2,"victory":false,"max_hp_per_floor":[70,70,70,70,70,70,70,70,70,70,70,70,70,70,70,70,70,70,70,70,70,70,70,70,70,70,70,70,70,70,70,70,70,70,70,70,70,70,70,70,70,70,70,70,70,70,70],"card_choices":[{"not_picked":["Bane","Tactician"],"picked":"Dagger Throw","floor":1.0},{"not_picked":["Poisoned Stab","Eviscerate"],"picked":"Finisher","floor":4.0},{"not_picked":["Eviscerate","Underhanded Strike"],"picked":"PiercingWail","floor":7.0},{"not_picked":["Grand Finale","Quick Slash","Sucker Punch"],"picked":"SKIP","floor":10.0},{"not_picked":["Crippling Poison","Dagger Throw"],"picked":"Slice","floor":11.0},{"not_picked":["Dagger Throw","Underhanded Strike"],"picked":"Blade Dance","floor":13.0},{"not_picked":["Dodge and Roll","Flying Knee","All Out Attack"],"picked":"SKIP","floor":14.0},{"not_picked":["Malaise","Glass Knife"],"picked":"After Image","floor":16.0},{"not_picked":["Flechettes","Prepared"],"picked":"Deflect+1","floor":18.0},{"not_picked":["Sucker Punch","Dagger Throw+1"],"picked":"Deflect+1","floor":19.0},{"not_picked":["Darkness","Armaments"],"picked":"animator:Demiurge","floor":24.0},{"not_picked":["TheCursedMod:Stretching","animator:Albedo"],"picked":"Headbutt+1","floor":29.0},{"not_picked":["hermit:Snipe","Flame Barrier+1"],"picked":"animator:YaoHaDucy","floor":30.0},{"not_picked":["Wild Strike","TheCursedMod:HellsGateOpen"],"picked":"Wireheading","floor":31.0},{"not_picked":["animator:Envy","hermit:Gambit"],"picked":"TheCursedMod:ParallelWorld","floor":33.0},{"not_picked":["Consume+1","Catalyst+1"],"picked":"Expertise","floor":35.0},{"not_picked":["Dodge and Roll+1","Conclude+1"],"picked":"White Noise","floor":37.0},{"not_picked":["Prepared","Clothesline+1"],"picked":"Rebound+1","floor":38.0},{"not_picked":["Havoc","Pommel Strike","Caltrops+1"],"picked":"SKIP","floor":39.0},{"not_picked":["Evaluate+1","Lockon+1"],"picked":"Force Field+1","floor":40.0},{"not_picked":["FlurryOfBlows","Dagger Spray+1"],"picked":"Rebound+1","floor":41},{"not_picked":["Adaptation","Calculated Gamble+1"],"picked":"Echo Form","floor":44},{"not_picked":["Poisoned Stab","Deflect","Capacitor+1"],"picked":"SKIP","floor":45}],"player_experience":276792,"relics_obtained":[{"floor":9.0,"key":"Smiling Mask"},{"floor":13.0,"key":"Odd Mushroom"},{"floor":19.0,"key":"Red Mask"},{"floor":24.0,"key":"War Paint"},{"floor":30.0,"key":"Centennial Puzzle"},{"floor":40.0,"key":"Ninja Scroll"},{"floor":43,"key":"Juzu Bracelet"},{"floor":44,"key":"Ancient Tea Set"}],"event_choices":[{"damage_healed":0.0,"max_hp_gain":0.0,"max_hp_loss":0.0,"gold_gain":0.0,"event_name":"The Cleric","player_choice":"Leave","floor":3.0,"gold_loss":0.0,"damage_taken":0.0},{"damage_healed":0.0,"max_hp_gain":0.0,"max_hp_loss":0.0,"gold_gain":75.0,"event_name":"World of Goop","player_choice":"Gather Gold","floor":5.0,"gold_loss":0.0,"damage_taken":11.0},{"damage_healed":0.0,"max_hp_gain":0.0,"max_hp_loss":0.0,"gold_gain":0.0,"event_name":"Mushrooms","player_choice":"Fought Mushrooms","floor":13.0,"gold_loss":0.0,"damage_taken":0.0},{"damage_healed":0.0,"max_hp_gain":0.0,"max_hp_loss":0.0,"gold_gain":0.0,"event_name":"Masked Bandits","player_choice":"Fought Bandits","floor":19.0,"gold_loss":0.0,"damage_taken":0.0},{"damage_healed":0.0,"max_hp_gain":0.0,"max_hp_loss":0.0,"gold_gain":0.0,"event_name":"Ghosts","player_choice":"Ignored","floor":20.0,"gold_loss":0.0,"damage_taken":0.0},{"damage_healed":0.0,"max_hp_gain":0.0,"max_hp_loss":0.0,"gold_gain":0.0,"event_name":"The Mausoleum","player_choice":"Ignored","floor":21.0,"gold_loss":0.0,"damage_taken":0.0},{"damage_healed":0.0,"max_hp_gain":0.0,"max_hp_loss":0.0,"gold_gain":0.0,"event_name":"SecretPortal","player_choice":"Ignored","floor":36.0,"gold_loss":0.0,"damage_taken":0.0}],"is_beta":false,"boss_relics":[{"not_picked":["Runic Dome","Snecko Eye"],"picked":"Ectoplasm"},{"not_picked":["Coffee Dripper","Cursed Key"],"picked":"Empty Cage"}],"items_purged_floors":[2,22],"is_endless":false,"potions_floor_spawned":[7,13,14,19,24,30,31,40,41,44,45],"killed_by":"Spire Growth","ascension_level":3}}