{"host":"adt9pv9dmmkchns7","time":1613150069,"event":{"mods":["AchievementEnabler","Aspiration","BaseMod","Beaked The Cultist","Better Third Choice","Curses Come First","Energized Spire","Minty Spire (QoL Compilation)","Permanent Neow","Potionbrewer","Quick Restart","Reliquary","Replay The Spire","Robot Space Explorer","Shade Mod","Spicy Shops","StSLib","The Blackbeard","The Cursed","The Forsaken","The Gatherer","The Necromancer","Wandering Minibosses"],"gold_per_floor":[115,135,148,165,185,218,218,252,301,301,336,95,95,113,113,212,212,232,244,254,267,280,280,280],"floor_reached":23,"language":"ENG","playtime":2495,"items_purged":[],"score":275,"play_id":"6ba69485-d2ce-448f-958f-ccbacb2df0d6","local_time":"20210212181429","is_ascension_mode":true,"campfire_choices":[{"floor":7,"key":"RECALL"},{"data":"Summon_Undead_Army","floor":10,"key":"SMITH"},{"data":"Toxic_Smoke_Screen","floor":15,"key":"SMITH"}],"circlet_count":0,"master_deck":["Strike_W","Strike_W","Strike_W","Strike_W","Defend_W","Defend_W","Defend_W","Defend_W","Negative_Energy_Arrows","Bone_Wall","Grasp_Heart","Bone_Spikes","Toxic_Smoke_Screen+1","Negative_Energy_Sphere","Consume_Illness","Summon_Undead_Army+1","Spectral_Armor","Spectral_Armor","Blood_Shield","Death_Knell","Grasp_Heart","Consume_Illness+1","Siphon_Strength","Summon_Undead_Army+1","Acid_Javelin","Shade_Step"],"relics":["Vampire_Amulet","Pantograph","Ornamental Fan","Replay:Ringing Soul","NlothsMask","Calipers","aspiration:RitualDagger"],"acts_visited":["Exordium","TheCity"],"potions_floor_usage":[6,8,18,19,19,20,22,23],"damage_taken":[{"damage":1,"enemies":"Jaw Worm","floor":1,"turns":3},{"damage":0,"enemies":"Cultist","floor":2,"turns":3},{"damage":0,"enemies":"Small Slimes","floor":3,"turns":3},{"damage":1,"enemies":"2 Fungi Beasts","floor":4,"turns":3},{"damage":5,"enemies":"Looter","floor":5,"turns":3},{"damage":13,"enemies":"Gremlin Nob","floor":6,"turns":4},{"damage":7,"enemies":"Replay:BlueRogue","floor":8,"turns":6},{"damage":19,"enemies":"Lagavulin","floor":11,"turns":5},{"damage":0,"enemies":"3 Louse","floor":14,"turns":4},{"damage":16,"enemies":"Hexaghost","floor":16,"turns":7},{"damage":15,"enemies":"Spheric Guardian","floor":18,"turns":1},{"damage":55,"enemies":"3 Byrds","floor":19,"turns":6},{"damage":54,"enemies":"Centurion and Healer","floor":20,"turns":7},{"damage":35,"enemies":"Sentry and Sphere","floor":21,"turns":7},{"damage":65,"enemies":"Snake Plant","floor":22,"turns":7},{"damage":49,"enemies":"Book of Stabbing","floor":23,"turns":3}],"seed_played":"5608777624576142887","potions_obtained":[{"floor":2,"key":"SpeedPotion"},{"floor":4,"key":"Regen Potion"},{"floor":8,"key":"Death Potion"},{"floor":14,"key":"Swift Potion"},{"floor":16,"key":"Toxic Potion"},{"floor":19,"key":"AttackPotion"},{"floor":21,"key":"BlessingOfTheForge"},{"floor":22,"key":"ColorlessPotion"}],"is_trial":false,"path_per_floor":["M","M","M","M","M","E","R","E","T","R","E","$","?","M","R","B",null,"M","M","M","M","M","E"],"character_chosen":"NECROMANCER","items_purchased":["Replay:Ringing Soul"],"campfire_rested":0,"item_purchase_floors":[12],"current_hp_per_floor":[75,75,75,75,72,61,61,71,71,71,54,54,54,63,63,67,81,71,31,89,68,31,0,0],"gold":280,"neow_bonus":"ONE_RANDOM_RARE_CARD","is_daily":false,"chose_seed":false,"campfire_upgraded":2,"win_rate":0.0,"timestamp":1613150069,"path_taken":["M","M","M","M","M","E","R","E","T","R","E","$","?","M","R","BOSS","M","M","M","M","M","E"],"items_purchased_type":["Relic"],"build_version":"2020-12-22","purchased_purges":0,"victory":false,"max_hp_per_floor":[75,75,75,75,75,75,75,75,75,75,75,75,75,78,78,81,81,84,87,90,93,96,96,96],"card_choices":[{"not_picked":["Scare","Bone_Shift"],"picked":"Bone_Spikes","floor":1},{"not_picked":["Violent_Necrosis","Shackles_Of_Pain"],"picked":"Toxic_Smoke_Screen","floor":2},{"not_picked":["Negative_Energy_Mist","Scare"],"picked":"Negative_Energy_Sphere","floor":3},{"not_picked":["Negative_Energy_Sphere","Bone_Shift"],"picked":"Consume_Illness","floor":4},{"not_picked":["Slay_Living","Strike_from_Beyond"],"picked":"Summon_Undead_Army","floor":5},{"not_picked":["Vampiric_Strike","Necromantic_Selection"],"picked":"Spectral_Armor","floor":6},{"not_picked":["Slay_Living","Reap_The_Weak"],"picked":"Spectral_Armor","floor":8},{"not_picked":["Blood_Wake","Negative_Energy_Burst"],"picked":"Blood_Shield","floor":11},{"not_picked":["Bone_Spikes","Life_Tap"],"picked":"Death_Knell","floor":14},{"not_picked":["Blood_Wake","Summon_Death_Knight"],"picked":"Grasp_Heart","floor":16},{"not_picked":["Necromantic_Selection","Shackles_Of_Pain+1"],"picked":"Consume_Illness+1","floor":18},{"not_picked":["Strike_from_Beyond+1","Blood_Curse"],"picked":"Siphon_Strength","floor":19},{"not_picked":["Siphon_Strength","Exploit+1"],"picked":"Summon_Undead_Army+1","floor":20},{"not_picked":["Toxic_Smoke_Screen","Chill_Blood"],"picked":"Acid_Javelin","floor":21},{"not_picked":["Necromantic_Selection","Blood_Curse"],"picked":"Shade_Step","floor":22}],"player_experience":931486,"relics_obtained":[{"floor":6,"key":"reliquary:FerryPass"},{"floor":8,"key":"Pantograph"},{"floor":11,"key":"Ornamental Fan"},{"floor":16,"key":"Calipers"}],"event_choices":[{"damage_healed":0,"gold_gain":0,"player_choice":"Trade","damage_taken":0,"relics_obtained":["NlothsMask"],"max_hp_gain":0,"max_hp_loss":0,"event_name":"FaceTrader","floor":13,"gold_loss":0}],"is_beta":false,"boss_relics":[{"not_picked":["energizedSpire:StickyHand","energizedSpire:DeadBattery"],"picked":"aspiration:RitualDagger"}],"items_purged_floors":[],"is_endless":false,"potions_floor_spawned":[2,4,8,14,16,19,21,22],"killed_by":"Book of Stabbing","ascension_level":3}}