{"host":"lxu17chzujqn8whl","time":1613155693,"event":{"mods":["BaseMod","Minty Spire (QoL Compilation)","Relic Stats","StSLib"],"gold_per_floor":[119,119,119,130,148,175,191,218,218,218,237,254,274,449,449,549,549,563,93,8,28,43,43,60,89,115,215,215,215,7,23,23,124,124,143,143,157,0,0,0,0],"floor_reached":40,"language":"ENG","playtime":1236,"items_purged":["Regret"],"score":418,"play_id":"9260648f-9eec-4c49-9f1b-470daa548fef","local_time":"20210212104813","is_ascension_mode":false,"campfire_choices":[{"data":"Streamline","floor":10.0,"key":"SMITH"},{"floor":15.0,"key":"REST"},{"data":"Seek","floor":23.0,"key":"SMITH"},{"data":"Conserve Battery","floor":28.0,"key":"SMITH"},{"data":"Streamline","floor":32.0,"key":"SMITH"}],"circlet_count":0,"master_deck":["Strike_B","Strike_B","Strike_B","Defend_B","Defend_B","Defend_B","Defend_B","Zap+1","Dualcast","Self Repair","Streamline+1","Beam Cell","Seek+1","Streamline+1","Conserve Battery+1","Self Repair","Glacier","Doubt","Biased Cognition","Hologram+1","Self Repair","Doom and Gloom","Coolheaded","Defragment+1","Coolheaded","Reinforced Body+1","Doom and Gloom","Rainbow","Chill+1","Aggregate"],"relics":["Cracked Core","Sundial","Darkstone Periapt","PreservedInsect","Shuriken","Philosopher\u0027s Stone","Symbiotic Virus","The Courier","StrikeDummy","Pen Nib","Unceasing Top","Mercury Hourglass","Bottled Flame","Black Star","Red Mask"],"acts_visited":["Exordium","TheCity","TheBeyond"],"potions_floor_usage":[],"damage_taken":[{"damage":0.0,"enemies":"Small Slimes","floor":1.0,"turns":3.0},{"damage":10.0,"enemies":"Jaw Worm","floor":4.0,"turns":3.0},{"damage":4.0,"enemies":"2 Louse","floor":5.0,"turns":2.0},{"damage":33.0,"enemies":"Lagavulin","floor":6.0,"turns":4.0},{"damage":8.0,"enemies":"Large Slime","floor":7.0,"turns":5.0},{"damage":27.0,"enemies":"3 Sentries","floor":8.0,"turns":7.0},{"damage":0.0,"enemies":"3 Louse","floor":11.0,"turns":3.0},{"damage":14.0,"enemies":"2 Fungi Beasts","floor":12.0,"turns":4.0},{"damage":15.0,"enemies":"Large Slime","floor":13.0,"turns":7.0},{"damage":21.0,"enemies":"Slime Boss","floor":16.0,"turns":10.0},{"damage":31.0,"enemies":"Shell Parasite","floor":18.0,"turns":10.0},{"damage":7.0,"enemies":"3 Byrds","floor":21.0,"turns":3.0},{"damage":8.0,"enemies":"3 Cultists","floor":22.0,"turns":5.0},{"damage":14.0,"enemies":"Shelled Parasite and Fungi","floor":24.0,"turns":7.0},{"damage":25.0,"enemies":"Slavers","floor":25.0,"turns":5.0},{"damage":27.0,"enemies":"Colosseum Slavers","floor":27.0,"turns":4.0},{"damage":9.0,"enemies":"Colosseum Nobs","floor":27.0,"turns":4.0},{"damage":4.0,"enemies":"Chosen and Byrds","floor":31.0,"turns":4.0},{"damage":66,"enemies":"Automaton","floor":33,"turns":9},{"damage":33,"enemies":"3 Darklings","floor":35,"turns":6},{"damage":9,"enemies":"Orb Walker","floor":37,"turns":2},{"damage":69,"enemies":"Giant Head","floor":40,"turns":8}],"seed_played":"-2734762845645428769","potions_obtained":[{"floor":4.0,"key":"SpeedPotion"},{"floor":7.0,"key":"LiquidBronze"},{"floor":12.0,"key":"FearPotion"},{"floor":16.0,"key":"PowerPotion"},{"floor":21.0,"key":"SpeedPotion"},{"floor":25.0,"key":"Explosive Potion"},{"floor":27.0,"key":"Ancient Potion"},{"floor":33,"key":"PotionOfCapacity"}],"is_trial":false,"path_per_floor":["M","?","?","M","M","E","M","E","T","R","M","M","M","?","R","B",null,"M","$","?","M","M","R","M","E","T","?","R","?","$","M","R","B",null,"M","?","M","?","?","E"],"character_chosen":"DEFECT","items_purchased":["Symbiotic Virus","Self Repair","Doom and Gloom","Bottled Flame"],"campfire_rested":1,"item_purchase_floors":[19,19,19,30],"current_hp_per_floor":[82,82,82,79,82,56,55,35,35,35,35,35,34,40,66,52,88,71,71,71,71,84,84,88,77,77,69,69,69,69,72,72,27,88,69,69,60,60,60,0,0],"gold":0,"neow_bonus":"TEN_PERCENT_HP_BONUS","is_daily":false,"chose_seed":false,"campfire_upgraded":4,"win_rate":0.0,"timestamp":1613155693,"path_taken":["M","?","?","M","M","E","M","E","T","R","M","M","M","?","R","BOSS","M","$","?","M","M","R","M","E","T","?","R","?","$","M","R","BOSS","M","?","M","?","?","E"],"items_purchased_type":["Relic","Card","Card","Relic"],"build_version":"2020-12-22","purchased_purges":1,"victory":false,"max_hp_per_floor":[82,82,82,82,82,82,82,82,82,82,82,82,82,88,88,88,88,88,88,88,88,88,88,88,88,88,88,88,88,88,88,88,88,88,88,88,88,88,88,88,88],"relic_stats":{"Darkstone Periapt":6,"counters":[22,115],"Sundial":[12],"Shuriken":[11],"PreservedInsect":199,"Pen Nib":[5],"Black Star":0,"obtain_stats":[{"Darkstone Periapt":6,"PreservedInsect":8,"The Courier":20,"Pen Nib":26,"Mercury Hourglass":27,"Bottled Flame":30,"Sundial":3,"Shuriken":9,"Philosopher\u0027s Stone":17,"Black Star":34,"Red Mask":38,"Cracked Core":0,"Symbiotic Virus":19,"StrikeDummy":25,"Unceasing Top":27},{"Darkstone Periapt":4,"PreservedInsect":6,"The Courier":11,"Pen Nib":15,"Mercury Hourglass":17,"Bottled Flame":17,"Sundial":1,"Shuriken":6,"Philosopher\u0027s Stone":10,"Black Star":19,"Red Mask":21,"Cracked Core":0,"Symbiotic Virus":11,"StrikeDummy":15,"Unceasing Top":17},{"Darkstone Periapt":12,"PreservedInsect":24,"The Courier":58,"Pen Nib":78,"Mercury Hourglass":86,"Bottled Flame":86,"Sundial":3,"Shuriken":24,"Philosopher\u0027s Stone":48,"Black Star":99,"Red Mask":107,"Cracked Core":0,"Symbiotic Virus":58,"StrikeDummy":78,"Unceasing Top":86}],"Unceasing Top":[3],"Mercury Hourglass":[120]},"card_choices":[{"not_picked":["Leap","Go for the Eyes"],"picked":"Self Repair","floor":1.0},{"not_picked":["Leap","Cold Snap"],"picked":"Streamline","floor":4.0},{"not_picked":["Steam","Static Discharge"],"picked":"Beam Cell","floor":5.0},{"not_picked":["Sweeping Beam","Biased Cognition"],"picked":"Seek","floor":6.0},{"not_picked":["Rebound","Cold Snap"],"picked":"Streamline","floor":7.0},{"not_picked":["Turbo","Glacier"],"picked":"Conserve Battery","floor":8.0},{"not_picked":["Melter","Barrage"],"picked":"Self Repair","floor":11.0},{"not_picked":["Steam","White Noise"],"picked":"Glacier","floor":12.0},{"not_picked":["Meteor Strike","Redo","Rebound"],"picked":"SKIP","floor":13.0},{"not_picked":["All For One","Reboot"],"picked":"Biased Cognition","floor":16.0},{"not_picked":["Stack","Streamline"],"picked":"Hologram+1","floor":18.0},{"not_picked":["Chaos+1","Beam Cell"],"picked":"Coolheaded","floor":21.0},{"not_picked":["Scrape","Stack"],"picked":"Defragment+1","floor":22.0},{"not_picked":["Hologram","Recycle"],"picked":"Coolheaded","floor":24.0},{"not_picked":["Rebound","Go for the Eyes"],"picked":"Reinforced Body+1","floor":25.0},{"not_picked":["Self Repair","Rip and Tear"],"picked":"Doom and Gloom","floor":27.0},{"not_picked":["Force Field","Streamline","Biased Cognition"],"picked":"SKIP","floor":31.0},{"not_picked":["Creative AI","Fission"],"picked":"Rainbow","floor":33},{"not_picked":["Barrage","Coolheaded+1"],"picked":"Chill+1","floor":35},{"not_picked":["Chaos+1","Barrage"],"picked":"Aggregate","floor":37}],"player_experience":674851,"relics_obtained":[{"floor":6.0,"key":"Darkstone Periapt"},{"floor":8.0,"key":"PreservedInsect"},{"floor":9.0,"key":"Shuriken"},{"floor":25.0,"key":"StrikeDummy"},{"floor":26.0,"key":"Pen Nib"},{"floor":27.0,"key":"Unceasing Top"},{"floor":27.0,"key":"Mercury Hourglass"}],"event_choices":[{"damage_healed":0.0,"max_hp_gain":0.0,"max_hp_loss":0.0,"gold_gain":0.0,"event_name":"Living Wall","player_choice":"Grow","floor":2.0,"gold_loss":0.0,"damage_taken":0.0,"cards_upgraded":["Zap"]},{"damage_healed":0.0,"max_hp_gain":0.0,"max_hp_loss":0.0,"gold_gain":0.0,"event_name":"Big Fish","player_choice":"Box","floor":3.0,"gold_loss":0.0,"damage_taken":0.0,"relics_obtained":["Sundial"],"cards_obtained":["Regret"]},{"damage_healed":0.0,"max_hp_gain":0.0,"max_hp_loss":0.0,"gold_gain":175.0,"event_name":"Liars Game","player_choice":"AGREE","floor":14.0,"gold_loss":0.0,"damage_taken":0.0,"cards_obtained":["Doubt"]},{"damage_healed":0.0,"max_hp_gain":0.0,"max_hp_loss":0.0,"gold_gain":0.0,"event_name":"Addict","player_choice":"Obtained Relic","floor":20.0,"gold_loss":85.0,"damage_taken":0.0,"relics_obtained":["The Courier"]},{"damage_healed":0.0,"max_hp_gain":0.0,"max_hp_loss":0.0,"gold_gain":0.0,"event_name":"Colosseum","player_choice":"Fight","floor":27.0,"gold_loss":0.0,"damage_taken":0.0},{"damage_healed":0.0,"max_hp_gain":0.0,"max_hp_loss":0.0,"gold_gain":0.0,"event_name":"Colosseum","player_choice":"Fought Nobs","floor":27.0,"gold_loss":0.0,"damage_taken":0.0},{"damage_healed":0.0,"max_hp_gain":0.0,"max_hp_loss":0.0,"gold_gain":0.0,"event_name":"Vampires","player_choice":"Ignored","floor":29.0,"gold_loss":0.0,"damage_taken":0.0},{"cards_removed":["Strike_B"],"damage_healed":0,"gold_gain":0,"player_choice":"Removed Attack","damage_taken":0,"max_hp_gain":0,"max_hp_loss":0,"event_name":"Falling","floor":36,"gold_loss":0},{"damage_healed":0,"gold_gain":0,"player_choice":"Paid","damage_taken":0,"relics_obtained":["Red Mask"],"max_hp_gain":0,"max_hp_loss":0,"event_name":"Tomb of Lord Red Mask","floor":38,"gold_loss":157},{"damage_healed":0,"gold_gain":0,"player_choice":"Ignored","damage_taken":0,"max_hp_gain":0,"max_hp_loss":0,"event_name":"SecretPortal","floor":39,"gold_loss":0}],"is_beta":false,"boss_relics":[{"not_picked":["Cursed Key","Runic Dome"],"picked":"Philosopher\u0027s Stone"},{"not_picked":["Coffee Dripper","FrozenCore"],"picked":"Black Star"}],"items_purged_floors":[19],"is_endless":false,"potions_floor_spawned":[4,7,12,16,21,25,27,27,33,37],"killed_by":"Giant Head","ascension_level":0}}