{"host":"6xsbn6ynqlzwllfm","time":1613134257,"event":{"mods":["2.2 Compatiblity","BaseMod","Bestiary","Colored Map","Colored Powertips","Curses Come First","Downfall","Highlight Path","Keyboard Shortcuts","Minty Spire (QoL Compilation)","Relic Stats","Slay the Relics Exporter","StSLib","SuperFastMode"],"gold_per_floor":[99,111,111,130,141,141,141,41,53,68,85,102,102,102,120,120,120,120],"floor_reached":16,"language":"ENG","playtime":521,"items_purged":[],"score":119,"play_id":"1864c411-aa06-421f-bc0e-79d9d5afd720","local_time":"20210212075057","is_ascension_mode":true,"campfire_choices":[{"data":"bronze:Assembly","floor":1,"key":"SMITH"},{"floor":6,"key":"RECALL"},{"data":"bronze:BugBarrage","floor":8,"key":"SMITH"},{"data":"bronze:Flail","floor":13,"key":"SMITH"}],"circlet_count":0,"master_deck":["bronze:Strike","bronze:Strike","bronze:Strike","bronze:Strike","bronze:Defend+1","bronze:Defend","bronze:Defend","bronze:Defend","bronze:Replicate","bronze:Goto","bronze:Assembly+1","bronze:Optimize","bronze:Separator+1","bronze:BugBarrage+1","bronze:BugBarrage","bronze:Format+1","bronze:Shield","bronze:Flail+1","downfall:Malfunctioning","bronze:Shell"],"relics":["bronze:BronzeCore","Spirit Poop","Gremlin Horn","downfall:HeartBlessingRed"],"acts_visited":["Exordium"],"potions_floor_usage":[16,16],"damage_taken":[{"damage":13,"enemies":"2 Louse","floor":2,"turns":3},{"damage":0,"enemies":"Cultist","floor":4,"turns":3},{"damage":7,"enemies":"Jaw Worm","floor":5,"turns":2},{"damage":2,"enemies":"2 Fungi Beasts","floor":9,"turns":2},{"damage":3,"enemies":"Large Slime","floor":10,"turns":5},{"damage":0,"enemies":"Lots of Slimes","floor":11,"turns":2},{"damage":0,"enemies":"2 Fungi Beasts","floor":12,"turns":3},{"damage":16,"enemies":"3 Louse","floor":15,"turns":2},{"damage":31,"enemies":"DF_ARCHETYPE_STREAMLINE","floor":16,"turns":5}],"seed_played":"-8669524591277639425","potions_obtained":[{"floor":4,"key":"CultistPotion"},{"floor":9,"key":"bronze:CleanCodePotion"},{"floor":11,"key":"SkillPotion"},{"floor":12,"key":"CultistPotion"}],"is_trial":false,"path_per_floor":["R","M","?","M","M","R","T","R","M","M","M","M","R","?","M","B"],"character_chosen":"THE_AUTOMATON","items_purchased":[],"campfire_rested":0,"item_purchase_floors":[],"current_hp_per_floor":[70,57,57,57,50,50,50,50,48,45,45,45,45,45,29,0,0,0],"gold":120,"neow_bonus":"THREE_RARE_CARDS","is_daily":false,"chose_seed":false,"campfire_upgraded":3,"win_rate":0.0,"timestamp":1613134257,"path_taken":["R","M","?","?","M","R","T","R","?","M","M","M","R","?","M","BOSS"],"items_purchased_type":[],"build_version":"2020-12-22","purchased_purges":0,"victory":false,"max_hp_per_floor":[70,70,70,70,70,70,70,70,70,70,70,70,70,70,70,70,70,70],"relic_stats":{"Gremlin Horn":[9,9],"counters":[9,27],"obtain_stats":[{"bronze:BronzeCore":0,"Gremlin Horn":7,"downfall:HeartBlessingRed":8,"Spirit Poop":3},{"bronze:BronzeCore":0,"Gremlin Horn":3,"downfall:HeartBlessingRed":3,"Spirit Poop":1},{"bronze:BronzeCore":0,"Gremlin Horn":8,"downfall:HeartBlessingRed":8,"Spirit Poop":3}]},"card_choices":[{"not_picked":["bronze:Break","bronze:Verify"],"picked":"bronze:Assembly","floor":0},{"not_picked":["bronze:ChosenStrike","bronze:BronzeOrb"],"picked":"bronze:Optimize","floor":2},{"not_picked":["bronze:BugBarrage","bronze:DelayedSlice"],"picked":"bronze:Separator","floor":4},{"not_picked":["bronze:ForceShield","bronze:Separator"],"picked":"bronze:BugBarrage","floor":5},{"not_picked":["bronze:Invalidate","bronze:FineTuning"],"picked":"bronze:BugBarrage","floor":9},{"not_picked":["bronze:BitShift","bronze:Refactor"],"picked":"bronze:Format","floor":10},{"not_picked":["bronze:WildBeam","bronze:InfiniteBeams"],"picked":"bronze:Shield","floor":11},{"not_picked":["bronze:ForLoop","bronze:WildBeam"],"picked":"bronze:Flail","floor":12},{"not_picked":["bronze:ForceShield","bronze:Deprecate"],"picked":"bronze:Shell","floor":15}],"player_experience":1740866,"relics_obtained":[{"floor":7,"key":"Gremlin Horn"}],"event_choices":[{"cards_removed":["Normality"],"damage_healed":0,"gold_gain":0,"player_choice":"Offered Curse","damage_taken":0,"relics_obtained":["Spirit Poop"],"max_hp_gain":0,"max_hp_loss":0,"event_name":"Bonfire Elementals","floor":3,"gold_loss":0}],"is_beta":false,"boss_relics":[],"items_purged_floors":[],"is_endless":false,"potions_floor_spawned":[4,9,11,12],"killed_by":"DF_ARCHETYPE_STREAMLINE","ascension_level":5}}