{"host":"2yqfi47fogfu1ic4","time":1613116732,"event":{"mods":["AchievementEnabler","BaseMod","Colored Map","Colored Powertips","Highlight Path","Minty Spire (QoL Compilation)","Permanent Neow","Relic Stats","StSLib"],"gold_per_floor":[116,134,209,225,150,167,167,180,180,209,209,223,223,223,223,300,300,320,245,245,245,258,258,173,189,212,231,531,531,531],"floor_reached":29,"language":"DEU","playtime":1727,"items_purged":[],"score":450,"play_id":"59e6863a-44cc-4d9b-8c77-d104930d8378","local_time":"20210212085851","is_ascension_mode":true,"campfire_choices":[{"data":"Dagger Spray","floor":7.0,"key":"SMITH"},{"data":"Bouncing Flask","floor":11.0,"key":"SMITH"},{"data":"Night Terror","floor":15.0,"key":"SMITH"},{"floor":23,"key":"REST"}],"circlet_count":0,"master_deck":["AscendersBane","Strike_G","Strike_G","Defend_G","Defend_G","Defend_G","Defend_G","Survivor","Neutralize","Backflip","Night Terror+1","Blade Dance","Dagger Spray+1","Dash","Bouncing Flask+1","Setup","Bullet Time","Catalyst","Writhe"],"relics":["Philosopher\u0027s Stone","Singing Bowl","Matryoshka","Runic Pyramid","Enchiridion","PreservedInsect","Snake Skull","Ancient Tea Set","Old Coin"],"acts_visited":["Exordium","TheCity"],"potions_floor_usage":[22],"damage_taken":[{"damage":0.0,"enemies":"Small Slimes","floor":1.0,"turns":5.0},{"damage":10.0,"enemies":"2 Louse","floor":2.0,"turns":3.0},{"damage":0.0,"enemies":"Jaw Worm","floor":4.0,"turns":4.0},{"damage":0.0,"enemies":"Looter","floor":6.0,"turns":4.0},{"damage":1.0,"enemies":"3 Louse","floor":8.0,"turns":3.0},{"damage":7.0,"enemies":"3 Sentries","floor":10.0,"turns":6.0},{"damage":1.0,"enemies":"Large Slime","floor":12.0,"turns":5.0},{"damage":19.0,"enemies":"Hexaghost","floor":16.0,"turns":9.0},{"damage":4.0,"enemies":"Chosen","floor":18.0,"turns":4.0},{"damage":0,"enemies":"3 Byrds","floor":22,"turns":4},{"damage":14,"enemies":"3 Cultists","floor":25,"turns":6},{"damage":12,"enemies":"Centurion and Healer","floor":27,"turns":7},{"damage":12,"enemies":"Snake Plant","floor":29,"turns":3}],"seed_played":"-7479337920570339893","potions_obtained":[{"floor":4.0,"key":"Block Potion"},{"floor":8.0,"key":"LiquidBronze"},{"floor":16.0,"key":"FearPotion"},{"floor":18.0,"key":"LiquidMemories"},{"floor":27,"key":"SpeedPotion"}],"is_trial":false,"path_per_floor":["M","M","?","M","?","M","R","M","T","E","R","M","?","?","R","B",null,"M","?","?","?","M","R","?","M","T","M","?","M"],"character_chosen":"THE_SILENT","items_purchased":[],"campfire_rested":1,"item_purchase_floors":[],"current_hp_per_floor":[59,49,38,38,38,38,38,37,37,30,30,31,24,24,24,5,52,50,50,30,9,11,34,34,20,20,10,10,0,0],"gold":531,"neow_bonus":"BOSS_RELIC","is_daily":false,"chose_seed":false,"campfire_upgraded":3,"win_rate":0.0,"timestamp":1613116731,"path_taken":["M","M","?","M","?","M","R","M","T","E","R","M","?","?","R","BOSS","M","?","?","?","M","R","?","M","T","M","?","M"],"items_purchased_type":[],"build_version":"2020-12-22","purchased_purges":0,"victory":false,"max_hp_per_floor":[66,66,66,66,66,66,66,66,66,66,66,68,68,68,68,68,68,70,70,75,75,77,77,77,77,77,79,79,79,79],"relic_stats":{"Singing Bowl":8,"counters":[13,63],"PreservedInsect":0,"Snake Skull":[9],"obtain_stats":[{"Matryoshka":10,"Singing Bowl":9,"Enchiridion":21,"Philosopher\u0027s Stone":0,"PreservedInsect":24,"Snake Skull":26,"Ancient Tea Set":26,"Ring of the Snake":0,"Runic Pyramid":17,"Old Coin":28},{"Matryoshka":6,"Singing Bowl":5,"Enchiridion":9,"Philosopher\u0027s Stone":0,"PreservedInsect":10,"Snake Skull":11,"Ancient Tea Set":11,"Ring of the Snake":0,"Runic Pyramid":8,"Old Coin":12},{"Matryoshka":25,"Singing Bowl":19,"Enchiridion":43,"Philosopher\u0027s Stone":0,"PreservedInsect":47,"Snake Skull":53,"Ancient Tea Set":53,"Ring of the Snake":0,"Runic Pyramid":39,"Old Coin":60}]},"card_choices":[{"not_picked":["Bane","Slice"],"picked":"Backflip","floor":1.0},{"not_picked":["Flying Knee","Cloak And Dagger"],"picked":"Night Terror","floor":2.0},{"not_picked":["Bane","Heel Hook"],"picked":"Blade Dance","floor":4.0},{"not_picked":["Deadly Poison","Cloak And Dagger"],"picked":"Dagger Spray","floor":6.0},{"not_picked":["Quick Slash","Dagger Throw"],"picked":"Dash","floor":8.0},{"not_picked":["Bane","Deadly Poison"],"picked":"Bouncing Flask","floor":10.0},{"not_picked":["Underhanded Strike","Deflect","Dodge and Roll"],"picked":"Singing Bowl","floor":12.0},{"not_picked":["Night Terror","Adrenaline"],"picked":"Bullet Time","floor":16.0},{"not_picked":["Flechettes","Dodge and Roll","Heel Hook"],"picked":"Singing Bowl","floor":18.0},{"not_picked":["Predator","Quick Slash","Escape Plan"],"picked":"Singing Bowl","floor":22},{"not_picked":["Outmaneuver","Deflect"],"picked":"Catalyst","floor":25},{"not_picked":["Outmaneuver","Dagger Throw","Dodge and Roll"],"picked":"Singing Bowl","floor":27}],"player_experience":1786229,"relics_obtained":[{"floor":9.0,"key":"Singing Bowl"},{"floor":10.0,"key":"Matryoshka"},{"floor":21.0,"key":"Enchiridion"},{"floor":26,"key":"Snake Skull"},{"floor":26,"key":"Ancient Tea Set"}],"event_choices":[{"damage_healed":0.0,"max_hp_gain":0.0,"max_hp_loss":0.0,"gold_gain":75.0,"event_name":"World of Goop","player_choice":"Gather Gold","floor":3.0,"gold_loss":0.0,"damage_taken":11.0},{"cards_removed":["Defend_G"],"damage_healed":0.0,"max_hp_gain":0.0,"max_hp_loss":0.0,"gold_gain":0.0,"event_name":"The Cleric","player_choice":"Card Removal","floor":5.0,"gold_loss":75.0,"damage_taken":0.0},{"cards_removed":["Strike_G"],"damage_healed":0.0,"max_hp_gain":0.0,"max_hp_loss":0.0,"gold_gain":0.0,"event_name":"Golden Wing","player_choice":"Card Removal","floor":13.0,"gold_loss":0.0,"damage_taken":7.0},{"damage_healed":0.0,"max_hp_gain":0.0,"max_hp_loss":0.0,"gold_gain":0.0,"cards_transformed":["Strike_G"],"event_name":"Living Wall","player_choice":"Change","floor":14.0,"gold_loss":0.0,"damage_taken":0.0,"cards_obtained":["Setup"]},{"cards_removed":["Strike_G"],"damage_healed":0.0,"max_hp_gain":0.0,"max_hp_loss":0.0,"gold_gain":0.0,"event_name":"Beggar","player_choice":"Gave Gold","floor":19.0,"gold_loss":75.0,"damage_taken":0.0},{"damage_healed":0.0,"max_hp_gain":5.0,"max_hp_loss":0.0,"gold_gain":0.0,"event_name":"Forgotten Altar","player_choice":"Shed Blood","floor":20.0,"gold_loss":0.0,"damage_taken":25.0},{"damage_healed":0.0,"max_hp_gain":0.0,"max_hp_loss":0.0,"gold_gain":0.0,"event_name":"Cursed Tome","player_choice":"Obtained Book","floor":21.0,"gold_loss":0.0,"damage_taken":21.0},{"damage_healed":0,"gold_gain":0,"player_choice":"Obtained Relic","damage_taken":0,"relics_obtained":["PreservedInsect"],"max_hp_gain":0,"max_hp_loss":0,"event_name":"Addict","floor":24,"gold_loss":85},{"damage_healed":0,"gold_gain":0,"player_choice":"Opened","damage_taken":0,"relics_obtained":["Old Coin"],"max_hp_gain":0,"max_hp_loss":0,"event_name":"The Mausoleum","floor":28,"gold_loss":0,"cards_obtained":["Writhe"]}],"is_beta":false,"boss_relics":[{"not_picked":["Fusion Hammer","Snecko Eye"],"picked":"Runic Pyramid"}],"items_purged_floors":[],"is_endless":false,"potions_floor_spawned":[4,8,16,18,27],"killed_by":"Snake Plant","ascension_level":20}}