{"host":"bf5upntvbdompq33","time":1613096860,"event":{"mods":["BaseMod","Colored Map","Colored Powertips","Curses Come First","Minty Spire (QoL Compilation)","StSLib","The Dragon Tamer","The Hierophant","The Marked","The Mystic","The Servant 0.9.4"],"gold_per_floor":[111,131,131,131,141,171,183,212,238,306,325,325,37,53,53,53,53],"floor_reached":16,"language":"ENG","playtime":2325,"items_purged":["Strike_R"],"score":190,"play_id":"92d11b91-02cb-4d00-90c0-e53e458302db","local_time":"20210211192740","is_ascension_mode":true,"campfire_choices":[{"data":"Bludgeon","floor":12,"key":"SMITH"},{"floor":15,"key":"REST"}],"circlet_count":0,"master_deck":["AscendersBane","Strike_R","Strike_R","Strike_R","Strike_R","Defend_R","Defend_R","Defend_R","Bash","Perfected Strike","Entrench","Bludgeon+1","Battle Trance","Pommel Strike","Seeing Red","Shrug It Off","Armaments","Inflame","Power Through"],"relics":["Burning Blood","NeowsBlessing","The Courier","Red Skull","Boot","Vajra"],"acts_visited":["Exordium"],"potions_floor_usage":[6,16,16],"damage_taken":[{"damage":0,"enemies":"Cultist","floor":1,"turns":1},{"damage":0,"enemies":"2 Louse","floor":2,"turns":1},{"damage":0,"enemies":"Jaw Worm","floor":5,"turns":1},{"damage":43,"enemies":"3 Sentries","floor":6,"turns":6},{"damage":18,"enemies":"Large Slime","floor":7,"turns":8},{"damage":40,"enemies":"Lagavulin","floor":8,"turns":5},{"damage":8,"enemies":"Blue Slaver","floor":11,"turns":2},{"damage":6,"enemies":"Looter","floor":14,"turns":2},{"damage":49,"enemies":"Hexaghost","floor":16,"turns":9}],"seed_played":"-3448232525658851667","potions_obtained":[{"floor":2,"key":"ColorlessPotion"},{"floor":5,"key":"Explosive Potion"},{"floor":6,"key":"LiquidMemories"},{"floor":7,"key":"FairyPotion"},{"floor":8,"key":"Energy Potion"}],"is_trial":false,"path_per_floor":["M","M","?","?","M","E","M","E","T","?","M","R","$","M","R","B"],"character_chosen":"IRONCLAD","items_purchased":["Shrug It Off","Armaments","Vajra","Inflame"],"campfire_rested":1,"item_purchase_floors":[13,13,13,13],"current_hp_per_floor":[74,75,75,68,74,37,25,28,28,28,26,26,26,26,48,0,0],"gold":53,"neow_bonus":"THREE_ENEMY_KILL","is_daily":false,"chose_seed":false,"campfire_upgraded":1,"win_rate":0.0,"timestamp":1613096860,"path_taken":["M","?","?","?","M","E","?","E","T","?","M","R","$","M","R","BOSS"],"items_purchased_type":["Card","Card","Relic","Card"],"build_version":"2020-12-22","purchased_purges":1,"victory":false,"max_hp_per_floor":[75,75,75,75,75,75,75,75,75,75,75,75,75,75,75,75,75],"card_choices":[{"not_picked":["Iron Wave","Heavy Blade"],"picked":"Perfected Strike","floor":1},{"not_picked":["Rage","Havoc"],"picked":"Entrench","floor":2},{"not_picked":["Cleave","Clash"],"picked":"Bludgeon","floor":5},{"not_picked":["Dual Wield","Havoc"],"picked":"Battle Trance","floor":6},{"not_picked":["Searing Blow","Wild Strike"],"picked":"Pommel Strike","floor":7},{"not_picked":["Clash","Sword Boomerang"],"picked":"Seeing Red","floor":8},{"not_picked":["Battle Trance","Warcry","Twin Strike"],"picked":"SKIP","floor":11},{"not_picked":["Perfected Strike","Sentinel"],"picked":"Power Through","floor":14}],"player_experience":1548087,"relics_obtained":[{"floor":6,"key":"The Courier"},{"floor":8,"key":"Red Skull"},{"floor":9,"key":"Boot"}],"event_choices":[{"cards_removed":["Defend_R"],"damage_healed":0,"gold_gain":0,"player_choice":"Forget","damage_taken":0,"max_hp_gain":0,"max_hp_loss":0,"event_name":"Living Wall","floor":3,"gold_loss":0},{"damage_healed":0,"gold_gain":0,"player_choice":"Damaged","damage_taken":7,"max_hp_gain":0,"max_hp_loss":0,"event_name":"Wheel of Change","floor":4,"gold_loss":0},{"damage_healed":0,"gold_gain":68,"player_choice":"Gained Gold","damage_taken":0,"max_hp_gain":0,"max_hp_loss":0,"event_name":"Golden Wing","floor":10,"gold_loss":0}],"is_beta":false,"boss_relics":[],"items_purged_floors":[13],"is_endless":false,"potions_floor_spawned":[2,5,6,7,8],"killed_by":"Hexaghost","ascension_level":14}}