{"host":"v0xbo920qxoewo3e","time":1613167526,"event":{"mods":["Act Like it!","Aspiration","Astrologer","BaseMod","Conspire","Downfall","Friendly Minions","GifTheSpireLib","Halation","Hermit","Hubris","Infinite Spire","Jedi Mod","Jorbs\u0027s Wanderer Trilogy","Koishi","Marisa????????","Minty Spire (QoL Compilation)","Potionbrewer","Rare Cards Sparkle","Reimu??????","Remilia??????","Replay The Spire","StSLib","Stuff the Spire","The Animator","The Blackbeard","The Bladedancer","The Bug Knight","The Construct","The Cursed","The Disciple","The Gatherer","The Jungle","The Problem Sleuth","The Runesmith","The Servant 0.9.4","TheBandit","Unceasing Turn Reminder"],"gold_per_floor":[217,217,237,253,253,253,286,286,286,286,31,62,8,18,18,18,18],"floor_reached":16,"language":"ENG","playtime":746,"items_purged":[],"score":217,"play_id":"7775aa87-b092-4d62-9b0a-42bf98256ee0","local_time":"20210213000526","is_ascension_mode":true,"campfire_choices":[{"data":"Beam Cell","floor":6,"key":"SMITH"},{"data":"Coolheaded","floor":8,"key":"SMITH"},{"data":"Zap","floor":10,"key":"SMITH"},{"floor":15,"key":"REST"}],"circlet_count":0,"master_deck":["AscendersBane","conspire:GhostlyStrike","conspire:GhostlyStrike","conspire:GhostlyStrike","conspire:GhostlyStrike","conspire:GhostlyDefend","conspire:GhostlyDefend","conspire:GhostlyDefend","conspire:GhostlyDefend","Zap+1","Dualcast","Beam Cell+1","Rebound","Gash","Coolheaded+1","Finesse","ReplayGash","ReplayGash","Steam Power"],"relics":["Cracked Core","halation:Gekota","jedi:shrinkray","infinitespire:Beetle Shell","TentaclePot:ReiMu","WingedGreaves"],"acts_visited":["Exordium"],"potions_floor_usage":[7],"damage_taken":[{"damage":13,"enemies":"Jaw Worm","floor":1,"turns":4},{"damage":1,"enemies":"Cultist","floor":3,"turns":3},{"damage":0,"enemies":"Small Slimes","floor":4,"turns":3},{"damage":25,"enemies":"3 Sentries","floor":7,"turns":7},{"damage":12,"enemies":"Lagavulin","floor":12,"turns":5},{"damage":6,"enemies":"Exordium Wildlife","floor":14,"turns":3},{"damage":41,"enemies":"Fading Forest","floor":16,"turns":7}],"seed_played":"-7542064336636849548","potions_obtained":[{"floor":1,"key":"PotionOfCapacity"},{"floor":4,"key":"jedi:StrikingPotion"}],"is_trial":false,"path_per_floor":["M","?","M","M","?","R","E","R","T","R","$","E","$","M","R","B"],"character_chosen":"DEFECT","items_purchased":["Finesse","TentaclePot:ReiMu","ReplayGash"],"campfire_rested":1,"item_purchase_floors":[11,11,13],"current_hp_per_floor":[55,55,54,54,54,54,29,29,29,29,29,17,17,11,33,0,0],"gold":18,"neow_bonus":"HUNDRED_GOLD","is_daily":false,"chose_seed":false,"campfire_upgraded":3,"win_rate":0.0,"timestamp":1613167526,"path_taken":["M","?","M","?","?","R","E","R","T","R","$","E","?","M","R","BOSS"],"items_purchased_type":["Card","Relic","Card"],"build_version":"2020-12-22","purchased_purges":0,"victory":false,"max_hp_per_floor":[75,75,75,75,75,75,75,75,75,75,75,75,75,75,75,75,75],"card_choices":[{"not_picked":["jedi:sharpshooter","Ball Lightning"],"picked":"Beam Cell","floor":1},{"not_picked":["Turbo","jedi:BurstFrost"],"picked":"Rebound","floor":3},{"not_picked":["Time Bomb","hubris:Ukulele"],"picked":"Gash","floor":4},{"not_picked":["jedi:bruteforce","Sweeping Beam"],"picked":"Coolheaded","floor":7},{"not_picked":["Chaos","BasicCrystalCard","Lockon"],"picked":"SKIP","floor":12},{"not_picked":["Glacier","Turbo"],"picked":"Steam Power","floor":14}],"player_experience":1479604,"relics_obtained":[{"floor":7,"key":"jedi:shrinkray"},{"floor":9,"key":"infinitespire:Beetle Shell"},{"floor":12,"key":"WingedGreaves"}],"event_choices":[{"damage_healed":0,"gold_gain":0,"player_choice":"Gave Potion","damage_taken":0,"relics_obtained":["halation:Gekota"],"max_hp_gain":0,"max_hp_loss":0,"event_name":"WeMeetAgain","floor":2,"gold_loss":0},{"damage_healed":0,"gold_gain":0,"player_choice":"Agree","damage_taken":0,"max_hp_gain":0,"max_hp_loss":0,"event_name":"conspire:LoneGhost","floor":5,"gold_loss":0}],"is_beta":false,"boss_relics":[],"items_purged_floors":[],"is_endless":false,"potions_floor_spawned":[1,4],"killed_by":"Fading Forest","ascension_level":11}}