{"host":"s24sb66hw4a4sfft","time":1613121844,"event":{"mods":["AchievementEnabler","BaseMod","Colored Map","Colored Powertips","Googly Eyes","Hermit","Hubris","Minty Spire (QoL Compilation)","Quick Restart","Shop Mod","StSLib"],"gold_per_floor":[114,66,66,86,98,125,136,167,167,167,242,21,21,21,21,122,122,141,173,173,98,124,124,149,177,177,177,208,227,227,258,258,258,258],"floor_reached":33,"language":"ENG","playtime":1667,"items_purged":["hermit:Strike_Hermit"],"score":352,"play_id":"ce39d030-25bf-425a-b574-9f80e95baab8","local_time":"20210212042404","is_ascension_mode":false,"campfire_choices":[{"data":"hermit:Maintenance","floor":10.0,"key":"SMITH"},{"floor":15.0,"key":"REST"},{"data":"hermit:Gambit","floor":23.0,"key":"SMITH"},{"floor":30.0,"key":"REST"},{"floor":32.0,"key":"REST"}],"circlet_count":0,"master_deck":["hermit:Strike_Hermit","hermit:Strike_Hermit","hermit:Strike_Hermit","hermit:Defend_Hermit","hermit:Defend_Hermit","hermit:Defend_Hermit","hermit:Defend_Hermit","hermit:Snapshot","hermit:Covet","hermit:Dissolve","hermit:EyeOfTheStorm","hermit:Quickdraw+1","hermit:Determination+1","hermit:Showdown","hermit:Roughhouse","hermit:Coalescence+1","hermit:Maintenance+1","Sadistic Nature+1","hermit:PistolWhip","hermit:DeadOrAlive","hermit:HighCaliber","hermit:HoleUp+1","hermit:Gambit+1","hubris:Ssssneak","hermit:SprayPray","hermit:RoundhouseKick","hermit:FlashPowder+1","hermit:Shortfuse"],"relics":["hermit:Momento","InkBottle","hubris:ToyBattleship","Frozen Egg 2","hubris:Towel","hubris:ScarierMask","hubris:64BitClover","hubris:Metronome"],"acts_visited":["Exordium","TheCity"],"potions_floor_usage":[],"damage_taken":[{"damage":4.0,"enemies":"Cultist","floor":1.0,"turns":4.0},{"damage":0.0,"enemies":"Jaw Worm","floor":4.0,"turns":4.0},{"damage":0.0,"enemies":"Small Slimes","floor":5.0,"turns":3.0},{"damage":23.0,"enemies":"Gremlin Nob","floor":6.0,"turns":4.0},{"damage":8.0,"enemies":"Gremlin Gang","floor":7.0,"turns":4.0},{"damage":0.0,"enemies":"Lagavulin","floor":8.0,"turns":5.0},{"damage":0.0,"enemies":"Slime Boss","floor":16.0,"turns":7.0},{"damage":7.0,"enemies":"2 Thieves","floor":18.0,"turns":2.0},{"damage":0.0,"enemies":"Chosen","floor":19.0,"turns":3.0},{"damage":15.0,"enemies":"Snake Plant","floor":22.0,"turns":5.0},{"damage":10.0,"enemies":"Shelled Parasite and Fungi","floor":24.0,"turns":6.0},{"damage":5.0,"enemies":"3 Cultists","floor":25.0,"turns":6.0},{"damage":15.0,"enemies":"Slavers","floor":28.0,"turns":5.0},{"damage":4.0,"enemies":"Centurion and Healer","floor":29.0,"turns":3.0},{"damage":6.0,"enemies":"Cultist and Chosen","floor":31.0,"turns":3.0},{"damage":22,"enemies":"hubris:MusketHawk","floor":33,"turns":6}],"seed_played":"-946381021888903490","potions_obtained":[{"floor":4.0,"key":"Regen Potion"},{"floor":19.0,"key":"LiquidMemories"},{"floor":22.0,"key":"DuplicationPotion"},{"floor":25.0,"key":"Energy Potion"},{"floor":28.0,"key":"PowerPotion"}],"is_trial":false,"path_per_floor":["M","$","?","M","M","E","M","E","T","R","?","$","?","?","R","B",null,"M","M","?","$","M","R","M","M","T","?","E","M","R","M","R","B"],"character_chosen":"HERMIT","items_purchased":["hermit:Quickdraw","Sadistic Nature+1","hermit:PistolWhip"],"campfire_rested":3,"item_purchase_floors":[2,12,12],"current_hp_per_floor":[71,71,71,71,71,56,48,48,48,48,37,37,22,22,44,44,75,68,68,68,68,53,53,43,38,38,24,9,5,29,23,47,25,25],"gold":258,"neow_bonus":"ONE_RANDOM_RARE_CARD","is_daily":false,"chose_seed":false,"campfire_upgraded":2,"win_rate":0.0,"timestamp":1613121844,"path_taken":["M","?","?","?","M","E","M","E","T","R","?","$","?","?","R","BOSS","M","M","?","?","M","R","M","M","T","?","E","?","R","M","R","BOSS"],"items_purchased_type":["Card","Card","Card"],"build_version":"2020-12-22","purchased_purges":1,"victory":false,"max_hp_per_floor":[75,75,75,75,75,75,75,75,75,75,75,75,75,75,75,75,75,75,75,75,75,75,75,75,75,75,80,80,80,80,80,80,80,80],"card_choices":[{"not_picked":["hermit:TrackingShot","hermit:Spite"],"picked":"hermit:EyeOfTheStorm","floor":1.0},{"not_picked":["hermit:Vantage","hermit:Misfire"],"picked":"hermit:Determination","floor":4.0},{"not_picked":["hermit:Snipe","hermit:SprayPray"],"picked":"hermit:Showdown","floor":5.0},{"not_picked":["hermit:HoleUp","hermit:HighCaliber"],"picked":"hermit:Roughhouse","floor":6.0},{"not_picked":["hermit:Headshot","hermit:Misfire"],"picked":"hermit:Coalescence","floor":7.0},{"not_picked":["hermit:HeroicBravado","hermit:FlashPowder"],"picked":"hermit:Maintenance","floor":8.0},{"not_picked":["hermit:Roughhouse","hermit:HeroicBravado"],"picked":"hermit:DeadOrAlive","floor":16.0},{"not_picked":["hermit:BodyArmor","hermit:Misfire"],"picked":"hermit:HighCaliber","floor":18.0},{"not_picked":["hermit:ItchyTrigger","hermit:FlashPowder"],"picked":"hermit:HoleUp+1","floor":19.0},{"not_picked":["hermit:Desperado","hermit:LuckOfTheDraw"],"picked":"hermit:SprayPray","floor":22.0},{"not_picked":["hermit:Dive","hermit:HighCaliber","hermit:Roulette"],"picked":"SKIP","floor":24.0},{"not_picked":["hermit:HighCaliber","hermit:DeadMansHand","hermit:ItchyTrigger"],"picked":"SKIP","floor":25.0},{"not_picked":["hermit:Feint","hermit:CalledShot+1"],"picked":"hermit:RoundhouseKick","floor":28.0},{"not_picked":["hermit:HoleUp","hermit:Dive"],"picked":"hermit:FlashPowder+1","floor":29.0},{"not_picked":["hermit:FullyLoaded","hermit:Coalescence"],"picked":"hermit:Shortfuse","floor":31.0}],"player_experience":632385,"relics_obtained":[{"floor":6.0,"key":"InkBottle"},{"floor":8.0,"key":"hubris:ToyBattleship"},{"floor":9.0,"key":"Frozen Egg 2"},{"floor":26.0,"key":"hubris:64BitClover"},{"floor":28.0,"key":"hubris:Metronome"}],"event_choices":[{"damage_healed":0.0,"max_hp_gain":0.0,"max_hp_loss":0.0,"gold_gain":0.0,"event_name":"Upgrade Shrine","player_choice":"Upgraded","floor":3.0,"gold_loss":0.0,"damage_taken":0.0,"cards_upgraded":["hermit:Quickdraw"]},{"damage_healed":0.0,"max_hp_gain":0.0,"max_hp_loss":0.0,"gold_gain":75.0,"event_name":"World of Goop","player_choice":"Gather Gold","floor":11.0,"gold_loss":0.0,"damage_taken":11.0},{"damage_healed":0.0,"max_hp_gain":0.0,"max_hp_loss":0.0,"gold_gain":0.0,"event_name":"Shining Light","player_choice":"Entered Light","floor":13.0,"gold_loss":0.0,"damage_taken":15.0,"cards_upgraded":["hermit:Determination","hermit:Coalescence"]},{"damage_healed":0.0,"max_hp_gain":0.0,"max_hp_loss":0.0,"gold_gain":0.0,"event_name":"Match and Keep!","player_choice":"2 cards matched","floor":20.0,"gold_loss":0.0,"damage_taken":0.0,"cards_obtained":["hermit:Gambit","hubris:Ssssneak"]},{"damage_healed":0.0,"max_hp_gain":5.0,"max_hp_loss":0.0,"gold_gain":0.0,"event_name":"Forgotten Altar","player_choice":"Shed Blood","floor":27.0,"gold_loss":0.0,"damage_taken":19.0}],"is_beta":false,"boss_relics":[{"not_picked":["hermit:DentedPlate","Runic Pyramid"],"picked":"hubris:ScarierMask"}],"items_purged_floors":[21],"is_endless":false,"potions_floor_spawned":[4,19,22,25,28],"killed_by":"hubris:MusketHawk","ascension_level":0}}