{"host":"mw3dmj42qtkbha4b","time":1613138313,"event":{"mods":["BaseMod","Colored Map","Colored Powertips","DeckTracker","Minty Spire (QoL Compilation)","StSLib","SuperFastMode"],"gold_per_floor":[109,184,196,35,35,35,35,65,88,115,115,130,130,148,148,226,226,240,218,229,229,229],"floor_reached":21,"language":"KOR","playtime":487,"items_purged":[],"score":428,"play_id":"51166189-af65-499b-a342-9da65038e4cb","local_time":"20210212225833","is_ascension_mode":true,"campfire_choices":[{"data":"Eruption","floor":6.0,"key":"SMITH"},{"data":"1","floor":13.0,"key":"LIFT"},{"data":"2","floor":15.0,"key":"LIFT"}],"circlet_count":0,"master_deck":["AscendersBane","Strike_P","Strike_P","Strike_P","Strike_P","Defend_P","Defend_P","Defend_P","Eruption+1","Vigilance"],"relics":["PureWater","NeowsBlessing","Damaru","Potion Belt","Girya","Singing Bowl","VioletLotus"],"acts_visited":["Exordium","TheCity"],"potions_floor_usage":[],"damage_taken":[{"damage":0.0,"enemies":"Small Slimes","floor":1.0,"turns":2.0},{"damage":0.0,"enemies":"2 Louse","floor":3.0,"turns":1.0},{"damage":0.0,"enemies":"Gremlin Nob","floor":8.0,"turns":1.0},{"damage":4.0,"enemies":"3 Sentries","floor":10.0,"turns":5.0},{"damage":8.0,"enemies":"Jaw Worm","floor":12.0,"turns":4.0},{"damage":0.0,"enemies":"Large Slime","floor":14.0,"turns":3.0},{"damage":31.0,"enemies":"Slime Boss","floor":16.0,"turns":9.0},{"damage":0.0,"enemies":"Chosen","floor":18.0,"turns":3.0},{"damage":26.0,"enemies":"2 Thieves","floor":19.0,"turns":4.0},{"damage":33,"enemies":"Snake Plant","floor":20,"turns":5},{"damage":63,"enemies":"Shelled Parasite and Fungi","floor":21,"turns":1}],"seed_played":"-7095079372798435086","potions_obtained":[{"floor":1.0,"key":"SteroidPotion"},{"floor":3.0,"key":"Fire Potion"},{"floor":8.0,"key":"FearPotion"},{"floor":14.0,"key":"SkillPotion"},{"floor":18.0,"key":"LiquidBronze"}],"is_trial":false,"path_per_floor":["M","?","M","$","?","R","$","E","T","E","?","M","R","M","R","B",null,"M","M","M","M"],"character_chosen":"WATCHER","items_purchased":["Damaru"],"campfire_rested":0,"item_purchase_floors":[4],"current_hp_per_floor":[61,50,50,50,43,43,43,43,43,39,39,33,33,35,35,6,57,59,35,4,0,0],"gold":229,"neow_bonus":"THREE_ENEMY_KILL","is_daily":false,"chose_seed":false,"campfire_upgraded":1,"win_rate":0.0,"timestamp":1613138313,"path_taken":["M","?","M","$","?","R","?","E","T","E","?","M","R","?","R","BOSS","M","M","M","M"],"items_purchased_type":["Relic"],"build_version":"2020-12-22","purchased_purges":0,"victory":false,"max_hp_per_floor":[68,68,68,68,68,68,68,68,68,68,68,70,70,72,72,74,74,76,78,80,80,80],"card_choices":[{"not_picked":["Sanctity","CutThroughFate","Perseverance"],"picked":"SKIP","floor":1.0},{"not_picked":["JustLucky","Halt","DeceiveReality"],"picked":"SKIP","floor":3.0},{"not_picked":["FlurryOfBlows","FlyingSleeves","ThirdEye"],"picked":"SKIP","floor":8.0},{"not_picked":["Judgement","Adaptation","SashWhip"],"picked":"SKIP","floor":10.0},{"not_picked":["Study","Vengeance","CarveReality"],"picked":"Singing Bowl","floor":12.0},{"not_picked":["WaveOfTheHand","Halt","BowlingBash"],"picked":"Singing Bowl","floor":14.0},{"not_picked":["DeusExMachina","Vault","SpiritShield"],"picked":"Singing Bowl","floor":16.0},{"not_picked":["Halt","MentalFortress","Adaptation"],"picked":"Singing Bowl","floor":18.0},{"not_picked":["Halt","SandsOfTime","Prostrate"],"picked":"Singing Bowl","floor":19.0},{"not_picked":["SashWhip+1","ClearTheMind","Meditate"],"picked":"Singing Bowl","floor":20}],"player_experience":1815012,"relics_obtained":[{"floor":8.0,"key":"Potion Belt"},{"floor":10.0,"key":"Girya"}],"event_choices":[{"damage_healed":0.0,"max_hp_gain":0.0,"max_hp_loss":0.0,"gold_gain":75.0,"event_name":"World of Goop","player_choice":"Gather Gold","floor":2.0,"gold_loss":0.0,"damage_taken":11.0},{"cards_removed":["Defend_P"],"damage_healed":0.0,"max_hp_gain":0.0,"max_hp_loss":0.0,"gold_gain":0.0,"event_name":"Golden Wing","player_choice":"Card Removal","floor":5.0,"gold_loss":0.0,"damage_taken":7.0},{"damage_healed":0.0,"max_hp_gain":0.0,"max_hp_loss":0.0,"gold_gain":0.0,"event_name":"WeMeetAgain","player_choice":"Gave Potion","floor":11.0,"gold_loss":0.0,"damage_taken":0.0,"relics_obtained":["Singing Bowl"]}],"is_beta":false,"boss_relics":[{"not_picked":["Runic Pyramid","Cursed Key"],"picked":"VioletLotus"}],"items_purged_floors":[],"is_endless":false,"potions_floor_spawned":[1,3,8,14,18],"killed_by":"Shelled Parasite and Fungi","ascension_level":20}}