{"host":"ve5hox67eka4rdnb","time":1613131961,"event":{"mods":["ATMod(∞¢Ë™Mod)","AchievementEnabler","Act Like it!","BaseMod","Downfall","Gensokyo","Hermit","Lobotomy","LobotomyExtend","Marisa£®ÏF”Í°°ƒß¿Ì…≥£©","Minty Spire (QoL Compilation)","Quick Restart","Remilia£®¿Ÿ√◊¿Ú—«£©","Replay The Spire","Shop Mod","StSLib","The Servant 0.9.4"],"gold_per_floor":[115,126,126,151,165,165,165],"floor_reached":6,"language":"ZHS","playtime":198,"items_purged":[],"score":44,"play_id":"642d0674-831c-464c-8329-2d5989db06be","local_time":"20210212201241","is_ascension_mode":true,"campfire_choices":[],"circlet_count":0,"master_deck":["Strike_B","Strike_B","Strike_B","Strike_B","Defend_B","Defend_B","Defend_B","Defend_B","Zap","Dualcast","AT_StudyProgram","Defragment","AT_DarkMatter","Turbo"],"relics":["Cracked Core","AT_ATBox","LetterFromLob","Golden Idol"],"acts_visited":["Exordium"],"potions_floor_usage":[6],"damage_taken":[{"damage":13,"enemies":"Small Slimes","floor":1,"turns":4},{"damage":0,"enemies":"Cultist","floor":2,"turns":3},{"damage":1,"enemies":"2 Louse","floor":4,"turns":2},{"damage":23,"enemies":"Exordium Wildlife","floor":5,"turns":5},{"damage":0,"enemies":"3 Sentries","floor":6,"turns":2}],"seed_played":"3790635160397438472","potions_obtained":[{"floor":1,"key":"bronze:BurnAndBuffPotion"},{"floor":2,"key":"SteroidPotion"}],"is_trial":false,"path_per_floor":["M","M","?","M","M","E"],"character_chosen":"DEFECT","items_purchased":[],"campfire_rested":0,"item_purchase_floors":[],"current_hp_per_floor":[62,62,44,43,20,20,20],"gold":165,"neow_bonus":"THREE_CARDS","is_daily":false,"chose_seed":false,"campfire_upgraded":0,"win_rate":0.0,"timestamp":1613131961,"path_taken":["M","M","?","M","M","E"],"items_purchased_type":[],"build_version":"2020-12-22","purchased_purges":0,"victory":false,"max_hp_per_floor":[75,75,75,75,75,75,75],"card_choices":[{"not_picked":["Cold Snap","Steam"],"picked":"Defragment","floor":0},{"not_picked":["Crystallizer","AT_ThunderBolt"],"picked":"AT_DarkMatter","floor":1},{"not_picked":["Reprogram","Gash","Redo"],"picked":"SKIP","floor":2},{"not_picked":["Streamline","Stack"],"picked":"Turbo","floor":4},{"not_picked":["Leap","BasicCrystalCard","Chill"],"picked":"SKIP","floor":5}],"player_experience":207445,"relics_obtained":[{"floor":1,"key":"LetterFromLob"}],"event_choices":[{"damage_healed":0,"gold_gain":0,"player_choice":"Take Damage","damage_taken":18,"relics_obtained":["Golden Idol"],"max_hp_gain":0,"max_hp_loss":0,"event_name":"Golden Idol","floor":3,"gold_loss":0}],"is_beta":false,"boss_relics":[],"items_purged_floors":[],"is_endless":false,"potions_floor_spawned":[1,2],"killed_by":"3 Sentries","ascension_level":3}}