{"host":"qm4rv4rkpk76sbxu","time":1613135531,"event":{"mods":["BaseMod","Bestiary","Block Reminder","DeckTracker","Filter the Spire","Keyboard Shortcuts","Minty Spire (QoL Compilation)","MonsterHotkey","Quick Restart","Random Character Button","Relic Stats","Slay-I","StSLib","Unceasing Turn Reminder","ojb\u0027s Better Paths Mod","ojb\u0027s Info Mod"],"gold_per_floor":[112,112,187,199,199,199,120,120,166,166,186,216,239,257,257,354,354,371,388,388,401,412,412,447,460,460,460,0,0,30,30,30,130,130,146,146,162,162,182,209,222,257,282,307,407,435,435,452,452,452,452,452,126,158,158],"floor_reached":56,"language":"ENG","playtime":7526,"items_purged":["Pain"],"score":1654,"play_id":"dcd7567e-42e8-4c38-83c6-5fedaca43da3","local_time":"20210212141211","is_ascension_mode":true,"campfire_choices":[{"data":"Backstab","floor":6.0,"key":"SMITH"},{"data":"Neutralize","floor":8.0,"key":"SMITH"},{"floor":10.0,"key":"REST"},{"data":"Noxious Fumes","floor":15.0,"key":"SMITH"},{"data":"Catalyst","floor":23.0,"key":"SMITH"},{"data":"Corpse Explosion","floor":27.0,"key":"SMITH"},{"data":"Burst","floor":29.0,"key":"SMITH"},{"data":"Leg Sweep","floor":32.0,"key":"SMITH"},{"data":"Discovery","floor":47,"key":"SMITH"},{"floor":49,"key":"RECALL"},{"data":"Corpse Explosion","floor":52,"key":"SMITH"}],"circlet_count":0,"master_deck":["Strike_G+1","Strike_G+1","Strike_G","Strike_G","Defend_G","Defend_G","Defend_G","Defend_G","Survivor","Neutralize+1","Backstab+1","Flying Knee","Noxious Fumes+1","Quick Slash","Corpse Explosion+1","Leg Sweep+1","Outmaneuver+1","Corpse Explosion+1","Catalyst+1","Acrobatics+1","Burst+1","Footwork+1","Discovery+1","Leg Sweep","Acrobatics+1","Blur+1","PiercingWail+1","Underhanded Strike+1","Dodge and Roll+1"],"relics":["Ring of the Snake","Whetstone","Smiling Mask","Mango","Potion Belt","Anchor","Ancient Tea Set","Snecko Eye","PreservedInsect","Prayer Wheel","Lee\u0027s Waffle","Frozen Egg 2","Cursed Key","Bag of Marbles","Du-Vu Doll","Unceasing Top","Boot","Medical Kit","Bottled Flame"],"acts_visited":["Exordium","TheCity","TheBeyond","TheEnding"],"potions_floor_usage":[44,46,50,50,55,55,55,55,55],"damage_taken":[{"damage":0.0,"enemies":"2 Louse","floor":1.0,"turns":2.0},{"damage":0.0,"enemies":"Small Slimes","floor":4.0,"turns":5.0},{"damage":0.0,"enemies":"Cultist","floor":11.0,"turns":2.0},{"damage":27.0,"enemies":"3 Sentries","floor":12.0,"turns":10.0},{"damage":0.0,"enemies":"Exordium Wildlife","floor":14.0,"turns":4.0},{"damage":26.0,"enemies":"Slime Boss","floor":16.0,"turns":8.0},{"damage":12.0,"enemies":"3 Byrds","floor":18.0,"turns":3.0},{"damage":8.0,"enemies":"2 Thieves","floor":19.0,"turns":3.0},{"damage":22.0,"enemies":"Snake Plant","floor":21.0,"turns":5.0},{"damage":8.0,"enemies":"3 Cultists","floor":22.0,"turns":3.0},{"damage":4.0,"enemies":"Slavers","floor":24.0,"turns":2.0},{"damage":10.0,"enemies":"Centurion and Healer","floor":25.0,"turns":5.0},{"damage":0.0,"enemies":"Gremlin Leader","floor":30.0,"turns":4.0},{"damage":25.0,"enemies":"Champ","floor":33.0,"turns":4.0},{"damage":0.0,"enemies":"3 Darklings","floor":35.0,"turns":2.0},{"damage":0.0,"enemies":"Orb Walker","floor":37.0,"turns":3.0},{"damage":0.0,"enemies":"4 Shapes","floor":39.0,"turns":3.0},{"damage":0.0,"enemies":"Nemesis","floor":40.0,"turns":7.0},{"damage":8,"enemies":"Spire Growth","floor":41,"turns":5},{"damage":0,"enemies":"Reptomancer","floor":42,"turns":2},{"damage":1,"enemies":"Giant Head","floor":44,"turns":7},{"damage":22,"enemies":"Reptomancer","floor":46,"turns":5},{"damage":4,"enemies":"Sphere and 2 Shapes","floor":48,"turns":4},{"damage":45,"enemies":"Time Eater","floor":50,"turns":8},{"damage":0,"enemies":"Shield and Spear","floor":54,"turns":1},{"damage":11,"enemies":"The Heart","floor":55,"turns":5}],"seed_played":"-2720847419007488530","potions_obtained":[{"floor":1.0,"key":"DuplicationPotion"},{"floor":4.0,"key":"EssenceOfSteel"},{"floor":18.0,"key":"DistilledChaos"},{"floor":24.0,"key":"PowerPotion"},{"floor":30.0,"key":"ColorlessPotion"},{"floor":37.0,"key":"BlessingOfTheForge"},{"floor":44,"key":"Regen Potion"},{"floor":48,"key":"DistilledChaos"},{"floor":54,"key":"LiquidMemories"}],"is_trial":false,"path_per_floor":["M","?","?","M","?","R","?","R","T","R","M","E","T","M","R","B",null,"M","M","?","M","M","R","E","M","T","R","$","R","E","?","R","B",null,"M","?","M","?","M","E","M","E","T","E","?","E","R","M","R","B",null,"R","$","E","B",null],"character_chosen":"THE_SILENT","items_purchased":["Lee\u0027s Waffle","Burst","GhostInAJar","Swift Potion","Medical Kit","BlessingOfTheForge","CunningPotion"],"campfire_rested":1,"item_purchase_floors":[28,28,28,28,53,53,53],"current_hp_per_floor":[70,63,52,52,19,19,33,33,33,58,58,31,31,31,31,5,84,72,64,64,42,34,34,30,20,20,20,91,91,91,73,73,48,96,96,86,86,86,86,86,78,78,78,77,77,55,55,51,51,6,96,96,96,96,94],"gold":158,"neow_bonus":"RANDOM_COMMON_RELIC","is_daily":false,"chose_seed":false,"campfire_upgraded":9,"win_rate":0.0,"timestamp":1613135531,"path_taken":["M","?","?","M","?","R","?","R","T","R","?","E","?","M","R","BOSS","M","?","?","M","M","R","E","?","T","R","?","R","E","?","R","BOSS","M","?","M","?","M","E","M","E","T","E","?","E","R","?","R","BOSS","R","$","E","BOSS"],"items_purchased_type":["Relic","Card","Potion","Potion","Relic","Potion","Potion"],"build_version":"2020-12-22","purchased_purges":1,"victory":true,"max_hp_per_floor":[70,70,70,70,70,70,84,84,84,84,84,84,84,84,84,84,84,84,84,84,84,84,84,84,84,84,84,91,91,91,96,96,96,96,96,96,96,96,96,96,96,96,96,96,96,96,96,96,96,96,96,96,96,96,96],"relic_stats":{"Lee\u0027s Waffle":71,"counters":[26,112],"PreservedInsect":406,"Whetstone":["Strike_G","Strike_G"],"Smiling Mask":25,"Cursed Key":1,"Boot":[2],"Medical Kit":[4],"Snecko Eye":[173,183,170,175],"Prayer Wheel":5,"obtain_stats":[{"Potion Belt":9,"Lee\u0027s Waffle":28,"Mango":7,"PreservedInsect":24,"Whetstone":0,"Frozen Egg 2":30,"Smiling Mask":5,"Ancient Tea Set":13,"Cursed Key":34,"Boot":46,"Medical Kit":53,"Du-Vu Doll":42,"Anchor":12,"Bottled Flame":54,"Snecko Eye":17,"Prayer Wheel":26,"Bag of Marbles":40,"Unceasing Top":44,"Ring of the Snake":0},{"Potion Belt":2,"Lee\u0027s Waffle":12,"Mango":2,"PreservedInsect":11,"Whetstone":0,"Frozen Egg 2":13,"Smiling Mask":2,"Ancient Tea Set":4,"Cursed Key":14,"Boot":22,"Medical Kit":24,"Du-Vu Doll":20,"Anchor":4,"Bottled Flame":25,"Snecko Eye":6,"Prayer Wheel":12,"Bag of Marbles":18,"Unceasing Top":21,"Ring of the Snake":0},{"Potion Belt":7,"Lee\u0027s Waffle":52,"Mango":7,"PreservedInsect":47,"Whetstone":0,"Frozen Egg 2":56,"Smiling Mask":7,"Ancient Tea Set":19,"Cursed Key":60,"Boot":94,"Medical Kit":106,"Du-Vu Doll":82,"Anchor":19,"Bottled Flame":107,"Snecko Eye":31,"Prayer Wheel":52,"Bag of Marbles":75,"Unceasing Top":89,"Ring of the Snake":0}],"Unceasing Top":[3],"Ring of the Snake":[52]},"card_choices":[{"not_picked":["Dagger Throw","Dagger Spray"],"picked":"Backstab","floor":4.0},{"not_picked":["Caltrops","Underhanded Strike"],"picked":"Flying Knee","floor":11.0},{"not_picked":["Burst","Blade Dance"],"picked":"Noxious Fumes","floor":12.0},{"not_picked":["Choke","Prepared"],"picked":"Quick Slash","floor":14.0},{"not_picked":["Doppelganger","Tools of the Trade"],"picked":"Corpse Explosion","floor":16.0},{"not_picked":["Endless Agony+1","Dodge and Roll"],"picked":"Leg Sweep","floor":18.0},{"not_picked":["Setup","Riddle With Holes"],"picked":"Outmaneuver+1","floor":19.0},{"not_picked":["Calculated Gamble","Well Laid Plans"],"picked":"Catalyst","floor":21.0},{"not_picked":["Backflip","Dagger Throw"],"picked":"Acrobatics+1","floor":22.0},{"not_picked":["Dodge and Roll+1","Dagger Spray","Outmaneuver"],"picked":"SKIP","floor":24.0},{"not_picked":["Dagger Spray","Sucker Punch","Acrobatics"],"picked":"SKIP","floor":25.0},{"not_picked":["Sucker Punch+1","PiercingWail","Noxious Fumes+1"],"picked":"SKIP","floor":30.0},{"not_picked":["Acrobatics+1","Concentrate"],"picked":"Footwork+1","floor":35.0},{"not_picked":["Slice","Flying Knee+1","Poisoned Stab+1"],"picked":"SKIP","floor":35.0},{"not_picked":["Impatience","Finesse"],"picked":"Discovery","floor":36.0},{"not_picked":["Reflex","Calculated Gamble+1"],"picked":"Leg Sweep","floor":37.0},{"not_picked":["Underhanded Strike+1","Outmaneuver","Dagger Throw+1"],"picked":"SKIP","floor":37.0},{"not_picked":["Underhanded Strike","Sucker Punch+1"],"picked":"Acrobatics+1","floor":39.0},{"not_picked":["Bane","Quick Slash","Endless Agony"],"picked":"SKIP","floor":39.0},{"not_picked":["Backstab","A Thousand Cuts+1","Cloak And Dagger+1"],"picked":"SKIP","floor":40},{"not_picked":["Riddle With Holes","Noxious Fumes+1"],"picked":"Blur+1","floor":41},{"not_picked":["Crippling Poison","Distraction+1"],"picked":"PiercingWail+1","floor":41},{"not_picked":["Quick Slash+1","Dagger Spray","Heel Hook"],"picked":"SKIP","floor":42},{"not_picked":["Adrenaline","Deadly Poison+1"],"picked":"Underhanded Strike+1","floor":44},{"not_picked":["Dodge and Roll+1","Terror+1","Concentrate"],"picked":"SKIP","floor":46},{"not_picked":["Terror+1","Concentrate"],"picked":"Dodge and Roll+1","floor":46},{"not_picked":["Dodge and Roll","Eviscerate","Skewer+1"],"picked":"SKIP","floor":48},{"not_picked":["Prepared+1","Flying Knee+1","Outmaneuver"],"picked":"SKIP","floor":48},{"not_picked":["Dash","Deadly Poison","Cloak And Dagger"],"picked":"SKIP","floor":54}],"player_experience":1557458,"relics_obtained":[{"floor":9.0,"key":"Potion Belt"},{"floor":12.0,"key":"Anchor"},{"floor":13.0,"key":"Ancient Tea Set"},{"floor":24.0,"key":"PreservedInsect"},{"floor":26.0,"key":"Prayer Wheel"},{"floor":30.0,"key":"Frozen Egg 2"},{"floor":40,"key":"Bag of Marbles"},{"floor":42,"key":"Du-Vu Doll"},{"floor":44,"key":"Unceasing Top"},{"floor":46,"key":"Boot"},{"floor":54,"key":"Bottled Flame"}],"event_choices":[{"cards_removed":["Defend_G"],"damage_healed":0.0,"max_hp_gain":0.0,"max_hp_loss":0.0,"gold_gain":0.0,"event_name":"Golden Wing","player_choice":"Card Removal","floor":2.0,"gold_loss":0.0,"damage_taken":7.0},{"damage_healed":0.0,"max_hp_gain":0.0,"max_hp_loss":0.0,"gold_gain":75.0,"event_name":"World of Goop","player_choice":"Gather Gold","floor":3.0,"gold_loss":0.0,"damage_taken":11.0},{"damage_healed":0.0,"max_hp_gain":0.0,"max_hp_loss":0.0,"gold_gain":0.0,"event_name":"Scrap Ooze","player_choice":"Success","floor":5.0,"gold_loss":0.0,"damage_taken":33.0,"relics_obtained":["Smiling Mask"]},{"damage_healed":0.0,"max_hp_gain":0.0,"max_hp_loss":0.0,"gold_gain":0.0,"event_name":"WeMeetAgain","player_choice":"Paid Gold","floor":7.0,"gold_loss":79.0,"damage_taken":0.0,"relics_obtained":["Mango"]},{"damage_healed":0.0,"max_hp_gain":0.0,"max_hp_loss":0.0,"gold_gain":0.0,"event_name":"Duplicator","player_choice":"Copied","floor":20.0,"gold_loss":0.0,"damage_taken":0.0,"cards_obtained":["Corpse Explosion"]},{"damage_healed":0.0,"max_hp_gain":5.0,"max_hp_loss":0.0,"gold_gain":0.0,"event_name":"Forgotten Altar","player_choice":"Shed Blood","floor":31.0,"gold_loss":0.0,"damage_taken":23.0},{"damage_healed":0.0,"max_hp_gain":0.0,"max_hp_loss":0.0,"gold_gain":0.0,"event_name":"SensoryStone","player_choice":"Memory 3","floor":36.0,"gold_loss":0.0,"damage_taken":10.0},{"cards_removed":["Strike_G"],"damage_healed":0.0,"max_hp_gain":0.0,"max_hp_loss":0.0,"gold_gain":0.0,"event_name":"Falling","player_choice":"Removed Attack","floor":38.0,"gold_loss":0.0,"damage_taken":0.0},{"damage_healed":0,"gold_gain":100,"player_choice":"Pray","damage_taken":0,"max_hp_gain":0,"max_hp_loss":0,"event_name":"Golden Shrine","floor":45,"gold_loss":0}],"is_beta":false,"boss_relics":[{"not_picked":["Calling Bell","Pandora\u0027s Box"],"picked":"Snecko Eye"},{"not_picked":["Runic Dome","Runic Pyramid"],"picked":"Cursed Key"}],"items_purged_floors":[53],"is_endless":false,"potions_floor_spawned":[1,4,18,24,30,35,37,44,48,54],"ascension_level":4}}