{"host":"ctlqibkg0sskiu65","time":1613102603,"event":{"mods":["AchievementEnabler","Aspiration","Astrologer","BaseMod","Better Third Choice","BetterRewards","Colored Map","Colored Powertips","Conspire","Curses Come First","Fiend Mod","Infinite Spire","Minty Spire (QoL Compilation)","Potionbrewer","Quick Restart","Reliquary","Replay The Spire","Robot Space Explorer","Shade Mod","Shop Mod","StSLib","The Blackbeard","The Bladedancer","The Cursed","The Death Knight","The Hierophant","The Jungle","The Kombatant","The Necromancer","The Poker Player","The Servant 0.9.4","TheBandit","Wide Potions","thorton"],"gold_per_floor":[114,131,153,153,11,11,11,11,11,55,94,121,121,143,143,169,169,196,196,196,0,28,28,28,28,51,51,92,421,421,421,421,567,567,674,674,674,331,399,510,510,579,626,712,712,371,371,37,37,93],"floor_reached":51,"language":"ENG","playtime":4320,"items_purged":["Normality","TheCursedMod:Dregs","Injury","thethorton:Defend"],"score":1016,"play_id":"fc33f264-5709-4497-b10c-3dbc633905a6","local_time":"20210211220323","is_ascension_mode":false,"campfire_choices":[{"data":"thethorton:DoubleRun","floor":6.0,"key":"SMITH"},{"data":"thethorton:PocketChange","floor":8.0,"key":"SMITH"},{"data":"thethorton:Heckle","floor":13.0,"key":"SMITH"},{"data":"thethorton:HitAhead","floor":15.0,"key":"SMITH"},{"data":"thethorton:WhirlingBriefcase","floor":23.0,"key":"SMITH"},{"data":"thethorton:RunningKick","floor":24.0,"key":"SMITH"},{"data":"thethorton:BoardroomBlast","floor":27.0,"key":"SMITH"},{"data":"thethorton:Defend","floor":32,"key":"SMITH"},{"floor":41,"key":"REST"},{"data":"thethorton:Octopus","floor":45,"key":"SMITH"},{"data":"thethorton:Defend","floor":47,"key":"SMITH"},{"data":"thethorton:Defend","floor":49,"key":"SMITH"}],"circlet_count":0,"master_deck":["thethorton:Strike+1","thethorton:Strike+1","thethorton:Strike+1","thethorton:Strike+1","thethorton:Defend+1","thethorton:Defend+1","thethorton:Defend+1","thethorton:Heckle+1","thethorton:CreditCard","thethorton:BoardroomBlast+1","thethorton:PocketChange+1","thethorton:DoubleRun+1","thethorton:FearfulRun+1","thethorton:RunningKick+1","thethorton:BusinessCard+1","thethorton:WhirlingBriefcase+1","thethorton:HitAhead+1","Pot Of Greed+1","Pot Of Greed+1","thethorton:BusinessBurst+1","thethorton:CallIn+1","Pot Of Greed+1","thethorton:Rebalance+1","thethorton:Jackpot+1","thethorton:Octopus+1","thethorton:CoinShield+1","infinitespire:Collect+1","thethorton:GoldBuffer+1","thethorton:Investment+1","thethorton:LongTermPayoff+1","Bandage Up+1","Dark Shackles+1"],"relics":["thethorton:CouragePotion","Membership Card","Matryoshka","Bronze Scales","CaptainsWheel","Toxic Egg 2","thethorton:BrokenCalculator","infinitespire:EmpoweringShard","Replay:Bottled Eggs","Mirror","Replay:Ancient Bell","Grinning Jar","Pear","WingedGreaves","infinitespire:Beetle Shell","Sling","potionbrewer:Torch","reliquary:PartyBalloon","reliquary:RosewoodLute","Lantern","infinitespire:EvilPickle","Fiend:Scarf","reliquary:ExpiredCoupon","Medical Kit","infinitespire:BottledMercury","reliquary:TatteredRug","Regal Pillow","ReplayTheSpireMod:Lightbulb","reliquary:BrokenClock","Anchor","conspire:TopHat","aspiration:KaomsHeart"],"acts_visited":["Exordium","TheCity","TheBeyond"],"potions_floor_usage":[28,33,33,44],"damage_taken":[{"damage":14.0,"enemies":"infinitespire:Voidling","floor":1.0,"turns":5.0},{"damage":0.0,"enemies":"conspire:RoseBush","floor":2.0,"turns":3.0},{"damage":7.0,"enemies":"Jaw Worm","floor":3.0,"turns":3.0},{"damage":14.0,"enemies":"Large Slime","floor":10.0,"turns":3.0},{"damage":0.0,"enemies":"Gremlin Nob","floor":11.0,"turns":3.0},{"damage":4.0,"enemies":"Blue Slaver","floor":12.0,"turns":3.0},{"damage":2.0,"enemies":"Looter","floor":14.0,"turns":2.0},{"damage":20.0,"enemies":"Fading Forest","floor":16.0,"turns":11.0},{"damage":2.0,"enemies":"Spheric Guardian","floor":18.0,"turns":4.0},{"damage":0.0,"enemies":"conspire:FuzzyDice","floor":22.0,"turns":4.0},{"damage":9,"enemies":"conspire:Head Lice","floor":28,"turns":6},{"damage":0,"enemies":"Centurion and Healer","floor":29,"turns":4},{"damage":30,"enemies":"Pondfish","floor":33,"turns":11},{"damage":9,"enemies":"3 Darklings","floor":35,"turns":3},{"damage":0,"enemies":"Orb Walker","floor":39,"turns":3},{"damage":4,"enemies":"Reptomancer","floor":40,"turns":6},{"damage":21,"enemies":"Transient","floor":42,"turns":5},{"damage":8,"enemies":"Jaw Worm Horde","floor":44,"turns":3},{"damage":18,"enemies":"Awakened One","floor":50,"turns":14}],"seed_played":"9006839001849262590","potions_obtained":[{"floor":1.0,"key":"DeathKnight:RimePotion"},{"floor":10.0,"key":"Toxic Potion"},{"floor":12.0,"key":"Energy Potion"},{"floor":18.0,"key":"Languid Potion"},{"floor":29,"key":"Death Potion"},{"floor":39,"key":"BlessingOfTheForge"},{"floor":42,"key":"potionbrewer:ToxicPotion"}],"is_trial":false,"path_per_floor":["M","M","M","?","$","R","?","R","T","M","E","M","R","M","R","B",null,"M","?","?","$","M","R","R","R","T","R","E","M","?","?","R","B",null,"M","?","?","$","M","E","R","M","T","M","R","$","R","$","R","B",null],"character_chosen":"THE_THORT","items_purchased":["Membership Card","Matryoshka","Bronze Scales","potionbrewer:EndurancePotion","thethorton:BrokenCalculator","thethorton:FearfulRun+1","infinitespire:Beetle Shell","Sling","reliquary:ExpiredCoupon","Medical Kit","infinitespire:BottledMercury","reliquary:BrokenClock","Anchor","conspire:TopHat","Bandage Up+1","aspiration:KaomsHeart","infinitespire:Broken Mirror","Dark Shackles+1"],"campfire_rested":1,"item_purchase_floors":[0,0,0,0,5,5,21,21,38,38,38,46,46,46,46,48,48,48],"current_hp_per_floor":[61,61,54,54,54,54,59,59,59,45,45,41,41,39,39,29,83,81,81,81,81,81,81,81,81,81,81,72,72,72,72,72,42,83,74,54,54,54,54,50,83,62,62,54,54,54,54,154,154,142],"gold":93,"neow_bonus":"","is_daily":false,"chose_seed":false,"campfire_upgraded":11,"win_rate":0.0,"timestamp":1613102603,"path_taken":["M","M","?","?","?","R","?","R","T","M","E","M","R","M","R","BOSS","M","?","?","$","?","R","R","R","T","R","E","M","?","?","R","BOSS","M","?","?","$","M","E","R","M","T","?","R","?","R","$","R","BOSS"],"items_purchased_type":["Relic","Relic","Relic","Potion","Relic","Card","Relic","Relic","Relic","Relic","Relic","Relic","Relic","Relic","Card","Relic","Relic","Card"],"build_version":"2020-12-22","purchased_purges":4,"victory":true,"max_hp_per_floor":[68,68,68,68,68,68,73,73,73,73,73,73,73,73,73,73,83,83,83,83,83,83,83,83,83,83,83,83,83,83,83,83,83,83,83,83,83,83,83,83,83,83,83,83,83,83,83,183,183,183],"card_choices":[{"not_picked":["thethorton:BookBash","thethorton:AngerMoment"],"picked":"thethorton:BoardroomBlast","floor":1.0},{"not_picked":["thethorton:DownPayment","thethorton:StumblingSlap"],"picked":"thethorton:PocketChange","floor":2.0},{"not_picked":["thethorton:CashBash","thethorton:PocketChange"],"picked":"thethorton:DoubleRun","floor":3.0},{"not_picked":["thethorton:ToxicGreed+1","thethorton:CoinClash"],"picked":"thethorton:RunningKick","floor":10.0},{"not_picked":["thethorton:ChartProject+1","thethorton:GoldBuffer+1"],"picked":"thethorton:BusinessCard+1","floor":11.0},{"not_picked":["thethorton:StumblingSlap","thethorton:Crash"],"picked":"thethorton:WhirlingBriefcase","floor":12.0},{"not_picked":["thethorton:ElbowSmash","thethorton:PocketChange"],"picked":"thethorton:HitAhead","floor":14.0},{"not_picked":["Doubt","ReplayTheSpireMod:IOU"],"picked":"ReplayTheSpireMod:Faulty Equipment","floor":17.0},{"not_picked":["Languid","Sickly"],"picked":"TheCursedMod:Dregs","floor":17.0},{"not_picked":["Hallucinations","conspire:NecroticWound"],"picked":"TheCursedMod:Dregs","floor":17.0},{"not_picked":["thethorton:ShoutAndRun+1","thethorton:Crash+1"],"picked":"thethorton:BusinessBurst+1","floor":18.0},{"not_picked":["thethorton:HitAhead","thethorton:CoffeeBlast+1"],"picked":"thethorton:CallIn+1","floor":22.0},{"not_picked":["thethorton:RunningKick","thethorton:DualBap"],"picked":"thethorton:Rebalance+1","floor":28},{"not_picked":["thethorton:DockPay+1","thethorton:GoldBuffer+1"],"picked":"thethorton:Jackpot+1","floor":29},{"not_picked":["thethorton:SummonProfit+1","thethorton:EquivalentExchange+1"],"picked":"thethorton:Octopus","floor":33},{"not_picked":["thethorton:BookBash","thethorton:RunningKick"],"picked":"thethorton:CoinShield+1","floor":35},{"not_picked":["infinitespire:Oblivion","infinitespire:SevenWalls"],"picked":"infinitespire:Collect","floor":36},{"not_picked":["thethorton:CashBash+1","thethorton:ShoutAndRun+1"],"picked":"thethorton:GoldBuffer+1","floor":39},{"not_picked":["thethorton:GoldBuffer+1","thethorton:ShoutAndRun+1"],"picked":"thethorton:Investment+1","floor":40},{"not_picked":["thethorton:Distance+1","thethorton:DualBap+1"],"picked":"thethorton:LongTermPayoff+1","floor":42},{"not_picked":["thethorton:LongTermPayoff+1","thethorton:Distance+1","thethorton:WhirlingBriefcase"],"picked":"SKIP","floor":44}],"player_experience":286963,"relics_obtained":[{"floor":9.0,"key":"infinitespire:EmpoweringShard"},{"floor":9.0,"key":"Replay:Bottled Eggs"},{"floor":11.0,"key":"Mirror"},{"floor":26.0,"key":"potionbrewer:Torch"},{"floor":26.0,"key":"reliquary:PartyBalloon"},{"floor":28,"key":"Lantern"},{"floor":40,"key":"Regal Pillow"},{"floor":43,"key":"ReplayTheSpireMod:Lightbulb"}],"event_choices":[{"damage_healed":0.0,"max_hp_gain":5.0,"max_hp_loss":0.0,"gold_gain":0.0,"event_name":"Big Fish","player_choice":"Donut","floor":7.0,"gold_loss":0.0,"damage_taken":0.0},{"damage_healed":0.0,"max_hp_gain":0.0,"max_hp_loss":0.0,"gold_gain":0.0,"event_name":"Ghosts","player_choice":"Ignored","floor":19.0,"gold_loss":0.0,"damage_taken":0.0},{"damage_healed":0.0,"max_hp_gain":0.0,"max_hp_loss":0.0,"gold_gain":0.0,"event_name":"Accursed Blacksmith","player_choice":"Forge","floor":20.0,"gold_loss":0.0,"damage_taken":0.0,"cards_upgraded":["ReplayTheSpireMod:Faulty Equipment"]},{"damage_healed":0,"gold_gain":0,"player_choice":"Ignored","damage_taken":0,"max_hp_gain":0,"max_hp_loss":0,"event_name":"Vampires","floor":30,"gold_loss":0},{"cards_removed":["TheCursedMod:Dregs"],"damage_healed":0,"gold_gain":0,"player_choice":"Elegance","damage_taken":0,"max_hp_gain":0,"max_hp_loss":0,"event_name":"betterThird:BetterWriting","floor":31,"gold_loss":0},{"damage_healed":0,"gold_gain":0,"player_choice":"Ignored","damage_taken":0,"max_hp_gain":0,"max_hp_loss":0,"event_name":"betterThird:BetterPortal","floor":37,"gold_loss":0}],"is_beta":false,"boss_relics":[{"not_picked":["reliquary:RedPaperclip","conspire:SlowCooker"],"picked":"Replay:Ancient Bell"},{"not_picked":["Boot","reliquary:SharkskinSheath"],"picked":"Grinning Jar"},{"not_picked":["Eternal Feather","ReplayTheSpireMod:Ninjato"],"picked":"Pear"},{"not_picked":["Replay:Kaleidoscope","infinitespire:Lychee Nut"],"picked":"WingedGreaves"},{"not_picked":["aspiration:SilentSkillbook","ReplayTheSpireMod:SealedPack"],"picked":"Fiend:Scarf"}],"items_purged_floors":[5,21,38,46],"is_endless":false,"potions_floor_spawned":[1,10,12,16,18,29,39,42],"ascension_level":0}}