{"host":"xz7n3qy1zq36rzpg","time":1613146864,"event":{"mods":["BaseMod","Colored Map","Colored Powertips","Highlight Path","Minty Spire (QoL Compilation)","Quick Restart","Shop Mod"],"gold_per_floor":[110,110,110,126,126,126,196,216,216,246,282,282,296,317,317,442,442,456,456,480,505,171,171,210,210,235,253,253,253,266,290,290,418,418,431,276,294,308,327,327,370,370,394,394,73,93,156,156,156,156],"floor_reached":51,"language":"ENG","playtime":3289,"items_purged":["Strike_B"],"score":769,"play_id":"61e0ac49-3114-42b1-9788-dec6c1b07a6b","local_time":"20210212172104","is_ascension_mode":true,"campfire_choices":[{"data":"Zap","floor":6,"key":"SMITH"},{"floor":12,"key":"REST"},{"data":"Sweeping Beam","floor":15,"key":"SMITH"},{"floor":23,"key":"REST"},{"floor":25,"key":"REST"},{"floor":32,"key":"REST"},{"floor":40,"key":"REST"},{"data":"Creative AI","floor":42,"key":"SMITH"},{"data":"Defragment","floor":44,"key":"SMITH"},{"floor":49,"key":"REST"}],"circlet_count":0,"master_deck":["Strike_B","Strike_B","Strike_B","Defend_B","Defend_B","Defend_B","Zap+1","Dualcast","Beam Cell+1","Leap","Loop","Machine Learning","Sweeping Beam+1","Defragment+1","Stack","Creative AI+1","Hologram+1","Forethought","Coolheaded","Consume+1","Beam Cell+1","Double Energy+1","Cold Snap+1","Barrage+1","Ball Lightning+1","BootSequence+1","Barrage+1","FTL+1","Hello World","Ball Lightning+1","Self Repair"],"relics":["FrozenCore","Golden Idol","Meat on the Bone","Ornamental Fan","Odd Mushroom","Darkstone Periapt","Sozu","Molten Egg 2","StrikeDummy","MealTicket","Shuriken","Vajra","Pear","Ancient Tea Set","Mummified Hand","Dead Branch"],"acts_visited":["Exordium","TheCity","TheBeyond"],"potions_floor_usage":[16],"damage_taken":[{"damage":2,"enemies":"Small Slimes","floor":1,"turns":3},{"damage":0,"enemies":"2 Louse","floor":4,"turns":3},{"damage":1,"enemies":"Cultist","floor":8,"turns":3},{"damage":22,"enemies":"The Mushroom Lair","floor":10,"turns":4},{"damage":24,"enemies":"Gremlin Nob","floor":11,"turns":4},{"damage":2,"enemies":"Looter","floor":13,"turns":2},{"damage":11,"enemies":"Blue Slaver","floor":14,"turns":4},{"damage":25,"enemies":"Slime Boss","floor":16,"turns":8},{"damage":0,"enemies":"Chosen","floor":18,"turns":4},{"damage":27,"enemies":"Spheric Guardian","floor":20,"turns":4},{"damage":22,"enemies":"Centurion and Healer","floor":21,"turns":8},{"damage":33,"enemies":"Slavers","floor":24,"turns":8},{"damage":25,"enemies":"Snake Plant","floor":27,"turns":5},{"damage":8,"enemies":"Snecko","floor":30,"turns":4},{"damage":18,"enemies":"Centurion and Healer","floor":31,"turns":8},{"damage":21,"enemies":"Champ","floor":33,"turns":10},{"damage":2,"enemies":"3 Shapes","floor":35,"turns":7},{"damage":3,"enemies":"Orb Walker","floor":37,"turns":4},{"damage":9,"enemies":"Maw","floor":38,"turns":8},{"damage":20,"enemies":"Jaw Worm Horde","floor":39,"turns":5},{"damage":32,"enemies":"Giant Head","floor":41,"turns":11},{"damage":29,"enemies":"Transient","floor":46,"turns":5},{"damage":11,"enemies":"Mind Bloom Boss Battle","floor":47,"turns":6},{"damage":47,"enemies":"Time Eater","floor":50,"turns":8}],"seed_played":"-5582984204071140937","potions_obtained":[{"floor":10,"key":"SpeedPotion"},{"floor":13,"key":"Fire Potion"}],"is_trial":false,"path_per_floor":["M","?","?","M","?","R","T","M","T","?","E","R","M","M","R","B",null,"M","?","M","M","$","R","E","R","T","M","?","T","M","M","R","B",null,"M","$","M","M","M","R","E","R","T","R","$","M","?","?","R","B",null],"character_chosen":"DEFECT","items_purchased":["Molten Egg 2","Vajra","Mummified Hand","Hello World"],"campfire_rested":6,"item_purchase_floors":[22,36,45,45],"current_hp_per_floor":[73,69,69,69,69,69,69,68,68,46,34,54,52,41,41,28,69,69,69,42,32,32,52,31,51,51,38,38,38,42,36,56,35,69,67,69,66,57,37,57,47,47,47,47,62,45,46,46,68,40],"gold":156,"neow_bonus":"TRANSFORM_CARD","is_daily":false,"chose_seed":false,"campfire_upgraded":4,"win_rate":0.0,"timestamp":1613146864,"path_taken":["M","?","?","M","?","R","?","?","T","?","E","R","M","M","R","BOSS","M","?","?","M","?","R","E","R","T","M","?","?","M","M","R","BOSS","M","$","M","M","M","R","E","R","T","R","$","M","?","?","R","BOSS"],"items_purchased_type":["Relic","Relic","Relic","Card"],"build_version":"2020-12-22","purchased_purges":1,"victory":true,"max_hp_per_floor":[75,69,69,69,69,69,69,69,69,69,69,69,69,69,69,69,69,69,69,69,69,69,69,69,69,69,69,69,69,69,69,69,69,69,69,69,69,69,69,69,79,79,79,79,79,79,79,75,75,75],"card_choices":[{"not_picked":["Hologram","Beam Cell"],"picked":"Leap","floor":1},{"not_picked":["Conserve Battery","Steam"],"picked":"Loop","floor":4},{"not_picked":["Redo","Streamline"],"picked":"Machine Learning","floor":8},{"not_picked":["Hologram","Skim"],"picked":"Sweeping Beam","floor":10},{"not_picked":["Redo","Scrape"],"picked":"Defragment","floor":11},{"not_picked":["Beam Cell","Reprogram","Turbo"],"picked":"SKIP","floor":13},{"not_picked":["Electrodynamics","Recycle"],"picked":"Stack","floor":14},{"not_picked":["Electrodynamics","Thunder Strike"],"picked":"Creative AI","floor":16},{"not_picked":["Loop","Aggregate+1"],"picked":"Hologram+1","floor":18},{"not_picked":["Rebound","Barrage"],"picked":"Coolheaded","floor":20},{"not_picked":["Steam","Streamline"],"picked":"Consume+1","floor":21},{"not_picked":["Hyperbeam+1","Defragment"],"picked":"Beam Cell+1","floor":24},{"not_picked":["Reinforced Body","Force Field+1"],"picked":"Double Energy+1","floor":27},{"not_picked":["FTL+1","Recycle"],"picked":"Cold Snap+1","floor":30},{"not_picked":["Rebound+1","Conserve Battery"],"picked":"Barrage+1","floor":31},{"not_picked":["Beam Cell+1","Sweeping Beam+1"],"picked":"Ball Lightning+1","floor":35},{"not_picked":["Barrage+1","Leap"],"picked":"BootSequence+1","floor":37},{"not_picked":["Steam","Leap","Beam Cell+1"],"picked":"SKIP","floor":38},{"not_picked":["Go for the Eyes+1","Amplify"],"picked":"Barrage+1","floor":39},{"not_picked":["Storm+1","Force Field"],"picked":"FTL+1","floor":41},{"not_picked":["Stack","Cold Snap+1"],"picked":"Ball Lightning+1","floor":46},{"not_picked":["Rebound+1","Hello World"],"picked":"Self Repair","floor":47}],"player_experience":510383,"relics_obtained":[{"floor":7,"key":"Meat on the Bone"},{"floor":9,"key":"Ornamental Fan"},{"floor":10,"key":"Odd Mushroom"},{"floor":11,"key":"Darkstone Periapt"},{"floor":24,"key":"StrikeDummy"},{"floor":26,"key":"MealTicket"},{"floor":29,"key":"Shuriken"},{"floor":41,"key":"Pear"},{"floor":43,"key":"Ancient Tea Set"},{"floor":47,"key":"Dead Branch"}],"event_choices":[{"damage_healed":0,"gold_gain":0,"player_choice":"Lose Max HP","damage_taken":0,"relics_obtained":["Golden Idol"],"max_hp_gain":0,"max_hp_loss":6,"event_name":"Golden Idol","floor":2,"gold_loss":0},{"damage_healed":0,"gold_gain":0,"player_choice":"Grow","damage_taken":0,"max_hp_gain":0,"max_hp_loss":0,"event_name":"Living Wall","floor":3,"gold_loss":0,"cards_upgraded":["Beam Cell"]},{"damage_healed":0,"gold_gain":0,"player_choice":"Ignored","damage_taken":0,"max_hp_gain":0,"max_hp_loss":0,"event_name":"Golden Wing","floor":5,"gold_loss":0},{"damage_healed":0,"gold_gain":0,"player_choice":"Fought Mushrooms","damage_taken":0,"max_hp_gain":0,"max_hp_loss":0,"event_name":"Mushrooms","floor":10,"gold_loss":0},{"damage_healed":0,"gold_gain":0,"player_choice":"1 cards matched","damage_taken":0,"max_hp_gain":0,"max_hp_loss":0,"event_name":"Match and Keep!","floor":19,"gold_loss":0,"cards_obtained":["Forethought"]},{"damage_healed":0,"gold_gain":0,"player_choice":"Ignored","damage_taken":0,"max_hp_gain":0,"max_hp_loss":0,"event_name":"Vampires","floor":28,"gold_loss":0},{"damage_healed":0,"gold_gain":0,"player_choice":"Fight","damage_taken":0,"max_hp_gain":0,"max_hp_loss":0,"event_name":"MindBloom","floor":47,"gold_loss":0},{"damage_healed":0,"gold_gain":0,"player_choice":"Max HP","damage_taken":0,"max_hp_gain":0,"max_hp_loss":4,"event_name":"Winding Halls","floor":48,"gold_loss":0}],"is_beta":false,"boss_relics":[{"not_picked":["Empty Cage","Calling Bell"],"picked":"Sozu"},{"not_picked":["SlaversCollar","Philosopher\u0027s Stone"],"picked":"FrozenCore"}],"items_purged_floors":[22],"is_endless":false,"potions_floor_spawned":[10,13,21,24,33,35,39,41],"ascension_level":3}}