{"host":"50qwps766cbz6ukm","time":1613132466,"event":{"mods":["BaseMod","Colored Map","Colored Powertips","DeckTracker","Highlight Path","Minty Spire (QoL Compilation)","Quick Restart","Remove Card Discount Mod","StSLib","SuperFastMode","Synergy Search"],"gold_per_floor":[111,186,186,206,206,206,219,235,260,435,458,458,483,503,503,503,503],"floor_reached":16,"language":"ENG","playtime":174,"items_purged":[],"score":132,"play_id":"48f7fcc5-5998-4126-8925-3fa0ac21ab24","local_time":"20210212142106","is_ascension_mode":true,"campfire_choices":[{"data":"Eruption","floor":6,"key":"SMITH"},{"data":"Vigilance","floor":15,"key":"SMITH"}],"circlet_count":0,"master_deck":["Strike_P","Strike_P","Strike_P","Strike_P","Defend_P","Defend_P+1","Defend_P","Defend_P","Eruption+1","Vigilance+1","Consecrate+1","Doubt","Prostrate"],"relics":["PureWater","NeowsBlessing","Golden Idol","Akabeko"],"acts_visited":["Exordium"],"potions_floor_usage":[3,8,8],"damage_taken":[{"damage":0,"enemies":"Cultist","floor":1,"turns":1},{"damage":0,"enemies":"Small Slimes","floor":4,"turns":1},{"damage":0,"enemies":"2 Louse","floor":7,"turns":1},{"damage":18,"enemies":"Large Slime","floor":8,"turns":6},{"damage":0,"enemies":"3 Louse","floor":11,"turns":2},{"damage":3,"enemies":"Looter","floor":13,"turns":2},{"damage":0,"enemies":"Gremlin Gang","floor":14,"turns":2},{"damage":20,"enemies":"The Guardian","floor":16,"turns":5}],"seed_played":"1345069655910717111","potions_obtained":[{"floor":1,"key":"Block Potion"},{"floor":3,"key":"Regen Potion"},{"floor":3,"key":"Regen Potion"},{"floor":3,"key":"Fruit Juice"},{"floor":7,"key":"BlessingOfTheForge"},{"floor":8,"key":"CultistPotion"}],"is_trial":false,"path_per_floor":["M","?","?","M","?","R","M","M","T","?","M","?","M","M","R","B"],"character_chosen":"WATCHER","items_purchased":[],"campfire_rested":0,"item_purchase_floors":[],"current_hp_per_floor":[65,54,59,59,40,40,40,56,56,56,56,41,38,38,38,18,18],"gold":503,"neow_bonus":"THREE_ENEMY_KILL","is_daily":false,"chose_seed":false,"campfire_upgraded":2,"win_rate":0.0,"timestamp":1613132466,"path_taken":["M","?","?","?","?","R","M","M","T","?","M","?","M","M","R","BOSS"],"items_purchased_type":[],"build_version":"2020-12-22","purchased_purges":0,"victory":false,"max_hp_per_floor":[72,72,77,77,77,77,77,77,77,77,77,77,77,77,77,77,77],"card_choices":[{"not_picked":["SignatureMove","ThirdEye","Halt"],"picked":"SKIP","floor":1},{"not_picked":["EmptyBody","WindmillStrike"],"picked":"Consecrate","floor":4},{"not_picked":["InnerPeace","Protect","SandsOfTime"],"picked":"SKIP","floor":7},{"not_picked":["SashWhip","SpiritShield","CutThroughFate"],"picked":"SKIP","floor":8},{"not_picked":["Vengeance","Weave","PathToVictory"],"picked":"SKIP","floor":11},{"not_picked":["SignatureMove","CrushJoints","CutThroughFate"],"picked":"SKIP","floor":13},{"not_picked":["FollowUp","BowlingBash"],"picked":"Prostrate","floor":14}],"player_experience":590307,"relics_obtained":[{"floor":9,"key":"Akabeko"}],"event_choices":[{"damage_healed":0,"gold_gain":75,"player_choice":"Gather Gold","damage_taken":11,"max_hp_gain":0,"max_hp_loss":0,"event_name":"World of Goop","floor":2,"gold_loss":0},{"damage_healed":0,"gold_gain":0,"player_choice":"Got Potions","damage_taken":0,"max_hp_gain":0,"max_hp_loss":0,"event_name":"Lab","floor":3,"gold_loss":0},{"damage_healed":0,"gold_gain":0,"player_choice":"Take Damage","damage_taken":19,"relics_obtained":["Golden Idol"],"max_hp_gain":0,"max_hp_loss":0,"event_name":"Golden Idol","floor":5,"gold_loss":0},{"damage_healed":0,"gold_gain":175,"player_choice":"AGREE","damage_taken":0,"max_hp_gain":0,"max_hp_loss":0,"event_name":"Liars Game","floor":10,"gold_loss":0,"cards_obtained":["Doubt"]},{"damage_healed":0,"gold_gain":0,"player_choice":"Entered Light","damage_taken":15,"max_hp_gain":0,"max_hp_loss":0,"event_name":"Shining Light","floor":12,"gold_loss":0,"cards_upgraded":["Consecrate","Defend_P"]}],"is_beta":false,"boss_relics":[],"items_purged_floors":[],"is_endless":false,"potions_floor_spawned":[1,7,8],"killed_by":"The Guardian","ascension_level":8}}