{"host":"eaiphzh066bwqdh7","time":1613089154,"event":{"mods":["BaseMod","Better Note","Halation","Hubris","Minty Spire (QoL Compilation)","Reliquary","Replay The Spire","StSLib"],"gold_per_floor":[112,34,34,34,52,52,86,104,131,131,148,55,55,74,74,177,177,188,10,110,76,94,94,104,104,104],"floor_reached":25,"language":"ENG","playtime":757,"items_purged":[],"score":269,"play_id":"ab5d1cc1-f040-409b-b86b-2cc89ba2ad2b","local_time":"20210211191914","is_ascension_mode":true,"campfire_choices":[{"data":"Noxious Fumes","floor":6,"key":"SMITH"},{"floor":10,"key":"REST"},{"floor":15,"key":"REST"},{"floor":23,"key":"REST"}],"circlet_count":0,"master_deck":["Strike_G","Strike_G","Strike_G","Strike_G","Strike_G+1","Defend_G+1","Defend_G","Defend_G","Defend_G","Defend_G","Survivor","Neutralize","Poisoned Stab","Noxious Fumes+1","Cloak And Dagger","Deadly Poison","Slice","Deadly Poison","Blade Dance","Bane","Blade Dance","Blade Dance","Cloak And Dagger"],"relics":["Ring of the Snake","hubris:Towel","FaceOfCleric","halation:KoshaPiece","MealTicket","Simple Rune","SlaversCollar","hubris:TenFootPole"],"acts_visited":["Exordium","TheCity"],"potions_floor_usage":[7,22,22],"damage_taken":[{"damage":0,"enemies":"2 Louse","floor":1,"turns":2},{"damage":0,"enemies":"Small Slimes","floor":5,"turns":4},{"damage":21,"enemies":"Gremlin Nob","floor":7,"turns":4},{"damage":0,"enemies":"Cultist","floor":8,"turns":3},{"damage":3,"enemies":"2 Fungi Beasts","floor":11,"turns":4},{"damage":7,"enemies":"Large Slime","floor":14,"turns":6},{"damage":27,"enemies":"The Guardian","floor":16,"turns":9},{"damage":31,"enemies":"Chosen","floor":18,"turns":5},{"damage":33,"enemies":"2 Thieves","floor":21,"turns":5},{"damage":43,"enemies":"3 Cultists","floor":22,"turns":6},{"damage":37,"enemies":"Snake Plant","floor":24,"turns":4},{"damage":34,"enemies":"Gremlin Leader","floor":25,"turns":5}],"seed_played":"-8383305590863835731","potions_obtained":[{"floor":5,"key":"PowerPotion"},{"floor":8,"key":"FairyPotion"},{"floor":14,"key":"Regen Potion"},{"floor":18,"key":"Block Potion"}],"is_trial":false,"path_per_floor":["M","$","?","?","M","R","E","M","T","R","M","$","?","M","R","B",null,"M","$","?","M","M","R","M","E"],"character_chosen":"THE_SILENT","items_purchased":["Noxious Fumes","Slice","Deadly Poison","Blade Dance","hubris:TenFootPole"],"campfire_rested":3,"item_purchase_floors":[2,12,12,19,19],"current_hp_per_floor":[77,77,77,77,78,78,58,59,59,80,78,81,74,68,82,56,83,53,68,68,36,9,34,26,0,0],"gold":104,"neow_bonus":"TEN_PERCENT_HP_BONUS","is_daily":false,"chose_seed":false,"campfire_upgraded":1,"win_rate":0.0,"timestamp":1613089154,"path_taken":["M","$","?","?","?","R","E","M","T","R","M","$","?","M","R","BOSS","M","$","?","M","M","R","M","E"],"items_purchased_type":["Card","Card","Card","Card","Relic"],"build_version":"2020-12-22","purchased_purges":0,"victory":false,"max_hp_per_floor":[77,77,77,77,78,78,79,80,80,80,81,81,81,82,82,83,83,84,84,84,85,86,86,87,87,87],"card_choices":[{"not_picked":["Underhanded Strike","hubris:Counter"],"picked":"Poisoned Stab","floor":1},{"not_picked":["Masterful Stab","PiercingWail","Quick Slash"],"picked":"SKIP","floor":5},{"not_picked":["Dagger Spray","Underhanded Strike","Predator"],"picked":"SKIP","floor":7},{"not_picked":["Hidden Blade","Predator"],"picked":"Cloak And Dagger","floor":8},{"not_picked":["Bouncing Flask","Prepared"],"picked":"Deadly Poison","floor":11},{"not_picked":["Blur","Reflex"],"picked":"Blade Dance","floor":14},{"not_picked":["Deadly Poison","All Out Attack"],"picked":"Bane","floor":18},{"not_picked":["Blade Dance","PiercingWail+1","Poison Darts"],"picked":"SKIP","floor":21},{"not_picked":["Sucker Punch","Flying Knee"],"picked":"Cloak And Dagger","floor":22},{"not_picked":["ReplayTheSpireMod:Speed Training","Skewer","Heel Hook"],"picked":"SKIP","floor":24}],"player_experience":295643,"relics_obtained":[{"floor":7,"key":"halation:KoshaPiece"},{"floor":9,"key":"MealTicket"}],"event_choices":[{"damage_healed":0,"gold_gain":0,"player_choice":"Trade","damage_taken":0,"relics_obtained":["FaceOfCleric"],"max_hp_gain":0,"max_hp_loss":0,"event_name":"FaceTrader","floor":4,"gold_loss":0},{"damage_healed":0,"gold_gain":0,"player_choice":"Success","damage_taken":7,"relics_obtained":["Simple Rune"],"max_hp_gain":0,"max_hp_loss":0,"event_name":"Scrap Ooze","floor":13,"gold_loss":0},{"damage_healed":0,"gold_gain":100,"player_choice":"Pray","damage_taken":0,"max_hp_gain":0,"max_hp_loss":0,"event_name":"Golden Shrine","floor":20,"gold_loss":0}],"is_beta":false,"boss_relics":[{"not_picked":["Pandora\u0027s Box","Runic Dome"],"picked":"SlaversCollar"}],"items_purged_floors":[],"is_endless":false,"potions_floor_spawned":[5,8,14,18],"killed_by":"Gremlin Leader","ascension_level":4}}