{"host":"27c7lqff1bu0ydoz","time":1613099934,"event":{"mods":["AchievementEnabler","Act Like it!","Aspiration","BaseMod","Bestiary","Better Third Choice","Block Reminder","CapriCore","Colored Powertips","Conspire","Energized Spire","Friendly Minions","Gensokyo","GifTheSpireLib","Hermit","Highlight Path","Hubris","Infinite Spire","Koishi","Marisa????????","Minty Spire (QoL Compilation)","Rare Cards Sparkle","Reimu??????","Reliquary","Remilia??????","Replay The Spire","StSLib","The Immortal","The Servant 0.9.4","Wandering Minibosses","Yakumo Yukari mod","Yuyuko","yUi"],"gold_per_floor":[115,128,146,165,27,27,62,62,62,74,0,35,35,32,32,9,9],"floor_reached":16,"language":"ENG","playtime":1311,"items_purged":[],"score":112,"play_id":"fdc436b9-22d3-4264-8c19-72c326af1141","local_time":"20210212041854","is_ascension_mode":false,"campfire_choices":[{"data":"hermit:Covet","floor":6,"key":"SMITH"},{"floor":8,"key":"REST"},{"floor":15,"key":"REST"}],"circlet_count":0,"master_deck":["hermit:Strike_Hermit","hermit:Strike_Hermit","hermit:Strike_Hermit","hermit:Strike_Hermit","hermit:Defend_Hermit","hermit:Defend_Hermit","hermit:Defend_Hermit","hermit:Defend_Hermit","hermit:Snapshot","hermit:Covet+1","hermit:Desperado","hermit:GhostlyPresence","hermit:CalledShot","hermit:RoundhouseKick","hermit:SprayPray","hermit:ShadowCloak","hermit:Feint","hermit:FlashPowder","hermit:HoleUp","Enlightenment","hermit:Misfire","Poor:ReiMu","hermit:Vantage"],"relics":["hermit:Momento","aspiration:DSix","ReplayFunnel","Replay:Bottled Flurry","YidongShenshe:ReiMu"],"acts_visited":["Exordium"],"potions_floor_usage":[16],"damage_taken":[{"damage":1,"enemies":"Cultist","floor":1,"turns":4},{"damage":3,"enemies":"Jaw Worm","floor":2,"turns":5},{"damage":0,"enemies":"Small Slimes","floor":3,"turns":2},{"damage":1,"enemies":"2 Fungi Beasts","floor":4,"turns":4},{"damage":19,"enemies":"Lagavulin","floor":7,"turns":6},{"damage":10,"enemies":"Looter","floor":10,"turns":3},{"damage":52,"enemies":"Gremlin Nob","floor":12,"turns":6},{"damage":0,"enemies":"Exordium Thugs","floor":14,"turns":5},{"damage":44,"enemies":"Hexaghost","floor":16,"turns":18}],"seed_played":"6670969589356264117","potions_obtained":[{"floor":2,"key":"Milkshake"},{"floor":3,"key":"Venom Potion"},{"floor":12,"key":"hermit:Eclipse"}],"is_trial":false,"path_per_floor":["M","M","M","M","$","R","E","R","T","M","?","E","?","M","R","B"],"character_chosen":"HERMIT","items_purchased":["hermit:SprayPray","hermit:ShadowCloak","hermit:Feint"],"campfire_rested":2,"item_purchase_floors":[5,5,5],"current_hp_per_floor":[74,71,71,70,70,70,51,73,73,63,69,17,17,17,41,0,0],"gold":9,"neow_bonus":"DSIX","is_daily":false,"chose_seed":false,"campfire_upgraded":1,"win_rate":0.0,"timestamp":1613099934,"path_taken":["M","?","M","M","$","R","E","R","T","M","?","E","?","M","R","BOSS"],"items_purchased_type":["Card","Card","Card"],"build_version":"2020-12-22","purchased_purges":0,"victory":false,"max_hp_per_floor":[75,75,75,75,75,75,75,75,75,75,81,81,81,81,81,81,81],"card_choices":[{"not_picked":["hermit:HighCaliber","hermit:LowProfile"],"picked":"hermit:Desperado","floor":1},{"not_picked":["hermit:Cheat","hermit:Roulette"],"picked":"hermit:GhostlyPresence","floor":2},{"not_picked":["hermit:Headshot","hermit:Manifest"],"picked":"hermit:CalledShot","floor":3},{"not_picked":["hermit:BodyArmor","hermit:Vantage"],"picked":"hermit:RoundhouseKick","floor":4},{"not_picked":["hermit:GoldenBullet","hermit:Cheat"],"picked":"hermit:FlashPowder","floor":7},{"not_picked":["hermit:Roulette","hermit:HighCaliber"],"picked":"hermit:HoleUp","floor":10},{"not_picked":["hermit:ItchyTrigger","hermit:CalledShot"],"picked":"hermit:Misfire","floor":12},{"not_picked":["hermit:Manifest","hermit:TrackingShot"],"picked":"hermit:Vantage","floor":14}],"player_experience":311981,"relics_obtained":[{"floor":7,"key":"ReplayFunnel"},{"floor":12,"key":"Replay:Bottled Flurry"}],"event_choices":[{"damage_healed":0,"gold_gain":0,"player_choice":"RENOUNCE","damage_taken":74,"max_hp_gain":0,"max_hp_loss":0,"event_name":"betterThird:BetterSerpent","floor":11,"gold_loss":74,"cards_obtained":["Enlightenment"]},{"damage_healed":0,"gold_gain":0,"player_choice":"Take Tiny Shrine away","damage_taken":0,"relics_obtained":["YidongShenshe:ReiMu"],"max_hp_gain":0,"max_hp_loss":0,"event_name":"yidonshenshe","floor":13,"gold_loss":0,"cards_obtained":["Poor:ReiMu"]}],"is_beta":false,"boss_relics":[],"items_purged_floors":[],"is_endless":false,"potions_floor_spawned":[2,3,12],"killed_by":"Hexaghost","ascension_level":0}}