{"host":"mbdoul6vyoik0vux","time":1613141563,"event":{"mods":["100% Spire Juice","Act Like it!","Arknights","BaseMod","Bossed Relics","Energized Spire","Faster Ascension Climbing","Gensokyo","HololiveMod","Hyrulean Relics","LagranYue(拉格朗・月)","Lobotomy","LobotomyExtend","Luminous","Minty Spire (QoL Compilation)","Quick Restart","Reimu（博丽灵梦）","Relic Filter Mod","Reliquary","Remilia_Scarlet Moed（蕾米莉亚・斯卡雷特）3.3.5","Remilia（蕾米莉亚）","RumiaBox-露米娅的神秘盒子","Spicy Shops","StSLib","The Alterego","The Animator","The Dragon Tamer","WarShipGirlsR/战舰少女R mod","Youmu（魂魄妖梦）","Yuyuko","noobMod","【功能Mod】混沌之环修复补丁","篝火指南"],"gold_per_floor":[112,999999,999999,1000011,1000011,998625,997688,996498,996524,996543,996556,996556,995504,994906,994275,994380,994380,994391,994391,994271,994302,994319,993706,993720,993720,993720,993740,992304,992324,992324,992336,992336,992434,992434,992445,992464,992464,992484,992494,992494,992494,992494,992494,992510,992522,992557,992557,992557,992557,992557],"floor_reached":51,"language":"ZHS","playtime":3807,"items_purged":["Pain","Normality"],"score":971,"play_id":"a47f894f-6f55-4deb-8392-eb1a1ce19b1c","local_time":"20210212225242","is_ascension_mode":false,"metric_token":2135,"campfire_choices":[{"data":"DTMod:SealedStrike","floor":30,"key":"SMITH"},{"data":"DTMod:SealedStrike+1","floor":32,"key":"SMITH"},{"data":"DTMod:SealedStrike+2","floor":40,"key":"SMITH"},{"data":"DTMod:SealedStrike+3","floor":42,"key":"SMITH"},{"data":"DTMod:SealedStrike+4","floor":49,"key":"SMITH"}],"dtmod_dragon_data":[50,50,1,3,12,15],"circlet_count":0,"master_deck":["DTMod:Strike+1","DTMod:Strike+1","DTMod:Strike+1","DTMod:Strike+1","DTMod:DoubleHit+1","DTMod:TargetDefense+1","DTMod:TargetDefense+1","DTMod:TargetDefense+1","DTMod:TargetDefense+1","DTMod:SwitchingTactic+1","DTMod:MaximumCharge+1","FairyFestival","DTMod:ShieldDrain+1","DTMod:MagicField+1","DTMod:HeatWave+1","DTMod:CrossStep+1","DTMod:QuickFly+1","Magnetism+1","DTMod:DragonDance+1","DTMod:FlameSlash+1","DTMod:Feint+1","DTMod:RunningTactic+1","DTMod:Observe+1","DTMod:MagicField+1","DTMod:MagiciansMark+1","DTMod:Dissolve+1","DTMod:SneakAttack+1","DTMod:Threaten+1","Secret Technique+1","DTMod:CrossStep+1","DTMod:TauntingStrike+1","DTMod:BurningEnergy+1","DTMod:CalculatedDefense+1","DTMod:Feint+1","DTMod:PurifyingFlame+1","DTMod:Harmonize+1","DTMod:SealedStrike+5","DTMod:Training+1","DTMod:RecklessFlurry+1","DTMod:BurningEnergy+1","FieryBird","Mayhem+1","DTMod:CalculatedDefense+1","DTMod:StarRain+1","DTMod:MagicField+1","DTMod:Cover+1","Gensokyo:SlitMouthedWoman+1","DTMod:HeadStart+1","Gensokyo:BlemishedSteel","Gensokyo:LittleGreenMen+1","DTMod:Haste+1","Wellcheers","DTMod:CalculatedDefense+1","DTMod:TriAttack+1","DTMod:RepeatStrike+1","DTMod:Feint+1","DTMod:DragonDance+1","DTMod:LastStand+1","Parasite","DTMod:WarmUp+1","DTMod:Training+1","DTMod:ShadowImage+1"],"relics":["DTMod:PactStone","ice","LagranYue:RandomDrawCardRelic","CogitoBucket","RabbitCall","LetterFromLob","PureWhite:ReiMu","Frozen Egg 2","StoneCalendar","Ccalipers","Bag of Marbles","Frozen Eye","OrangePellets","Sling","DTMod:SwitchButton","LagranYue:NewUniverseRelic","ClockworkSouvenir","Ancient Tea Set","Toolbox","HandDrill","Mastiff:ReiMu","ChaoDraw","reliquary:PartyBalloon","Gensokyo:LunaticRedEyes","Medical Kit","Happy Flower","Membership Card","reliquary:Knoch","PlanX","reliquary:FeatherDuster","Chemical X","Boot","reliquary:RoseTintedGlasses","Torii","DTMod:OddArmor","reliquary:Aerogel","MealTicket","Calipers","reliquary:Bookmark","DTMod:MindBender","Letter Opener","Oddly Smooth Stone","Philosopher\u0027s Stone","LagranYue:MagicReflectiveArmorRelic","Gensokyo:ConquerorOfFear","Gensokyo:LionMask","Dream Catcher","Pantograph","Pen Nib","Toy Ornithopter","DollysMirror","reliquary:SharkskinSheath","MoreBug","TentaclePot:ReiMu","Bottled Tornado","reliquary:PrincelyHelmet","DTMod:DragonFood","MagicDraw2","TreeSap","Unceasing Top","Cursed Key","DTMod:BindingString","DTMod:AncientBone","Mango","reliquary:Stiletto"],"acts_visited":["Gensokyo:Gensokyo","Gensokyo:Gensokyoer","Gensokyo:Gensokyoest"],"potions_floor_usage":[16,38],"damage_taken":[{"damage":0,"enemies":"Gensokyo:2_Kodama","floor":1,"turns":4},{"damage":0,"enemies":"Gensokyo:Python","floor":2,"turns":2},{"damage":0,"enemies":"Gensokyo:Gryphon","floor":4,"turns":2},{"damage":7,"enemies":"Gensokyo:CorruptedTreant","floor":10,"turns":2},{"damage":0,"enemies":"Gensokyo:Gryphon_and_Rabbit","floor":11,"turns":3},{"damage":0,"enemies":"Gensokyo:Yukari","floor":16,"turns":6},{"damage":6,"enemies":"Gensokyo:AngelMirror","floor":18,"turns":4},{"damage":0,"enemies":"Gensokyo:2_Gloops","floor":21,"turns":3},{"damage":0,"enemies":"Gensokyo:Swordslinger","floor":22,"turns":1},{"damage":1,"enemies":"Gensokyo:Slime_Group","floor":24,"turns":1},{"damage":0,"enemies":"Gensokyo:Wraith","floor":27,"turns":1},{"damage":22,"enemies":"Gensokyo:Monolith_and_Dog","floor":29,"turns":2},{"damage":0,"enemies":"Gensokyo:Slime_Group","floor":31,"turns":2},{"damage":0,"enemies":"Gensokyo:Eternal_Rivals","floor":33,"turns":5},{"damage":0,"enemies":"Gensokyo:3_Bats","floor":35,"turns":1},{"damage":0,"enemies":"Gensokyo:AncientGuardian","floor":36,"turns":1},{"damage":5,"enemies":"Gensokyo:Dusk_and_Dawn","floor":38,"turns":4},{"damage":0,"enemies":"Gensokyo:AtlasGolem","floor":39,"turns":2},{"damage":0,"enemies":"Gensokyo:Rafflesia","floor":44,"turns":2},{"damage":0,"enemies":"Gensokyo:4_Bats","floor":45,"turns":1},{"damage":0,"enemies":"Gensokyo:Doremy","floor":46,"turns":3},{"damage":0,"enemies":"Gensokyo:Yuyuko","floor":50,"turns":2}],"seed_played":"-9187668495230448457","potions_obtained":[{"floor":4,"key":"Dexterity Potion"},{"floor":11,"key":"GamblersBrew"},{"floor":16,"key":"EssenceOfSteel"},{"floor":38,"key":"Weak Potion"},{"floor":45,"key":"PowerPotion"}],"is_trial":false,"path_per_floor":["M","M","?","M","?","R","COS","R","T","M","M","?","R","$","R","B",null,"M","?","?","M","M","R","M","?","T","M","COS","M","R","M","R","B",null,"M","M","?","M","M","R","?","R","T","M","M","E","?","?","R","B",null],"character_chosen":"THE_DT","items_purchased":["DTMod:HeatWave","Frozen Egg 2","DTMod:CrossStep+1","DTMod:QuickFly","StoneCalendar","Ccalipers","Bag of Marbles","Frozen Eye","Magnetism+1","DTMod:DragonDance+1","DTMod:FlameSlash","DTMod:Feint","DTMod:RunningTactic","DTMod:Observe","Ancient Tea Set","Toolbox","HandDrill","Mastiff:ReiMu","ChaoDraw","DTMod:Dissolve+1","Medical Kit","Happy Flower","Membership Card","reliquary:Knoch","PlanX","reliquary:FeatherDuster","DTMod:SneakAttack","DTMod:Threaten","Energy Potion","Secret Technique","Chemical X","DTMod:CrossStep+1","Boot","DTMod:TauntingStrike","reliquary:RoseTintedGlasses","DTMod:BurningEnergy","Torii","DTMod:OddArmor","reliquary:Aerogel","MealTicket","Calipers","reliquary:Bookmark","DTMod:MindBender","Letter Opener","Oddly Smooth Stone","DTMod:CalculatedDefense+1","DTMod:Feint","DTMod:PurifyingFlame","Mayhem+1","DTMod:CalculatedDefense+1","Dream Catcher","Pantograph","DTMod:StarRain","Pen Nib","Toy Ornithopter","DTMod:MagicField","DollysMirror"],"campfire_rested":0,"item_purchase_floors":[6,6,6,6,6,6,6,6,6,8,8,8,8,8,8,8,8,8,8,13,13,13,13,13,13,13,13,13,13,13,14,14,14,14,14,14,14,14,14,15,15,15,15,15,15,15,15,15,23,23,23,23,23,23,23,23,23],"current_hp_per_floor":[45,45,36,36,36,36,36,36,36,29,29,29,29,29,29,35,45,39,39,39,39,39,39,38,38,38,38,38,16,16,18,18,41,41,41,41,25,32,34,34,41,41,41,55,55,55,55,55,55,55],"gold":992557,"neow_bonus":"","is_daily":false,"chose_seed":false,"campfire_upgraded":5,"win_rate":0.0,"timestamp":1613141562,"path_taken":["M","M","?","M","?","R","COS","R","T","M","?","?","R","$","R","BOSS","M","?","?","M","?","R","?","?","T","?","COS","M","R","M","R","BOSS","M","M","?","M","M","R","?","R","T","?","?","E","?","?","R","BOSS"],"items_purchased_type":["Card","Relic","Card","Card","Relic","Relic","Relic","Relic","Card","Card","Card","Card","Card","Card","Relic","Relic","Relic","Relic","Relic","Card","Relic","Relic","Relic","Relic","Relic","Relic","Card","Card","Potion","Card","Relic","Card","Relic","Card","Relic","Card","Relic","Relic","Relic","Relic","Relic","Relic","Relic","Relic","Relic","Card","Card","Card","Card","Card","Relic","Relic","Card","Relic","Relic","Card","Relic"],"build_version":"2020-12-22","purchased_purges":2,"victory":true,"max_hp_per_floor":[45,45,45,45,45,45,45,45,45,45,45,45,45,45,45,45,45,45,45,45,45,45,45,45,41,41,41,41,41,41,41,41,41,41,41,41,41,41,41,41,41,41,41,55,55,55,55,55,55,55],"card_choices":[{"not_picked":["DTMod:BurningEnergy","DTMod:CleansingStrike"],"picked":"DTMod:MaximumCharge","floor":1},{"not_picked":["SingingMachine","CrumblingArmor","LongBird"],"picked":"Singing Bowl","floor":1},{"not_picked":["Wellcheers","MeatLantern"],"picked":"FairyFestival","floor":1},{"not_picked":["DTMod:Astonish","DTMod:CleansingStrike"],"picked":"DTMod:ShieldDrain","floor":2},{"not_picked":["DTMod:SneakAttack","DTMod:Punisher"],"picked":"DTMod:MagicField","floor":4},{"not_picked":["Freischutz","Murderer"],"picked":"ShyLook","floor":4},{"not_picked":["DTMod:CleansingStrike","DTMod:BalancedStrike"],"picked":"DTMod:MagicField","floor":10},{"not_picked":["Alriune","OldLady","GreedKing"],"picked":"Singing Bowl","floor":10},{"not_picked":["DTMod:QuickFly","DTMod:Threaten"],"picked":"DTMod:MagiciansMark","floor":11},{"not_picked":["BeautyBeast","Scarecrow","Scorched"],"picked":"Singing Bowl","floor":11},{"not_picked":["DTMod:ResonanceForm","DTMod:RepeatStrike"],"picked":"DTMod:Harmonize","floor":16},{"not_picked":["WallGazer","Murderer","BeautyBeast"],"picked":"Singing Bowl","floor":16},{"not_picked":["DTMod:TriAttack","DTMod:RepeatStrike"],"picked":"DTMod:SealedStrike","floor":16},{"not_picked":["DTMod:ShieldDrain","DTMod:Hide"],"picked":"DTMod:Training+1","floor":18},{"not_picked":["LittlePrince","Variant","QueenBee"],"picked":"Singing Bowl","floor":21},{"not_picked":["DTMod:MasterPlan","DTMod:QuickFly+1"],"picked":"DTMod:RecklessFlurry","floor":21},{"not_picked":["DTMod:BuildUp","DTMod:BalancedStrike"],"picked":"DTMod:BurningEnergy+1","floor":22},{"not_picked":["ShyLook","WallGazer"],"picked":"FieryBird","floor":22},{"not_picked":["DTMod:ExcessFootwork+1","DTMod:BurningForce"],"picked":"DTMod:Cover","floor":24},{"not_picked":["Wellcheers","LittlePrince","RedShoes"],"picked":"Singing Bowl","floor":24},{"not_picked":["Gensokyo:ManorOfTheDishes+1","Gensokyo:HAARP+1"],"picked":"Gensokyo:SlitMouthedWoman","floor":25},{"not_picked":["DTMod:BizarreTactic","DTMod:BuildUp"],"picked":"DTMod:HeadStart","floor":27},{"not_picked":["WallGazer","Woodsman","RedShoes"],"picked":"Singing Bowl","floor":27},{"not_picked":["DTMod:LowKick+1","DTMod:MagicField"],"picked":"DTMod:Haste","floor":29},{"not_picked":["Freischutz","Murderer","Alriune"],"picked":"Singing Bowl","floor":31},{"not_picked":["QueenOfHatred","Murderer"],"picked":"Wellcheers","floor":31},{"not_picked":["DTMod:LowKick","DTMod:GhostSkin+1"],"picked":"DTMod:CalculatedDefense+1","floor":31},{"not_picked":["SpiderBud","Laetitia","Scarecrow"],"picked":"Singing Bowl","floor":33},{"not_picked":["DTMod:GearUp","DTMod:EchoTactic"],"picked":"DTMod:TriAttack","floor":33},{"not_picked":["DTMod:GhostSkin","DTMod:CleansingStrike"],"picked":"DTMod:RepeatStrike","floor":35},{"not_picked":["LaLuna","WhitesApple","HappyTeddy"],"picked":"Singing Bowl","floor":35},{"not_picked":["DTMod:BreakAttack","DTMod:BuildUp"],"picked":"DTMod:Feint+1","floor":36},{"not_picked":["DTMod:MagicField+1","DTMod:Punisher"],"picked":"DTMod:DragonDance+1","floor":38},{"not_picked":["DTMod:CleansingStrike","DTMod:Weaken+1"],"picked":"DTMod:LastStand+1","floor":39},{"not_picked":["DTMod:MasterPlan","DTMod:Threaten+1"],"picked":"DTMod:WarmUp+1","floor":44},{"not_picked":["SilentOrchestra","PunishingBird","Bloodbath"],"picked":"Singing Bowl","floor":44},{"not_picked":["DTMod:Weaken","DTMod:Threaten"],"picked":"DTMod:Training+1","floor":45},{"not_picked":["DTMod:DarkBreath+1","DTMod:HeatWave+1"],"picked":"DTMod:ShadowImage+1","floor":46}],"player_experience":68155,"relics_obtained":[{"floor":1,"key":"LetterFromLob"},{"floor":9,"key":"reliquary:PartyBalloon"},{"floor":21,"key":"Gensokyo:ConquerorOfFear"},{"floor":26,"key":"reliquary:SharkskinSheath"},{"floor":43,"key":"DTMod:AncientBone"},{"floor":46,"key":"reliquary:Stiletto"}],"event_choices":[],"is_beta":false,"boss_relics":[{"not_picked":["Snecko Eye","energizedSpire:DeadBattery"],"picked":"Philosopher\u0027s Stone"},{"not_picked":["Black Star","reliquary:RedPaperclip"],"picked":"Cursed Key"}],"items_purged_floors":[13,14],"is_endless":false,"potions_floor_spawned":[4,11,16,27,29,31,38,45,46],"ascension_level":0}}