{"host":"ul3z8ex5o8l5j7mh","time":1613153132,"event":{"mods":["AchievementEnabler","BaseMod","Bestiary","Colored Map","Colored Powertips","DeckTracker","Keyboard Shortcuts","Minty Spire (QoL Compilation)","Relic Sorter","Relic Stats","SuperFastMode"],"gold_per_floor":[118,131,141,141,164,164,164,164,164,164,164,164,180,201,201,324,324,344,115,136,61,80,80,280,318,342,342,360,373,373,387,387,387,387],"floor_reached":33,"language":"ENG","playtime":892,"items_purged":["Strike_R"],"score":311,"play_id":"30f035ac-8a1a-4184-a3ab-31233a0efb57","local_time":"20210212190532","is_ascension_mode":true,"campfire_choices":[{"data":"Searing Blow","floor":6.0,"key":"SMITH"},{"data":"Searing Blow+1","floor":8.0,"key":"SMITH"},{"data":"Searing Blow+2","floor":10.0,"key":"SMITH"},{"data":"Searing Blow+4","floor":12.0,"key":"SMITH"},{"data":"Searing Blow+5","floor":15.0,"key":"SMITH"},{"data":"Searing Blow+6","floor":23.0,"key":"SMITH"},{"data":"Searing Blow+7","floor":27.0,"key":"SMITH"},{"floor":32.0,"key":"REST"}],"circlet_count":0,"master_deck":["Strike_R","Strike_R","Strike_R","Defend_R","Defend_R","Defend_R","Defend_R","Bash","Anger","Burning Pact","Anger","Searing Blow+8","Clash","Demon Form","Searing Blow+6"],"relics":["Burning Blood","Golden Idol","Eternal Feather","SacredBark","DollysMirror","Shuriken","Ancient Tea Set","Paper Frog"],"acts_visited":["Exordium","TheCity"],"potions_floor_usage":[33],"damage_taken":[{"damage":0.0,"enemies":"Cultist","floor":1.0,"turns":3.0},{"damage":7.0,"enemies":"Small Slimes","floor":2.0,"turns":3.0},{"damage":4.0,"enemies":"2 Louse","floor":3.0,"turns":3.0},{"damage":26.0,"enemies":"Gremlin Gang","floor":5.0,"turns":4.0},{"damage":6.0,"enemies":"Exordium Wildlife","floor":13.0,"turns":3.0},{"damage":0.0,"enemies":"Large Slime","floor":14.0,"turns":2.0},{"damage":13.0,"enemies":"Slime Boss","floor":16.0,"turns":7.0},{"damage":2.0,"enemies":"Chosen","floor":18.0,"turns":3.0},{"damage":4.0,"enemies":"Shell Parasite","floor":20.0,"turns":2.0},{"damage":13.0,"enemies":"Centurion and Healer","floor":22.0,"turns":4.0},{"damage":52.0,"enemies":"Slavers","floor":25.0,"turns":7.0},{"damage":19.0,"enemies":"Snake Plant","floor":28.0,"turns":2.0},{"damage":0.0,"enemies":"Snecko","floor":29.0,"turns":3.0},{"damage":14.0,"enemies":"Centurion and Healer","floor":31.0,"turns":3.0},{"damage":72,"enemies":"Collector","floor":33,"turns":5}],"seed_played":"2657425519463812839","potions_obtained":[{"floor":2.0,"key":"Strength Potion"},{"floor":13.0,"key":"Explosive Potion"},{"floor":16.0,"key":"GamblersBrew"},{"floor":20.0,"key":"Block Potion"},{"floor":29.0,"key":"ColorlessPotion"},{"floor":31.0,"key":"GamblersBrew"}],"is_trial":false,"path_per_floor":["M","M","M","?","M","R","?","R","T","R","?","R","M","M","R","B",null,"M","$","M","?","M","R","?","E","T","R","M","M","T","M","R","B"],"character_chosen":"IRONCLAD","items_purchased":["DollysMirror"],"campfire_rested":1,"item_purchase_floors":[19],"current_hp_per_floor":[80,79,80,60,40,40,40,40,40,49,49,58,58,64,73,66,80,80,80,80,80,73,80,80,34,34,43,30,36,36,28,61,0,0],"gold":387,"neow_bonus":"THREE_CARDS","is_daily":false,"chose_seed":false,"campfire_upgraded":7,"win_rate":0.0,"timestamp":1613153132,"path_taken":["M","M","?","?","M","R","?","R","T","R","?","R","M","?","R","BOSS","M","$","M","?","M","R","?","E","T","R","M","?","?","M","R","BOSS"],"items_purchased_type":["Relic"],"build_version":"2020-12-22","purchased_purges":1,"victory":false,"max_hp_per_floor":[80,80,80,80,80,80,80,80,80,80,80,80,80,80,80,80,80,80,80,80,80,80,80,80,80,80,80,80,80,80,80,80,80,80],"relic_stats":{"counters":[15,54],"Golden Idol":67,"Shuriken":[5],"Eternal Feather":52,"obtain_stats":[{"Golden Idol":4,"DollysMirror":19,"Shuriken":25,"SacredBark":17,"Eternal Feather":9,"Ancient Tea Set":26,"Burning Blood":0,"Paper Frog":30},{"Golden Idol":3,"DollysMirror":8,"Shuriken":11,"SacredBark":7,"Eternal Feather":4,"Ancient Tea Set":11,"Burning Blood":0,"Paper Frog":13},{"Golden Idol":9,"DollysMirror":28,"Shuriken":41,"SacredBark":25,"Eternal Feather":13,"Ancient Tea Set":41,"Burning Blood":0,"Paper Frog":46}],"Burning Blood":71},"card_choices":[{"not_picked":["Sentinel","Ghostly Armor"],"picked":"Anger","floor":0.0},{"not_picked":["Warcry","Clothesline"],"picked":"Burning Pact","floor":1.0},{"not_picked":["Sword Boomerang","Carnage"],"picked":"Anger","floor":2.0},{"not_picked":["Sword Boomerang","True Grit"],"picked":"Searing Blow","floor":3.0},{"not_picked":["Sword Boomerang","Metallicize"],"picked":"Clash","floor":5.0},{"not_picked":["Flex","Reckless Charge","Shrug It Off"],"picked":"SKIP","floor":13.0},{"not_picked":["Dark Embrace","Cleave","Barricade"],"picked":"SKIP","floor":14.0},{"not_picked":["Feed","Offering"],"picked":"Demon Form","floor":16.0},{"not_picked":["Headbutt+1","Flex+1","Anger"],"picked":"SKIP","floor":18.0},{"not_picked":["Thunderclap","Warcry","Clash"],"picked":"SKIP","floor":20.0},{"not_picked":["Havoc+1","Anger+1","Second Wind"],"picked":"SKIP","floor":22.0},{"not_picked":["Twin Strike","Power Through","Heavy Blade"],"picked":"SKIP","floor":25.0},{"not_picked":["Perfected Strike","Flex+1","Iron Wave+1"],"picked":"SKIP","floor":28.0},{"not_picked":["Perfected Strike","Sever Soul","Wild Strike"],"picked":"SKIP","floor":29.0},{"not_picked":["Cleave","Sword Boomerang+1","Pummel"],"picked":"SKIP","floor":31.0}],"player_experience":353040,"relics_obtained":[{"floor":9.0,"key":"Eternal Feather"},{"floor":25.0,"key":"Shuriken"},{"floor":26.0,"key":"Ancient Tea Set"},{"floor":30.0,"key":"Paper Frog"}],"event_choices":[{"damage_healed":0.0,"max_hp_gain":0.0,"max_hp_loss":0.0,"gold_gain":0.0,"event_name":"Golden Idol","player_choice":"Take Damage","floor":4.0,"gold_loss":0.0,"damage_taken":20.0,"relics_obtained":["Golden Idol"]},{"damage_healed":0.0,"max_hp_gain":0.0,"max_hp_loss":0.0,"gold_gain":0.0,"event_name":"Liars Game","player_choice":"Ignored","floor":7.0,"gold_loss":0.0,"damage_taken":0.0},{"damage_healed":0.0,"max_hp_gain":0.0,"max_hp_loss":0.0,"gold_gain":0.0,"event_name":"Upgrade Shrine","player_choice":"Upgraded","floor":11.0,"gold_loss":0.0,"damage_taken":0.0,"cards_upgraded":["Searing Blow"]},{"cards_removed":["Strike_R"],"damage_healed":0.0,"max_hp_gain":0.0,"max_hp_loss":0.0,"gold_gain":0.0,"event_name":"Beggar","player_choice":"Gave Gold","floor":21.0,"gold_loss":75.0,"damage_taken":0.0},{"damage_healed":0.0,"max_hp_gain":0.0,"max_hp_loss":0.0,"gold_gain":200.0,"event_name":"Wheel of Change","player_choice":"Gold","floor":24.0,"gold_loss":0.0,"damage_taken":0.0}],"is_beta":false,"boss_relics":[{"not_picked":["Calling Bell","Mark of Pain"],"picked":"SacredBark"}],"items_purged_floors":[19],"is_endless":false,"potions_floor_spawned":[2,13,16,20,29,31],"killed_by":"Collector","ascension_level":4}}