{"host":"5rycm1ajjg5acc5q","time":1613172615,"event":{"mods":["BaseMod","Better Third Choice","Downfall","Highlight Path","Minty Spire (QoL Compilation)","Replay The Spire","StSLib"],"gold_per_floor":[0,14,34,34,48,77,102,87,108,149,257,282,308,349,375,478,478,478,541,691,754,767,767,767,767,272,301,1,34,84,134,158,158,158,158],"floor_reached":33,"language":"ENG","playtime":3525,"items_purged":["hexamod:Strike"],"score":351,"play_id":"c24a6b2b-7110-4a96-b809-1e27d9bb0c3e","local_time":"20210212173015","is_ascension_mode":true,"campfire_choices":[{"data":"hexamod:Float","floor":1.0,"key":"SMITH"},{"floor":18.0,"key":"RECALL"},{"floor":25.0,"key":"REST"},{"floor":28.0,"key":"REST"}],"circlet_count":0,"master_deck":["hexamod:Defend","hexamod:Defend","hexamod:Defend","hexamod:Sear","hexamod:Float+1","hexamod:SuperheatedStrike+1","hexamod:FourthSeal","hexamod:PowerFromBeyond","hexamod:SecondSeal","hexamod:SoulSteal+1","hexamod:RadiantFlame+1","hexamod:TimeWarp","hexamod:InspiringFlames+1","hexamod:PowerFromBeyond+1","hexamod:FastForward","hexamod:SixthSeal","hexamod:Firestarter","hexamod:HeatMetal+1","hexamod:SpectralSpark","hexamod:StepThrough","hexamod:ThermalTransfer+1","hexamod:DynamicBlow+1","hexamod:SwordOfDarkness+1","hexamod:WildfireWeapon"],"relics":["hexamod:SpiritBrand","Incense Burner","Bronze Scales","Potion Belt","downfall:CloakOfManyFaces","CultistMask","FaceOfCleric","NlothsMask","GremlinMask","SsserpentHead","The Courier","Replay:Drink Me","Chameleon Ring","Gremlin Food","Boot","downfall:HeartBlessingRed","downfall:HeartBlessingGreen","downfall:HeartBlessingBlue","ReplayTheSpireMod:Lightbulb"],"acts_visited":["Exordium","TheCity"],"potions_floor_usage":[29,32],"damage_taken":[{"damage":1.0,"enemies":"Jaw Worm","floor":2.0,"turns":3.0},{"damage":0.0,"enemies":"Cultist","floor":3.0,"turns":3.0},{"damage":0.0,"enemies":"Small Slimes","floor":5.0,"turns":3.0},{"damage":8.0,"enemies":"Lagavulin","floor":6.0,"turns":6.0},{"damage":0.0,"enemies":"downfall:FleeingMerchant","floor":8.0,"turns":4.0},{"damage":2.0,"enemies":"Blue Slaver","floor":9.0,"turns":3.0},{"damage":18.0,"enemies":"3 Sentries","floor":10.0,"turns":6.0},{"damage":5.0,"enemies":"downfall:FaceTrader","floor":11.0,"turns":6.0},{"damage":8.0,"enemies":"Red Slaver","floor":12.0,"turns":3.0},{"damage":0.0,"enemies":"2 Fungi Beasts","floor":13.0,"turns":3.0},{"damage":0.0,"enemies":"Gremlin Nob","floor":14.0,"turns":4.0},{"damage":2.0,"enemies":"Blue Slaver","floor":15.0,"turns":3.0},{"damage":27.0,"enemies":"WA_ARCHETYPE_RETAIN","floor":16.0,"turns":6.0},{"damage":11.0,"enemies":"3 Byrds","floor":19.0,"turns":3.0},{"damage":0.0,"enemies":"Chosen","floor":21.0,"turns":5.0},{"damage":17.0,"enemies":"3 Cultists","floor":22.0,"turns":4.0},{"damage":0.0,"enemies":"Centurion and Healer","floor":23.0,"turns":2.0},{"damage":10.0,"enemies":"downfall:FleeingMerchant","floor":26.0,"turns":4.0},{"damage":17.0,"enemies":"Slavers","floor":27.0,"turns":4.0},{"damage":44,"enemies":"Gremlin Leader","floor":29,"turns":4},{"damage":9,"enemies":"Chosen and Byrds","floor":32,"turns":3},{"damage":4,"enemies":"SI_MIRROR_ARCHETYPE","floor":33,"turns":1}],"seed_played":"-9056130725386447172","potions_obtained":[{"floor":5.0,"key":"Strength Potion"},{"floor":5.0,"key":"AttackPotion"},{"floor":6.0,"key":"hexamod:DoubleChargePotion"},{"floor":6.0,"key":"SpeedPotion"},{"floor":8.0,"key":"Ancient Potion"},{"floor":9.0,"key":"GamblersBrew"},{"floor":9.0,"key":"LiquidMemories"},{"floor":10.0,"key":"hexamod:InfernoChargePotion"},{"floor":11.0,"key":"FearPotion"},{"floor":11.0,"key":"Fire Potion"},{"floor":12.0,"key":"Fruit Juice"},{"floor":13.0,"key":"Milkshake"},{"floor":14.0,"key":"EntropicBrew"},{"floor":14.0,"key":"sneckomod:MuddlingPotion"},{"floor":15.0,"key":"ColorlessPotion"},{"floor":19.0,"key":"SkillPotion"},{"floor":21.0,"key":"Death Potion"},{"floor":29,"key":"LiquidBronze"},{"floor":32,"key":"bronze:BurnAndBuffPotion"}],"is_trial":false,"path_per_floor":["R","M","M","?","M","E","T","$","M","E","?","M","M","E","M","B",null,"R","M","?","M","M","M","T","R","$","E","R","E","?","?","M","B"],"character_chosen":"THE_SPIRIT","items_purchased":["Chameleon Ring","hexamod:ThermalTransfer","hexamod:DynamicBlow","Gremlin Food"],"campfire_rested":2,"item_purchase_floors":[26,26,26,26],"current_hp_per_floor":[70,69,69,69,69,61,61,61,59,41,36,34,35,36,35,9,60,60,50,50,51,35,36,36,55,46,30,62,19,19,11,3,0,0,0],"gold":158,"neow_bonus":"ONE_RARE_RELIC","is_daily":false,"chose_seed":false,"campfire_upgraded":1,"win_rate":0.0,"timestamp":1613172615,"path_taken":["R","M","M","?","M","E","T","$","M","E","?","M","M","E","M","BOSS","R","?","?","?","M","M","T","R","$","E","R","E","?","?","M","BOSS"],"items_purchased_type":["Relic","Card","Card","Relic"],"build_version":"2020-12-22","purchased_purges":1,"victory":false,"max_hp_per_floor":[70,70,70,70,70,70,70,70,70,70,70,76,77,78,79,80,60,60,61,61,62,63,64,64,64,65,66,76,77,77,77,78,78,78,78],"card_choices":[{"not_picked":["hexamod:HauntingEcho","hexamod:PhantomCloak"],"picked":"hexamod:SuperheatedStrike","floor":2.0},{"not_picked":["hexamod:BurningTouch","hexamod:Haunt"],"picked":"hexamod:FourthSeal","floor":3.0},{"not_picked":["hexamod:SwordOfDarkness","hexamod:BurningTouch","hexamod:NightmareStrike"],"picked":"SKIP","floor":5.0},{"not_picked":["hexamod:HeatShield","hexamod:BacktrackSmack"],"picked":"hexamod:PowerFromBeyond","floor":6.0},{"not_picked":["hexamod:AdvancingGuard","hexamod:Hexaguard"],"picked":"hexamod:SecondSeal","floor":8.0},{"not_picked":["hexamod:EtherealExpedition","hexamod:FourthSeal"],"picked":"hexamod:SoulSteal","floor":9.0},{"not_picked":["hexamod:BurningTouch","hexamod:BacktrackSmack"],"picked":"hexamod:RadiantFlame","floor":10.0},{"not_picked":["hexamod:SkipABeat","hexamod:Hexaguard"],"picked":"hexamod:TimeWarp","floor":11.0},{"not_picked":["hexamod:FlamesFromBeyond","hexamod:SwordOfDarkness","hexamod:ShieldOfDarkness"],"picked":"SKIP","floor":12.0},{"not_picked":["hexamod:SpectersWail","hexamod:AdvancingGuard"],"picked":"hexamod:InspiringFlames","floor":13.0},{"not_picked":["hexamod:Haunt","hexamod:NightmareStrike"],"picked":"hexamod:PowerFromBeyond","floor":14.0},{"not_picked":["hexamod:SkipABeat","hexamod:NightmareStrike"],"picked":"hexamod:FastForward","floor":15.0},{"not_picked":["hexamod:ForkedFlame","hexamod:TimeWarp"],"picked":"hexamod:SixthSeal","floor":16.0},{"not_picked":["hexamod:Hexaguard","hexamod:GhostLash"],"picked":"hexamod:Firestarter","floor":19.0},{"not_picked":["hexamod:GhostLash","hexamod:GhostOfSpireFuture"],"picked":"hexamod:HeatMetal","floor":21.0},{"not_picked":["hexamod:SwordOfDarkness","hexamod:ChargedBarrage+1"],"picked":"hexamod:SpectralSpark","floor":22.0},{"not_picked":["hexamod:RadiantFlame","hexamod:SpectersWail+1"],"picked":"hexamod:StepThrough","floor":26.0},{"not_picked":["hexamod:SuperheatedStrike","hexamod:GhostflameBarrier","hexamod:FastForward"],"picked":"SKIP","floor":27.0},{"not_picked":["hexamod:GhostLash","hexamod:HeatShield+1"],"picked":"hexamod:SwordOfDarkness+1","floor":29},{"not_picked":["hexamod:ShieldOfDarkness","hexamod:SuperheatedStrike+1"],"picked":"hexamod:WildfireWeapon","floor":32}],"player_experience":587389,"relics_obtained":[{"floor":6.0,"key":"Bronze Scales"},{"floor":10.0,"key":"Potion Belt"},{"floor":11.0,"key":"downfall:CloakOfManyFaces"},{"floor":14.0,"key":"The Courier"},{"floor":27.0,"key":"Boot"},{"floor":29,"key":"ReplayTheSpireMod:Lightbulb"}],"event_choices":[{"damage_healed":0,"gold_gain":0,"player_choice":"Ignored","damage_taken":0,"max_hp_gain":0,"max_hp_loss":0,"event_name":"Vampires","floor":30,"gold_loss":0}],"is_beta":false,"boss_relics":[{"not_picked":["Painkiller Herb","Replay:Wanted Poster"],"picked":"Replay:Drink Me"}],"items_purged_floors":[26],"is_endless":false,"potions_floor_spawned":[5,6,9,11,14,19,29,32],"killed_by":"SI_MIRROR_ARCHETYPE","ascension_level":1}}