{"host":"7gquyva492f4udta","time":1613157088,"event":{"mods":["BaseMod","Minty Spire (QoL Compilation)"],"gold_per_floor":[109,120,133,150,163,189,200,125,125,159,159,190,190,190,190,292,292,308,139,238,238,238,268,288,315,397,430,430,457,469,484,484,484,484],"floor_reached":33,"language":"ENG","playtime":2391,"items_purged":["Strike_R","Strike_R"],"score":494,"play_id":"0237808d-bd46-4cf3-8c54-281a90d8668b","local_time":"20210212131128","is_ascension_mode":true,"campfire_choices":[{"data":"Bash","floor":11,"key":"SMITH"},{"data":"Pommel Strike","floor":13,"key":"SMITH"},{"data":"Spot Weakness","floor":15,"key":"SMITH"},{"floor":28,"key":"REST"},{"data":"Inflame","floor":32,"key":"SMITH"}],"circlet_count":0,"master_deck":["Defend_R+1","Defend_R+1","Defend_R+1","Bash+1","Shrug It Off","Battle Trance","Dropkick","Sever Soul","Pommel Strike+1","Flame Barrier","Spot Weakness+1","Sword Boomerang","Limit Break+1","Rampage+1","Entrench+1","Fire Breathing+1","Pummel+1","Inflame+1","Heavy Blade+1","Power Through","Shrug It Off"],"relics":["Velvet Choker","InkBottle","Question Card","HornCleat","Magic Flower","Astrolabe","Blue Candle","Darkstone Periapt","Matryoshka","Red Skull","Happy Flower"],"acts_visited":["Exordium","TheCity"],"potions_floor_usage":[6,6,12,23,23,24,29,30,33],"damage_taken":[{"damage":1.0,"enemies":"Cultist","floor":1.0,"turns":3.0},{"damage":4.0,"enemies":"2 Louse","floor":2.0,"turns":3.0},{"damage":0.0,"enemies":"Small Slimes","floor":3.0,"turns":2.0},{"damage":0,"enemies":"Exordium Thugs","floor":4,"turns":4},{"damage":0,"enemies":"2 Fungi Beasts","floor":5,"turns":3},{"damage":0,"enemies":"Gremlin Nob","floor":6,"turns":2},{"damage":11,"enemies":"Looter","floor":7,"turns":2},{"damage":10,"enemies":"Lagavulin","floor":10,"turns":6},{"damage":15,"enemies":"3 Sentries","floor":12,"turns":7},{"damage":1,"enemies":"Hexaghost","floor":16,"turns":6},{"damage":19,"enemies":"Spheric Guardian","floor":18,"turns":6},{"damage":13,"enemies":"Book of Stabbing","floor":23,"turns":4},{"damage":8,"enemies":"2 Thieves","floor":24,"turns":4},{"damage":24,"enemies":"Slavers","floor":25,"turns":6},{"damage":8,"enemies":"Gremlin Leader","floor":27,"turns":4},{"damage":2,"enemies":"Slavers","floor":29,"turns":4},{"damage":0,"enemies":"Snecko","floor":30,"turns":3},{"damage":8,"enemies":"Snake Plant","floor":31,"turns":3},{"damage":47,"enemies":"Automaton","floor":33,"turns":6}],"seed_played":"-880875192783886237","potions_obtained":[{"floor":1.0,"key":"PowerPotion"},{"floor":3,"key":"Energy Potion"},{"floor":6,"key":"Energy Potion"},{"floor":7,"key":"Ancient Potion"},{"floor":10,"key":"Strength Potion"},{"floor":16,"key":"FearPotion"},{"floor":18,"key":"BloodPotion"},{"floor":27,"key":"Strength Potion"},{"floor":29,"key":"Swift Potion"},{"floor":31,"key":"FearPotion"}],"is_trial":false,"path_per_floor":["M","M","M","M","M","E","M","$","T","E","R","E","R","?","R","B",null,"M","$","?","?","?","E","M","E","T","E","R","E","M","M","R","B"],"character_chosen":"IRONCLAD","items_purchased":["Inflame"],"campfire_rested":1,"item_purchase_floors":[19],"current_hp_per_floor":[79,75,75,75,75,75,64,64,64,54,54,39,39,39,39,38,70,51,51,51,51,51,62,54,30,30,22,46,44,44,36,36,0,0],"gold":484,"neow_bonus":"BOSS_RELIC","is_daily":false,"chose_seed":false,"campfire_upgraded":4,"win_rate":0.0,"timestamp":1613157088,"path_taken":["M","M","M","M","M","E","?","$","T","E","R","E","R","?","R","BOSS","M","$","?","?","?","E","?","E","T","E","R","E","M","M","R","BOSS"],"items_purchased_type":["Card"],"build_version":"2020-12-22","purchased_purges":2,"victory":false,"max_hp_per_floor":[80,80,80,80,80,80,80,80,80,80,80,80,80,80,80,80,80,80,80,80,80,80,80,80,80,80,80,80,80,80,80,80,80,80],"card_choices":[{"not_picked":["Armaments","Second Wind"],"picked":"Shrug It Off","floor":1.0},{"not_picked":["Body Slam","Reckless Charge"],"picked":"Battle Trance","floor":2.0},{"not_picked":["Cleave","Sentinel"],"picked":"Dropkick","floor":3},{"not_picked":["Anger","Sword Boomerang"],"picked":"Sever Soul","floor":4},{"not_picked":["Thunderclap","Combust"],"picked":"Pommel Strike","floor":5},{"not_picked":["Dropkick","Evolve"],"picked":"Flame Barrier","floor":6},{"not_picked":["Headbutt","Pommel Strike"],"picked":"Spot Weakness","floor":7},{"not_picked":["Thunderclap","Twin Strike","Berserk","Perfected Strike"],"picked":"SKIP","floor":10},{"not_picked":["Entrench","Anger","Sever Soul","Cleave"],"picked":"SKIP","floor":12},{"not_picked":["Juggernaut","Bludgeon","Corruption"],"picked":"Limit Break","floor":16},{"not_picked":["Hemokinesis","Evolve","Body Slam"],"picked":"Pummel+1","floor":18},{"not_picked":["Iron Wave","Warcry","Flex","Carnage"],"picked":"SKIP","floor":23},{"not_picked":["Sword Boomerang","Warcry","Perfected Strike"],"picked":"Heavy Blade+1","floor":24},{"not_picked":["Iron Wave","Twin Strike","Headbutt","Berserk"],"picked":"SKIP","floor":25},{"not_picked":["Sword Boomerang","Perfected Strike+1","Clash","Rupture"],"picked":"SKIP","floor":27},{"not_picked":["Twin Strike+1","Uppercut","Intimidate"],"picked":"Power Through","floor":29},{"not_picked":["Feel No Pain","Clothesline","Wild Strike"],"picked":"Shrug It Off","floor":30},{"not_picked":["Iron Wave+1","Anger+1","Clothesline","Sever Soul"],"picked":"SKIP","floor":31}],"player_experience":269369,"relics_obtained":[{"floor":6,"key":"InkBottle"},{"floor":9,"key":"Question Card"},{"floor":10,"key":"HornCleat"},{"floor":12,"key":"Magic Flower"},{"floor":23,"key":"Blue Candle"},{"floor":25,"key":"Darkstone Periapt"},{"floor":26,"key":"Matryoshka"},{"floor":27,"key":"Red Skull"},{"floor":29,"key":"Happy Flower"}],"event_choices":[{"damage_healed":0,"gold_gain":0,"cards_transformed":["Strike_R"],"player_choice":"Change","damage_taken":0,"max_hp_gain":0,"max_hp_loss":0,"event_name":"Living Wall","floor":14,"gold_loss":0,"cards_obtained":["Sword Boomerang"]},{"damage_healed":0,"gold_gain":99,"player_choice":"Stole From Cult","damage_taken":0,"max_hp_gain":0,"max_hp_loss":0,"event_name":"Nest","floor":20,"gold_loss":0},{"damage_healed":0,"gold_gain":0,"player_choice":"Simplicity","damage_taken":0,"max_hp_gain":0,"max_hp_loss":0,"event_name":"Back to Basics","floor":21,"gold_loss":0,"cards_upgraded":["Defend_R","Defend_R","Defend_R"]},{"damage_healed":0,"gold_gain":0,"player_choice":"Forge","damage_taken":0,"max_hp_gain":0,"max_hp_loss":0,"event_name":"Accursed Blacksmith","floor":22,"gold_loss":0,"cards_upgraded":["Limit Break"]}],"is_beta":false,"boss_relics":[{"not_picked":["Busted Crown","Coffee Dripper"],"picked":"Astrolabe"}],"items_purged_floors":[8,19],"is_endless":false,"potions_floor_spawned":[1,3,6,7,10,16,18,27,29,31],"killed_by":"Automaton","ascension_level":5}}