{"host":"4ussnu3btygo6jwa","time":1613094141,"event":{"mods":["BaseMod","Block Reminder","Colored Powertips","Minty Spire (QoL Compilation)","StSLib"],"gold_per_floor":[109,124,141,151,170,201,50,50,50,20,295,307,72,99,99,204,204,216,216,216,216,216],"floor_reached":21,"language":"ENG","playtime":1172,"items_purged":["Strike_G"],"score":246,"play_id":"93985bc0-3a83-414b-bb87-3ba8e5796e68","local_time":"20210211204221","is_ascension_mode":true,"campfire_choices":[{"floor":8,"key":"REST"},{"floor":15,"key":"REST"}],"circlet_count":0,"master_deck":["Survivor","Neutralize","Doubt","Cloak And Dagger","Deadly Poison","Footwork","Prepared","Storm of Steel","Leg Sweep","Noxious Fumes","Blade Dance","Blur","Regret","Calculated Gamble","Corpse Explosion","Noxious Fumes","Crippling Poison+1","After Image","Burst+1","Unload","Terror+1","Accuracy","Acrobatics+1","Corpse Explosion+1","Acrobatics+1","Sucker Punch","Deflect+1","Shame"],"relics":["Ring of the Snake","Torii","Juzu Bracelet","Darkstone Periapt","Toxic Egg 2","Pandora\u0027s Box","Eternal Feather"],"acts_visited":["Exordium","TheCity"],"potions_floor_usage":[6,6,14,16],"damage_taken":[{"damage":4,"enemies":"Cultist","floor":1,"turns":7},{"damage":1,"enemies":"Small Slimes","floor":2,"turns":3},{"damage":2,"enemies":"Jaw Worm","floor":3,"turns":3},{"damage":10,"enemies":"Exordium Thugs","floor":4,"turns":6},{"damage":1,"enemies":"Large Slime","floor":5,"turns":6},{"damage":17,"enemies":"Lagavulin","floor":6,"turns":9},{"damage":1,"enemies":"Looter","floor":10,"turns":4},{"damage":8,"enemies":"Exordium Thugs","floor":12,"turns":6},{"damage":25,"enemies":"3 Sentries","floor":14,"turns":4},{"damage":37,"enemies":"The Guardian","floor":16,"turns":10},{"damage":56,"enemies":"Chosen","floor":18,"turns":7},{"damage":11,"enemies":"Shell Parasite","floor":21,"turns":2}],"seed_played":"-7279204710857857020","potions_obtained":[{"floor":1,"key":"Fire Potion"},{"floor":4,"key":"SkillPotion"},{"floor":6,"key":"LiquidBronze"},{"floor":12,"key":"CunningPotion"},{"floor":14,"key":"Strength Potion"},{"floor":18,"key":"SneckoOil"}],"is_trial":false,"path_per_floor":["M","M","M","M","M","E","$","R","T","M","?","M","$","E","R","B",null,"M","?","?","M"],"character_chosen":"THE_SILENT","items_purchased":["Leg Sweep","Noxious Fumes","Blade Dance","Corpse Explosion","Noxious Fumes"],"campfire_rested":2,"item_purchase_floors":[7,7,7,13,13],"current_hp_per_floor":[59,58,56,46,45,28,28,49,49,48,54,46,46,21,43,6,59,3,3,9,0,0],"gold":216,"neow_bonus":"ONE_RARE_RELIC","is_daily":false,"chose_seed":false,"campfire_upgraded":0,"win_rate":0.0,"timestamp":1613094141,"path_taken":["M","M","?","M","M","E","$","R","T","M","?","M","?","E","R","BOSS","M","?","?","M"],"items_purchased_type":["Card","Card","Card","Card","Card"],"build_version":"2020-12-22","purchased_purges":1,"victory":false,"max_hp_per_floor":[70,70,70,70,70,70,70,70,70,70,76,76,76,76,76,76,76,76,76,82,82,82],"card_choices":[{"not_picked":["Dodge and Roll","Dash"],"picked":"Cloak And Dagger","floor":1},{"not_picked":["Bouncing Flask","Backflip"],"picked":"Deadly Poison","floor":2},{"not_picked":["Acrobatics","Underhanded Strike"],"picked":"Footwork","floor":3},{"not_picked":["Outmaneuver","Dodge and Roll"],"picked":"Prepared","floor":4},{"not_picked":["Choke","Riddle With Holes","Eviscerate"],"picked":"SKIP","floor":5},{"not_picked":["Underhanded Strike","Prepared"],"picked":"Storm of Steel","floor":6},{"not_picked":["Sucker Punch","Quick Slash"],"picked":"Blur","floor":10},{"not_picked":["Bane","Footwork"],"picked":"Calculated Gamble","floor":12},{"not_picked":["Flying Knee","Quick Slash"],"picked":"Crippling Poison+1","floor":14},{"not_picked":["Glass Knife","Die Die Die"],"picked":"After Image","floor":16},{"not_picked":["Acrobatics+1","Poisoned Stab"],"picked":"Deflect+1","floor":18}],"player_experience":324017,"relics_obtained":[{"floor":6,"key":"Juzu Bracelet"},{"floor":9,"key":"Darkstone Periapt"},{"floor":14,"key":"Toxic Egg 2"}],"event_choices":[{"damage_healed":0,"gold_gain":275,"player_choice":"Desecrate","damage_taken":0,"max_hp_gain":0,"max_hp_loss":0,"event_name":"Golden Shrine","floor":11,"gold_loss":0,"cards_obtained":["Regret"]},{"cards_removed":["Corpse Explosion"],"damage_healed":0,"gold_gain":0,"player_choice":"Elegance","damage_taken":0,"max_hp_gain":0,"max_hp_loss":0,"event_name":"Back to Basics","floor":19,"gold_loss":0},{"damage_healed":0,"gold_gain":0,"player_choice":"Stole Relic","damage_taken":0,"relics_obtained":["Eternal Feather"],"max_hp_gain":0,"max_hp_loss":0,"event_name":"Addict","floor":20,"gold_loss":0,"cards_obtained":["Shame"]}],"is_beta":false,"boss_relics":[{"not_picked":["Runic Dome","HoveringKite"],"picked":"Pandora\u0027s Box"}],"items_purged_floors":[13],"is_endless":false,"potions_floor_spawned":[1,4,6,12,14,18],"killed_by":"Shell Parasite","ascension_level":6}}