{"host":"doky","time":1613096982,"event":{"mods":["100% Spire Juice","Act Like it!","BaseMod","Dota2Spire","Gensokyo","KinomotoSakuraMod(ƒæ÷Æ±æ”£)","Marisa£®ÏF”Í°°ƒß¿Ì…≥£©","Minty Spire (QoL Compilation)","Railgun Mod","Reimu£®≤©¿ˆ¡È√Œ£©","Remilia£®¿Ÿ√◊¿Ú—«£©","StSLib","The Alterego","Yakumo Yukari mod","Youmu£®ªÍ∆«—˝√Œ£©","Yuri Mod"],"gold_per_floor":[110,110,22,22,22,22,33,33,33,61,76,76,93,106,106,203,203,214,232,157,157,157,157,157,157,180,210,220,28,28,46,46,46,46],"floor_reached":33,"language":"ZHS","playtime":1749,"items_purged":["yuri:yuriStrike"],"score":288,"play_id":"637b2917-0aac-4cdf-b187-cc3ca763bcf6","local_time":"20210212102942","is_ascension_mode":false,"campfire_choices":[{"data":"Discovery","floor":6,"key":"SMITH"},{"data":"yuri:BookPurple","floor":8,"key":"SMITH"},{"data":"yuri:MPose","floor":15,"key":"SMITH"},{"data":"yuri:AdaptiveAI","floor":23,"key":"SMITH"},{"data":"Gensokyo:TekeTeke","floor":25,"key":"SMITH"},{"data":"yuri:GreenTea","floor":32,"key":"SMITH"}],"circlet_count":0,"master_deck":["yuri:yuriStrike","yuri:yuriStrike","yuri:yuriDefend","yuri:yuriDefend+1","yuri:yuriDefend","yuri:yuriDefend","yuri:Oolong+1","yuri:yuriStab","yuri:RecklessStrike+1","Clumsy","Discovery+1","yuri:BookPurple+1","yuri:GreenTea+1","yuri:MPose+1","yuri:ThornRemove","yuri:RemoveSafetyChecks","yuri:DejaVu+1","yuri:RemoveSafetyChecks+1","yuri:MirrorInsanity+1","yuri:Skip+1","yuri:HoldBack","yuri:AdaptiveAI+1","Shame","Gensokyo:TekeTeke+1","yuri:JumpScare","Gensokyo:Shovel","Gensokyo:RustyChest","yuri:BrokenCode+1","yuri:WickedSlash+1"],"relics":["yuri:yuriKnife","Gensokyo:NagashiBinaDoll","InkBottle","Mercury Hourglass","Dota2Spire:ShivaGuard","Gensokyo:Mercy","Astrolabe","Dota2Spire:UrnOfShadows","RuthlessExorcism:ReiMu","Bronze Scales"],"acts_visited":["Exordium","Gensokyo:Gensokyo"],"potions_floor_usage":[18,27,27,31,33],"damage_taken":[{"damage":5,"enemies":"Gensokyo:Python","floor":1,"turns":2},{"damage":5,"enemies":"Gensokyo:3_Fairies","floor":7,"turns":3},{"damage":16,"enemies":"Gensokyo:Aya","floor":10,"turns":4},{"damage":3,"enemies":"Gensokyo:2_Kodama","floor":11,"turns":4},{"damage":6,"enemies":"Gensokyo:LivingMonolith","floor":13,"turns":2},{"damage":4,"enemies":"Gensokyo:CorruptedTreant","floor":14,"turns":4},{"damage":27,"enemies":"Gensokyo:Kokoro","floor":16,"turns":9},{"damage":22,"enemies":"Gensokyo:3_Dogs","floor":18,"turns":4},{"damage":6,"enemies":"Gensokyo:2_Gloops","floor":19,"turns":4},{"damage":15,"enemies":"Gensokyo:Tenshi","floor":27,"turns":5},{"damage":6,"enemies":"Gensokyo:Swordslinger","floor":28,"turns":4},{"damage":71,"enemies":"Gensokyo:3_Gloops","floor":31,"turns":5},{"damage":47,"enemies":"Gensokyo:Kaguya","floor":33,"turns":10}],"seed_played":"-7783488082572515683","potions_obtained":[{"floor":1,"key":"Dota2Spire:HealingSalve"},{"floor":7,"key":"LiquidBronze"},{"floor":11,"key":"Swift Potion"},{"floor":13,"key":"Dexterity Potion"},{"floor":18,"key":"Energy Potion"},{"floor":19,"key":"PowerPotion"},{"floor":27,"key":"LiquidBronze"}],"is_trial":false,"path_per_floor":["M","?","$","T","COS","R","M","R","T","E","M","?","M","M","R","B",null,"M","M","$","?","?","R","?","R","T","E","M","COS","T","M","R","B"],"character_chosen":"YURI","items_purchased":["Discovery"],"campfire_rested":0,"item_purchase_floors":[3],"current_hp_per_floor":[79,79,79,79,79,79,75,75,75,63,70,70,74,80,80,62,80,65,69,69,69,69,69,69,69,69,64,70,70,70,8,8,0,0],"gold":46,"neow_bonus":"THREE_CARDS","is_daily":false,"chose_seed":false,"campfire_upgraded":6,"win_rate":0.0,"timestamp":1613096982,"path_taken":["M","?","?","?","COS","R","M","R","T","E","M","?","?","M","R","BOSS","M","M","$","?","?","R","?","R","T","E","?","COS","?","M","R","BOSS"],"items_purchased_type":["Card"],"build_version":"2020-12-18","purchased_purges":1,"victory":false,"max_hp_per_floor":[80,80,80,80,80,80,80,80,80,80,80,80,80,80,80,80,80,80,80,80,80,80,80,72,72,72,70,70,70,70,70,70,70,70],"card_choices":[{"not_picked":["yuri:GlitchedStrike","yuri:RepairCode"],"picked":"yuri:RecklessStrike","floor":0},{"not_picked":["yuri:ReloadGame","yuri:CorruptHitbox"],"picked":"yuri:WickedSlash","floor":1},{"not_picked":["yuri:Spin","yuri:TPose"],"picked":"yuri:BookPurple","floor":7},{"not_picked":["yuri:BrokenCode","yuri:InsanityDefense"],"picked":"yuri:GreenTea","floor":10},{"not_picked":["yuri:Stalk","yuri:GlitchedStrike","yuri:WickedSlash"],"picked":"SKIP","floor":11},{"not_picked":["yuri:Stare","yuri:RecklessStrike"],"picked":"yuri:MPose","floor":13},{"not_picked":["yuri:RepairCode","yuri:GlitchedStrike"],"picked":"yuri:ThornRemove","floor":14},{"not_picked":["yuri:DuplicateCode","yuri:Virus"],"picked":"yuri:RemoveSafetyChecks","floor":16},{"not_picked":["yuri:TPose+1","yuri:Spin"],"picked":"yuri:Skip+1","floor":18},{"not_picked":["yuri:ThrowBook","yuri:RepairCode+1"],"picked":"yuri:HoldBack","floor":19},{"not_picked":["Gensokyo:ManorOfTheDishes","Gensokyo:LochNessMonster"],"picked":"Gensokyo:TekeTeke","floor":24},{"not_picked":["yuri:DeepBreathing","yuri:UnstableStrike","yuri:TPose"],"picked":"SKIP","floor":27},{"not_picked":["yuri:RecklessStrike","yuri:ArmBrace"],"picked":"yuri:JumpScare","floor":28},{"not_picked":["yuri:MultiDip+1","yuri:RepairCode+1"],"picked":"yuri:BrokenCode+1","floor":31},{"not_picked":["yuri:ReactiveMadness","yuri:yuriHeavyStrike"],"picked":"yuri:WickedSlash+1","floor":31}],"player_experience":411041,"relics_obtained":[{"floor":4,"key":"InkBottle"},{"floor":9,"key":"Mercury Hourglass"},{"floor":10,"key":"Dota2Spire:ShivaGuard"},{"floor":27,"key":"Dota2Spire:UrnOfShadows"},{"floor":30,"key":"RuthlessExorcism:ReiMu"}],"event_choices":[],"is_beta":true,"boss_relics":[{"not_picked":["Empty Cage","Sozu"],"picked":"Astrolabe"}],"items_purged_floors":[20],"is_endless":false,"potions_floor_spawned":[1,7,11,13,14,18,19,27],"killed_by":"Gensokyo:Kaguya","ascension_level":0}}