{"host":"zwb5naz29bygj01b","time":1613104540,"event":{"mods":["2.2 Compatiblity","AchievementEnabler","BaseMod","Bestiary","Better Altar","Better Match","Better Note","Better Sensory Stone","Better Skull","Better Third Choice","Better-Laid Plans","BetterRewards","Block Reminder","Card Forge","Colored Map","Colored Powertips","Custom Start","Dark Map","DeckTracker","Downfall","Filter the Spire","Hermit","Highlight Path","Minty Spire (QoL Compilation)","Practice Mode","Quick Restart","Random Character Button","Rare Cards Sparkle","Shade Mod","Spicy Shops","StSLib","The Bug Knight","The Cursed","The Disciple","The Hierophant","The IronCluck","Transform Curses"],"gold_per_floor":[120,145,154,174,23,23,23],"floor_reached":6,"language":"ENG","playtime":267,"items_purged":[],"score":38,"play_id":"b0ed7f1d-03ed-41df-b6c5-35b9385218b1","local_time":"20210211223540","is_ascension_mode":true,"campfire_choices":[],"circlet_count":0,"master_deck":["Strike_P","Strike_P","Strike_P","Strike_P","Defend_P","Defend_P","Defend_P","Defend_P","Eruption","Nirvana","Devotion","DeceiveReality","Evaluate","Pray","LikeWater","Pain","SashWhip"],"relics":["PureWater","Hammer of Thor","Seething Fire","Anvil of the Gods","HollowMod:StagPassRelic","CeramicFish","Toolbox","Happy Flower","Pen Nib","WarpedTongs","Melange","StoneCalendar"],"acts_visited":["Exordium"],"potions_floor_usage":[],"damage_taken":[{"damage":0,"enemies":"Cultist","floor":1,"turns":3},{"damage":1,"enemies":"Jaw Worm","floor":2,"turns":4},{"damage":7,"enemies":"2 Louse","floor":4,"turns":3},{"damage":36,"enemies":"Lagavulin","floor":6,"turns":2}],"seed_played":"-40640019712669713","potions_obtained":[],"is_trial":false,"path_per_floor":["M","M","?","M","$","E"],"character_chosen":"WATCHER","items_purchased":["HollowMod:StagPassRelic","CeramicFish","Toolbox","Happy Flower","Nirvana","Evaluate","Melange","StoneCalendar"],"campfire_rested":0,"item_purchase_floors":[0,0,0,0,0,0,5,5],"current_hp_per_floor":[40,39,39,32,32,0,0],"gold":23,"neow_bonus":"","is_daily":false,"chose_seed":false,"campfire_upgraded":0,"win_rate":0.0,"timestamp":1613104540,"path_taken":["M","?","?","M","?","E"],"items_purchased_type":["Relic","Relic","Relic","Relic","Card","Card","Relic","Relic"],"build_version":"2020-12-22","purchased_purges":0,"victory":false,"max_hp_per_floor":[72,72,72,72,72,72,72],"card_choices":[{"not_picked":["Halt","Weave"],"picked":"Pray","floor":1},{"not_picked":["WindmillStrike","JustLucky"],"picked":"LikeWater","floor":2},{"not_picked":["WheelKick","Protect"],"picked":"SashWhip","floor":4}],"player_experience":45310,"relics_obtained":[],"event_choices":[{"damage_healed":0,"gold_gain":0,"player_choice":"Rummage","damage_taken":0,"relics_obtained":["WarpedTongs"],"max_hp_gain":0,"max_hp_loss":0,"event_name":"Accursed Blacksmith","floor":3,"gold_loss":0,"cards_obtained":["Pain"]}],"is_beta":false,"boss_relics":[],"items_purged_floors":[],"is_endless":false,"potions_floor_spawned":[],"killed_by":"Lagavulin","ascension_level":1}}