{"host":"i9o3eksapkmftcbs","time":1613113127,"event":{"mods":["2.2 Compatiblity","AchievementEnabler","Act Like it!","Arknights","Bard","BaseMod","BetterRewards","Colored Map","Colored Powertips","Conspire","Duelist Mod","Halation","Hubris","Infinite Spire","Lobotomy","Minty Spire (QoL Compilation)","Rare Cards Sparkle","Reliquary","Robot Space Explorer","StSLib","The Blackbeard","The Clintock","The Disciple","The Dragon Tamer","The Mystic","Transform Curses"],"gold_per_floor":[110,17,28,43,59,59,59],"floor_reached":6,"language":"ENG","playtime":484,"items_purged":[],"score":40,"play_id":"fa77a4c1-ba57-4d1e-b919-85faa8b69eaf","local_time":"20210212005847","is_ascension_mode":true,"campfire_choices":[],"circlet_count":0,"master_deck":["Strike_Br","Strike_Br","Strike_Br","Strike_Br","Defend_Br","Defend_Br","Defend_Br","Defend_Br","SecondHand+1","PatternShift","Engulf","DaylightSavings","PrimeTime","HandsUpB","WatchCommand","ExoVibe"],"relics":["Chronometer"],"acts_visited":["Exordium"],"potions_floor_usage":[6],"damage_taken":[{"damage":4.0,"enemies":"Cultist","floor":1.0,"turns":5.0},{"damage":4.0,"enemies":"ats:Genji","floor":3.0,"turns":5.0},{"damage":2.0,"enemies":"Jaw Worm","floor":4.0,"turns":5.0},{"damage":20.0,"enemies":"Lots of Slimes","floor":5.0,"turns":8.0},{"damage":63,"enemies":"Gremlin Nob","floor":6,"turns":5}],"seed_played":"7909695110466537584","potions_obtained":[{"floor":3.0,"key":"Energy Potion"},{"floor":5.0,"key":"Fire Potion"}],"is_trial":false,"path_per_floor":["M","$","M","M","M","E"],"character_chosen":"CHRONO_CLASS","items_purchased":["DaylightSavings","PrimeTime"],"campfire_rested":0,"item_purchase_floors":[2,2],"current_hp_per_floor":[61,61,57,55,35,0,0],"gold":59,"neow_bonus":"UPGRADE_CARD","is_daily":false,"chose_seed":false,"campfire_upgraded":0,"win_rate":0.0,"timestamp":1613113127,"path_taken":["M","?","M","?","M","E"],"items_purchased_type":["Card","Card"],"build_version":"2020-12-22","purchased_purges":0,"victory":false,"max_hp_per_floor":[65,65,65,65,65,65,65],"card_choices":[{"not_picked":["BiteCommand","Accruing"],"picked":"Engulf","floor":1.0},{"not_picked":["LockedScales","AlternateTimeline"],"picked":"HandsUpB","floor":3.0},{"not_picked":["HandsUpC","LockedScales"],"picked":"WatchCommand","floor":4.0},{"not_picked":["HandsUpB","BackFourSeconds"],"picked":"ExoVibe","floor":5.0}],"player_experience":431764,"relics_obtained":[],"event_choices":[],"is_beta":false,"boss_relics":[],"items_purged_floors":[],"is_endless":false,"potions_floor_spawned":[3,5],"killed_by":"Gremlin Nob","ascension_level":1}}