{"host":"qm4rv4rkpk76sbxu","time":1613164086,"event":{"mods":["BaseMod","Bestiary","Block Reminder","DeckTracker","Filter the Spire","Keyboard Shortcuts","Minty Spire (QoL Compilation)","MonsterHotkey","Quick Restart","Random Character Button","Relic Stats","Slay-I","StSLib","Unceasing Turn Reminder","ojb\u0027s Better Paths Mod","ojb\u0027s Info Mod"],"gold_per_floor":[363,375,28,28,203,230,230,260,260,260,278,330,399,412,412,509,509,519,534,459,369,389,389,423,423,423,458,373,373,373,387,387,490,490,502,515,390,390,407,422,450,469,469,481,506,518,543,571,583,595,607,619,45,74,74],"floor_reached":56,"language":"ENG","playtime":8009,"items_purged":["Parasite"],"score":1453,"play_id":"4cf3d93f-6c51-4adb-8be0-9a26c37a5443","local_time":"20210212220806","is_ascension_mode":true,"campfire_choices":[{"floor":7.0,"key":"REST"},{"data":"Doubt","floor":10.0,"key":"PURGE"},{"data":"Poisoned Stab","floor":15.0,"key":"SMITH"},{"data":"Burst","floor":23.0,"key":"SMITH"},{"data":"Bouncing Flask","floor":29.0,"key":"SMITH"},{"data":"Catalyst","floor":32.0,"key":"SMITH"},{"data":"Masterful Stab","floor":46,"key":"PURGE"},{"floor":49,"key":"RECALL"},{"data":"Tactician","floor":52,"key":"SMITH"}],"circlet_count":0,"master_deck":["Strike_G+1","Defend_G+1","Defend_G","Defend_G","Defend_G","Defend_G","Survivor","Neutralize","Reflex","Leg Sweep+1","Dagger Throw","Venomology","Poisoned Stab+1","Burst+1","Predator","Bouncing Flask+1","Blur","Noxious Fumes+1","Tools of the Trade+1","Infinite Blades","Catalyst+1","Tactician+1","Unload","Prepared+1","Acrobatics","Footwork","Backflip","Clumsy","Footwork","Footwork+1"],"relics":["Ring of the Snake","Peace Pipe","Bird Faced Urn","Eternal Feather","White Beast Statue","Centennial Puzzle","Cursed Key","Ornamental Fan","Anchor","Snake Skull","HoveringKite","StrikeDummy","Bronze Scales","MawBank","Kunai","CaptainsWheel","Art of War"],"acts_visited":["Exordium","TheCity","TheBeyond","TheEnding"],"potions_floor_usage":[45,45,48,48,50,50,54,55,55,55,55],"damage_taken":[{"damage":0.0,"enemies":"Cultist","floor":1.0,"turns":4.0},{"damage":0.0,"enemies":"2 Louse","floor":2.0,"turns":1.0},{"damage":19.0,"enemies":"Gremlin Nob","floor":6.0,"turns":5.0},{"damage":20.0,"enemies":"3 Sentries","floor":8.0,"turns":13.0},{"damage":0.0,"enemies":"Jaw Worm","floor":11.0,"turns":3.0},{"damage":0.0,"enemies":"2 Fungi Beasts","floor":14.0,"turns":2.0},{"damage":12.0,"enemies":"Hexaghost","floor":16.0,"turns":10.0},{"damage":8.0,"enemies":"2 Thieves","floor":18.0,"turns":4.0},{"damage":7.0,"enemies":"Shell Parasite","floor":19.0,"turns":5.0},{"damage":7.0,"enemies":"3 Cultists","floor":22.0,"turns":5.0},{"damage":28.0,"enemies":"Gremlin Leader","floor":24.0,"turns":8.0},{"damage":25.0,"enemies":"Slavers","floor":27.0,"turns":6.0},{"damage":3.0,"enemies":"Snecko","floor":31.0,"turns":4.0},{"damage":30.0,"enemies":"Collector","floor":33.0,"turns":8.0},{"damage":0.0,"enemies":"Orb Walker","floor":35.0,"turns":3.0},{"damage":16.0,"enemies":"3 Darklings","floor":36.0,"turns":5.0},{"damage":0.0,"enemies":"4 Shapes","floor":39.0,"turns":5.0},{"damage":2.0,"enemies":"Transient","floor":40.0,"turns":5.0},{"damage":2.0,"enemies":"Giant Head","floor":41.0,"turns":5.0},{"damage":0.0,"enemies":"Spire Growth","floor":42.0,"turns":3.0},{"damage":0.0,"enemies":"Jaw Worm Horde","floor":44.0,"turns":4.0},{"damage":0,"enemies":"Reptomancer","floor":45,"turns":4},{"damage":0,"enemies":"4 Shapes","floor":47,"turns":5},{"damage":0,"enemies":"Transient","floor":48,"turns":5},{"damage":18,"enemies":"Time Eater","floor":50,"turns":6},{"damage":24,"enemies":"Shield and Spear","floor":54,"turns":9},{"damage":55,"enemies":"The Heart","floor":55,"turns":3}],"seed_played":"1078543470846016337","potions_obtained":[{"floor":1.0,"key":"BlessingOfTheForge"},{"floor":6.0,"key":"SkillPotion"},{"floor":11.0,"key":"Swift Potion"},{"floor":16.0,"key":"Fire Potion"},{"floor":18.0,"key":"Swift Potion"},{"floor":19.0,"key":"CultistPotion"},{"floor":22.0,"key":"FearPotion"},{"floor":24.0,"key":"Swift Potion"},{"floor":27.0,"key":"Fruit Juice"},{"floor":31.0,"key":"Swift Potion"},{"floor":33.0,"key":"SpeedPotion"},{"floor":35.0,"key":"PowerPotion"},{"floor":36.0,"key":"Fruit Juice"},{"floor":39.0,"key":"BlessingOfTheForge"},{"floor":42.0,"key":"EntropicBrew"},{"floor":45,"key":"Fire Potion"},{"floor":47,"key":"FearPotion"},{"floor":48,"key":"Block Potion"},{"floor":54,"key":"Regen Potion"}],"is_trial":false,"path_per_floor":["M","M","$","?","?","E","R","E","T","R","M","T","?","M","R","B",null,"M","M","?","?","M","R","E","?","T","E","?","R","?","M","R","B",null,"M","M","$","?","M","M","E","M","T","M","E","R","M","M","R","B",null,"R","$","E","B",null],"character_chosen":"THE_SILENT","items_purchased":["Leg Sweep","Peace Pipe","PowerPotion","Kunai","CaptainsWheel","Footwork"],"campfire_rested":1,"item_purchase_floors":[3,3,37,53,53,53],"current_hp_per_floor":[49,49,49,35,35,16,37,17,17,26,26,26,26,26,35,23,70,62,55,55,55,48,60,32,32,32,13,13,25,25,33,45,21,75,75,61,66,66,72,77,77,77,77,77,77,77,77,77,77,65,77,77,77,58,23],"gold":74,"neow_bonus":"TWO_FIFTY_GOLD","is_daily":false,"chose_seed":false,"campfire_upgraded":5,"win_rate":0.0,"timestamp":1613164086,"path_taken":["M","M","$","?","?","E","R","E","T","R","M","?","?","?","R","BOSS","M","M","?","?","?","R","E","?","T","E","?","R","?","M","R","BOSS","M","M","$","?","M","M","E","M","T","M","E","R","?","M","R","BOSS","R","$","E","BOSS"],"items_purchased_type":["Card","Relic","Potion","Relic","Relic","Card"],"build_version":"2020-12-22","purchased_purges":1,"victory":true,"max_hp_per_floor":[70,70,70,70,70,70,70,70,70,70,70,70,70,70,70,70,70,70,70,70,70,70,70,70,70,70,70,70,70,70,75,75,75,75,75,75,77,77,77,77,77,77,77,77,77,77,77,77,77,77,77,77,77,77,77],"relic_stats":{"counters":[27,140],"HoveringKite":[52],"Eternal Feather":54,"Snake Skull":[205],"Cursed Key":2,"MawBank":96,"Peace Pipe":2,"Centennial Puzzle":[42],"Ornamental Fan":[104],"Bird Faced Urn":[54],"Bronze Scales":[96],"Art of War":[2],"Kunai":[5],"obtain_stats":[{"HoveringKite":34,"Eternal Feather":8,"Snake Skull":28,"Cursed Key":17,"MawBank":45,"White Beast Statue":9,"Peace Pipe":3,"Centennial Puzzle":12,"Anchor":27,"CaptainsWheel":53,"Ornamental Fan":24,"Bird Faced Urn":6,"Bronze Scales":43,"Art of War":54,"Kunai":53,"StrikeDummy":41,"Ring of the Snake":0},{"HoveringKite":14,"Eternal Feather":4,"Snake Skull":12,"Cursed Key":7,"MawBank":22,"White Beast Statue":4,"Peace Pipe":2,"Centennial Puzzle":5,"Anchor":12,"CaptainsWheel":25,"Ornamental Fan":11,"Bird Faced Urn":3,"Bronze Scales":20,"Art of War":26,"Kunai":25,"StrikeDummy":19,"Ring of the Snake":0},{"HoveringKite":78,"Eternal Feather":23,"Snake Skull":66,"Cursed Key":38,"MawBank":112,"White Beast Statue":23,"Peace Pipe":5,"Centennial Puzzle":26,"Anchor":66,"CaptainsWheel":128,"Ornamental Fan":60,"Bird Faced Urn":10,"Bronze Scales":104,"Art of War":137,"Kunai":128,"StrikeDummy":101,"Ring of the Snake":0}],"Ring of the Snake":[54]},"card_choices":[{"not_picked":["Escape Plan","Sucker Punch"],"picked":"Masterful Stab","floor":1.0},{"not_picked":["Concentrate","Choke"],"picked":"Reflex","floor":2.0},{"not_picked":["Deadly Poison","Dodge and Roll"],"picked":"Dagger Throw","floor":6.0},{"not_picked":["Slice","Malaise"],"picked":"Venomology","floor":8.0},{"not_picked":["Deflect","Distraction","Concentrate"],"picked":"SKIP","floor":11.0},{"not_picked":["Endless Agony","Riddle With Holes"],"picked":"Poisoned Stab","floor":14.0},{"not_picked":["A Thousand Cuts","Night Terror"],"picked":"Burst","floor":16.0},{"not_picked":["Quick Slash+1","Deadly Poison"],"picked":"Predator","floor":18.0},{"not_picked":["Concentrate","Setup"],"picked":"Bouncing Flask","floor":19.0},{"not_picked":["Deflect","Flying Knee"],"picked":"Blur","floor":22.0},{"not_picked":["Dagger Spray","Caltrops"],"picked":"Noxious Fumes+1","floor":24.0},{"not_picked":["Noxious Fumes+1","Deadly Poison","Crippling Poison"],"picked":"SKIP","floor":27.0},{"not_picked":["Blade Dance","Acrobatics"],"picked":"Tactician","floor":31.0},{"not_picked":["Phantasmal Killer","Wraith Form v2"],"picked":"Unload","floor":33.0},{"not_picked":["Slice+1","Caltrops"],"picked":"Prepared+1","floor":35.0},{"not_picked":["Deflect+1","Bane"],"picked":"Acrobatics","floor":36.0},{"not_picked":["Blade Dance+1","Bane+1"],"picked":"Footwork","floor":39.0},{"not_picked":["Predator+1","Caltrops","Bane+1"],"picked":"SKIP","floor":40.0},{"not_picked":["Cloak And Dagger","Predator","Sucker Punch+1"],"picked":"SKIP","floor":41.0},{"not_picked":["Dagger Throw","Slice"],"picked":"Backflip","floor":42.0},{"not_picked":["Envenom","Distraction+1","Caltrops+1"],"picked":"SKIP","floor":44.0},{"not_picked":["Quick Slash","Caltrops+1","Prepared"],"picked":"SKIP","floor":45},{"not_picked":["Quick Slash+1","Deadly Poison","Dagger Throw"],"picked":"SKIP","floor":47},{"not_picked":["Distraction+1","Backstab","Quick Slash"],"picked":"SKIP","floor":48},{"not_picked":["Flying Knee+1","Endless Agony+1"],"picked":"Footwork+1","floor":54}],"player_experience":1573130,"relics_obtained":[{"floor":6.0,"key":"Bird Faced Urn"},{"floor":8.0,"key":"Eternal Feather"},{"floor":9.0,"key":"White Beast Statue"},{"floor":12.0,"key":"Centennial Puzzle"},{"floor":24.0,"key":"Ornamental Fan"},{"floor":27.0,"key":"Anchor"},{"floor":41.0,"key":"StrikeDummy"},{"floor":43.0,"key":"Bronze Scales"},{"floor":45,"key":"MawBank"},{"floor":54,"key":"Art of War"}],"event_choices":[{"damage_healed":0.0,"max_hp_gain":0.0,"max_hp_loss":0.0,"gold_gain":0.0,"event_name":"Shining Light","player_choice":"Entered Light","floor":4.0,"gold_loss":0.0,"damage_taken":14.0,"cards_upgraded":["Defend_G","Leg Sweep"]},{"damage_healed":0.0,"max_hp_gain":0.0,"max_hp_loss":0.0,"gold_gain":175.0,"event_name":"Liars Game","player_choice":"AGREE","floor":5.0,"gold_loss":0.0,"damage_taken":0.0,"cards_obtained":["Doubt"]},{"damage_healed":0.0,"max_hp_gain":0.0,"max_hp_loss":0.0,"gold_gain":69.0,"event_name":"Golden Wing","player_choice":"Gained Gold","floor":13.0,"gold_loss":0.0,"damage_taken":0.0},{"cards_removed":["Strike_G"],"damage_healed":0.0,"max_hp_gain":0.0,"max_hp_loss":0.0,"gold_gain":0.0,"event_name":"Beggar","player_choice":"Gave Gold","floor":20.0,"gold_loss":75.0,"damage_taken":0.0},{"cards_removed":["Strike_G"],"damage_healed":0.0,"max_hp_gain":0.0,"max_hp_loss":0.0,"gold_gain":0.0,"event_name":"Designer","player_choice":"Upgrade and Remove","floor":21.0,"gold_loss":90.0,"damage_taken":0.0,"cards_upgraded":["Strike_G"]},{"damage_healed":0.0,"max_hp_gain":0.0,"max_hp_loss":0.0,"gold_gain":0.0,"cards_transformed":["Strike_G","Strike_G"],"event_name":"Drug Dealer","player_choice":"Became Test Subject","floor":25.0,"gold_loss":0.0,"damage_taken":0.0,"cards_obtained":["Tools of the Trade","Infinite Blades"]},{"damage_healed":0.0,"max_hp_gain":0.0,"max_hp_loss":0.0,"gold_gain":0.0,"event_name":"Addict","player_choice":"Obtained Relic","floor":28.0,"gold_loss":85.0,"damage_taken":0.0,"relics_obtained":["Snake Skull"]},{"damage_healed":0.0,"max_hp_gain":0.0,"max_hp_loss":0.0,"gold_gain":0.0,"event_name":"The Library","player_choice":"Read","floor":30.0,"gold_loss":0.0,"damage_taken":0.0,"cards_obtained":["Catalyst"]},{"damage_healed":0.0,"max_hp_gain":0.0,"max_hp_loss":0.0,"gold_gain":0.0,"event_name":"Upgrade Shrine","player_choice":"Upgraded","floor":38.0,"gold_loss":0.0,"damage_taken":0.0,"cards_upgraded":["Tools of the Trade"]}],"is_beta":false,"boss_relics":[{"not_picked":["Calling Bell","Snecko Eye"],"picked":"Cursed Key"},{"not_picked":["SlaversCollar","Empty Cage"],"picked":"HoveringKite"}],"items_purged_floors":[37],"is_endless":false,"potions_floor_spawned":[1,6,11,14,16,18,19,22,24,27,31,33,35,36,39,40,41,42,44,45,47,48,54],"ascension_level":4}}