{"host":"fxrgx7wt2cpkbhka","time":1613125226,"event":{"mods":["AchievementEnabler","BaseMod","Colored Powertips","Dark Map","Minty Spire (QoL Compilation)","Permanent Neow","Quick Restart","Slay-I","StSLib","Waifu the Spire"],"gold_per_floor":[117,117,117,141,156,197,197,218,218,298,298,298,318,332,332,421,484,505,197,157,173,196,211,232,255,331,331,344,44,375,398,398,398,398],"floor_reached":33,"language":"ENG","playtime":1154,"items_purged":[],"score":489,"play_id":"1f5aa66f-9964-4cbc-bbd7-97615c6d7a21","local_time":"20210212022026","is_ascension_mode":true,"campfire_choices":[{"data":"Zap","floor":7,"key":"SMITH"},{"data":"Leap","floor":12,"key":"SMITH"},{"data":"Glacier","floor":15,"key":"SMITH"},{"data":"Ball Lightning","floor":27,"key":"SMITH"},{"data":"BootSequence","floor":32,"key":"SMITH"}],"circlet_count":0,"master_deck":["AscendersBane","Strike_B","Strike_B","Strike_B+1","Strike_B","Defend_B","Defend_B","Defend_B","Defend_B","Zap+1","Dualcast+1","BootSequence+1","Cold Snap","Ball Lightning+1","Cold Snap","Leap+1","Glacier+1","Electrodynamics+1","Ball Lightning+1","Ball Lightning+1","Biased Cognition+1","Cold Snap+1","Capacitor+1"],"relics":["Cracked Core","Golden Idol","Bottled Lightning","CaptainsWheel","Frozen Egg 2","Tiny House","Blood Vial","Kunai","Lee\u0027s Waffle","Bronze Scales","Old Coin"],"acts_visited":["Exordium","TheCity"],"potions_floor_usage":[4,8,16,21,33,33],"damage_taken":[{"damage":7,"enemies":"Small Slimes","floor":1,"turns":3},{"damage":1,"enemies":"Cultist","floor":4,"turns":3},{"damage":2,"enemies":"Jaw Worm","floor":5,"turns":4},{"damage":16,"enemies":"Lagavulin","floor":6,"turns":6},{"damage":8,"enemies":"3 Louse","floor":8,"turns":3},{"damage":6,"enemies":"Gremlin Gang","floor":13,"turns":6},{"damage":0,"enemies":"2 Fungi Beasts","floor":14,"turns":3},{"damage":16,"enemies":"The Guardian","floor":16,"turns":16},{"damage":0,"enemies":"3 Byrds","floor":18,"turns":3},{"damage":9,"enemies":"Shell Parasite","floor":21,"turns":4},{"damage":11,"enemies":"Chosen and Byrds","floor":22,"turns":5},{"damage":2,"enemies":"Cultist and Chosen","floor":23,"turns":3},{"damage":6,"enemies":"Snecko","floor":24,"turns":5},{"damage":17,"enemies":"Sentry and Sphere","floor":25,"turns":4},{"damage":11,"enemies":"3 Cultists","floor":28,"turns":4},{"damage":12,"enemies":"Book of Stabbing","floor":30,"turns":5},{"damage":9,"enemies":"Snake Plant","floor":31,"turns":2},{"damage":82,"enemies":"Champ","floor":33,"turns":13}],"seed_played":"1644747671387307904","potions_obtained":[{"floor":1,"key":"DistilledChaos"},{"floor":5,"key":"BlessingOfTheForge"},{"floor":8,"key":"Fire Potion"},{"floor":16,"key":"Weak Potion"},{"floor":17,"key":"CultistPotion"},{"floor":24,"key":"DuplicationPotion"}],"is_trial":false,"path_per_floor":["M","?","?","M","M","E","R","M","T","T","?","R","M","M","R","B",null,"M","$","?","M","M","M","M","M","T","R","M","$","E","M","R","B"],"character_chosen":"DEFECT","items_purchased":["Blood Vial","Biased Cognition+1","Lee\u0027s Waffle","Bronze Scales"],"campfire_rested":0,"item_purchase_floors":[19,19,29,29],"current_hp_per_floor":[64,64,64,63,61,45,45,37,37,37,37,37,31,31,31,15,67,67,67,67,60,51,51,47,32,32,32,23,90,78,71,71,0,0],"gold":398,"neow_bonus":"TEN_PERCENT_HP_BONUS","is_daily":false,"chose_seed":false,"campfire_upgraded":5,"win_rate":0.0,"timestamp":1613125226,"path_taken":["M","?","?","M","?","E","R","M","T","?","?","R","M","M","R","BOSS","M","$","?","?","M","M","M","M","T","R","?","$","E","M","R","BOSS"],"items_purchased_type":["Relic","Card","Relic","Relic"],"build_version":"2020-12-22","purchased_purges":0,"victory":false,"max_hp_per_floor":[78,78,78,78,78,78,78,78,78,78,78,78,78,78,78,78,83,83,83,83,83,83,83,83,83,83,83,83,90,90,90,90,90,90],"card_choices":[{"not_picked":["Doom and Gloom","Conserve Battery"],"picked":"BootSequence","floor":1},{"not_picked":["Compile Driver","Consume"],"picked":"Cold Snap","floor":4},{"not_picked":["Sweeping Beam","Chaos"],"picked":"Ball Lightning","floor":5},{"not_picked":["Chill","Sweeping Beam"],"picked":"Cold Snap","floor":6},{"not_picked":["Compile Driver","Meteor Strike"],"picked":"Leap","floor":8},{"not_picked":["Aggregate","Gash"],"picked":"Glacier","floor":13},{"not_picked":["Heatsinks+1","Recycle","Sweeping Beam"],"picked":"SKIP","floor":14},{"not_picked":["Biased Cognition+1","Rainbow"],"picked":"Electrodynamics+1","floor":16},{"not_picked":["Sunder","Go for the Eyes"],"picked":"Ball Lightning","floor":17},{"not_picked":["Steam","Heatsinks+1"],"picked":"Ball Lightning+1","floor":18},{"not_picked":["Heatsinks+1","Steam+1"],"picked":"Cold Snap+1","floor":21},{"not_picked":["Double Energy","Undo","Barrage"],"picked":"SKIP","floor":22},{"not_picked":["Force Field","Turbo","Streamline"],"picked":"SKIP","floor":23},{"not_picked":["Amplify","Coolheaded","Undo+1"],"picked":"SKIP","floor":24},{"not_picked":["Beam Cell","Rip and Tear"],"picked":"Capacitor+1","floor":25},{"not_picked":["Reinforced Body","Stack","Sweeping Beam+1"],"picked":"SKIP","floor":28},{"not_picked":["Beam Cell","Double Energy","Steam Power"],"picked":"SKIP","floor":30},{"not_picked":["Streamline","Turbo","Sunder"],"picked":"SKIP","floor":31}],"player_experience":772169,"relics_obtained":[{"floor":6,"key":"Bottled Lightning"},{"floor":9,"key":"CaptainsWheel"},{"floor":10,"key":"Frozen Egg 2"},{"floor":26,"key":"Kunai"},{"floor":30,"key":"Old Coin"}],"event_choices":[{"damage_healed":0,"gold_gain":0,"player_choice":"Take Wound","damage_taken":0,"relics_obtained":["Golden Idol"],"max_hp_gain":0,"max_hp_loss":0,"event_name":"Golden Idol","floor":2,"gold_loss":0,"cards_obtained":["Injury"]},{"cards_removed":["Injury"],"damage_healed":0,"gold_gain":0,"player_choice":"Removed Curses","damage_taken":0,"max_hp_gain":0,"max_hp_loss":0,"event_name":"Fountain of Cleansing","floor":3,"gold_loss":0},{"damage_healed":0,"gold_gain":0,"player_choice":"Grow","damage_taken":0,"max_hp_gain":0,"max_hp_loss":0,"event_name":"Living Wall","floor":11,"gold_loss":0,"cards_upgraded":["Dualcast"]},{"damage_healed":0,"gold_gain":0,"player_choice":"Upgrade","damage_taken":0,"max_hp_gain":0,"max_hp_loss":0,"event_name":"Designer","floor":20,"gold_loss":40,"cards_upgraded":["Ball Lightning"]}],"is_beta":false,"boss_relics":[{"not_picked":["Empty Cage","Snecko Eye"],"picked":"Tiny House"}],"items_purged_floors":[],"is_endless":false,"potions_floor_spawned":[1,5,8,16,18,24,25,31],"killed_by":"Champ","ascension_level":14}}