{"host":"1bzbl1adcbkdzqlf","time":1613168836,"event":{"mods":["BaseMod","Minty Spire (QoL Compilation)","Slay the Relics Exporter"],"gold_per_floor":[109,109,184,144,157,482,482,516,516,190,223,5,30,88,88,163,163,179,16,16,30,47,47,47,47,47,81,81,116,139,167,167,239,239,259,259,275,323,343,377,9,78,78,107,107,119,134,169,169,169,169,169,12,52,52],"floor_reached":56,"language":"ENG","playtime":5341,"items_purged":[],"score":2177,"play_id":"4a2f618a-a3e1-47de-a033-fd65eee1922e","local_time":"20210212162716","is_ascension_mode":true,"campfire_choices":[{"floor":7,"key":"REST"},{"floor":15,"key":"REST"},{"data":"Armaments","floor":23,"key":"SMITH"},{"floor":25,"key":"REST"},{"data":"Heavy Blade","floor":28,"key":"SMITH"},{"data":"Shockwave","floor":32,"key":"SMITH"},{"data":"Impervious","floor":45,"key":"SMITH"},{"floor":49,"key":"RECALL"},{"data":"Limit Break","floor":52,"key":"SMITH"}],"circlet_count":0,"master_deck":["AscendersBane","Bash","Clothesline","Spot Weakness","Headbutt","Sword Boomerang","Heavy Blade+1","Flex","Offering","Pummel+1","Double Tap","Rampage","Burning Pact","Bludgeon","Limit Break+1","Spot Weakness","Sever Soul","Havoc","Feel No Pain","Cleave","Shockwave+1","Armaments+1","Iron Wave","Pommel Strike+1","Cleave","Impervious+1","Flex","Shrug It Off+1","Demon Form","Reaper","Parasite","Shrug It Off","Barricade","Flame Barrier","Flex+1"],"relics":["Burning Blood","Old Coin","HornCleat","Ice Cream","Pen Nib","Nunchaku","Regal Pillow","PreservedInsect","CaptainsWheel","Blood Vial","Pandora\u0027s Box","Lantern","Nilry\u0027s Codex","Mercury Hourglass","Bird Faced Urn","Question Card","Happy Flower","Omamori","Cursed Key","Peace Pipe","Art of War","Membership Card","Whetstone","Potion Belt","Bottled Lightning","Sundial","CeramicFish","Bag of Preparation","Toy Ornithopter"],"acts_visited":["Exordium","TheCity","TheBeyond","TheEnding"],"potions_floor_usage":[8,13,16,18,31,50,50,55,55,55,55],"damage_taken":[{"damage":13,"enemies":"Jaw Worm","floor":1,"turns":5},{"damage":8,"enemies":"Small Slimes","floor":5,"turns":3},{"damage":27,"enemies":"Gremlin Nob","floor":6,"turns":4},{"damage":30,"enemies":"Lagavulin","floor":8,"turns":5},{"damage":23,"enemies":"Gremlin Nob","floor":11,"turns":5},{"damage":1,"enemies":"Lagavulin","floor":13,"turns":3},{"damage":2,"enemies":"Lagavulin Event","floor":14,"turns":5},{"damage":60,"enemies":"Hexaghost","floor":16,"turns":10},{"damage":20,"enemies":"Shell Parasite","floor":18,"turns":2},{"damage":12,"enemies":"Chosen","floor":21,"turns":3},{"damage":14,"enemies":"Snake Plant","floor":22,"turns":2},{"damage":26,"enemies":"Slavers","floor":27,"turns":4},{"damage":16,"enemies":"Gremlin Leader","floor":29,"turns":3},{"damage":18,"enemies":"Slavers","floor":31,"turns":4},{"damage":23,"enemies":"Collector","floor":33,"turns":5},{"damage":11,"enemies":"Orb Walker","floor":35,"turns":3},{"damage":0,"enemies":"3 Darklings","floor":37,"turns":3},{"damage":22,"enemies":"2 Orb Walkers","floor":38,"turns":2},{"damage":9,"enemies":"4 Shapes","floor":39,"turns":5},{"damage":8,"enemies":"Nemesis","floor":40,"turns":5},{"damage":19,"enemies":"Giant Head","floor":44,"turns":6},{"damage":0,"enemies":"Transient","floor":46,"turns":5},{"damage":6,"enemies":"Maw","floor":47,"turns":5},{"damage":17,"enemies":"Nemesis","floor":48,"turns":5},{"damage":53,"enemies":"Time Eater","floor":50,"turns":8},{"damage":26,"enemies":"Shield and Spear","floor":54,"turns":5},{"damage":116,"enemies":"The Heart","floor":55,"turns":7}],"seed_played":"-7920407760709788221","potions_obtained":[{"floor":6,"key":"Fire Potion"},{"floor":13,"key":"BloodPotion"},{"floor":14,"key":"AttackPotion"},{"floor":16,"key":"FearPotion"},{"floor":18,"key":"BloodPotion"},{"floor":31,"key":"Swift Potion"},{"floor":38,"key":"BlessingOfTheForge"},{"floor":47,"key":"DuplicationPotion"},{"floor":48,"key":"Regen Potion"},{"floor":54,"key":"DuplicationPotion"}],"is_trial":false,"path_per_floor":["M","?","?","$","M","E","R","E","T","$","E","$","E","?","R","B",null,"M","$","?","M","M","R","?","R","T","E","R","E","T","E","R","B",null,"M","?","M","?","M","E","$","T","T","E","R","M","M","E","R","B",null,"R","$","E","B",null],"character_chosen":"IRONCLAD","items_purchased":["Spot Weakness","Pen Nib","Nunchaku","PreservedInsect","Strength Potion","Lantern","Membership Card","Whetstone","Potion Belt","Reaper","Bag of Preparation","Flame Barrier","LiquidMemories"],"campfire_rested":3,"item_purchase_floors":[4,10,10,12,12,19,41,41,41,41,53,53,53],"current_hp_per_floor":[57,62,51,51,49,28,56,32,32,32,15,15,20,24,67,15,74,62,62,62,58,52,52,31,74,74,56,56,48,48,58,58,45,82,79,94,94,78,77,77,77,77,77,70,70,94,94,94,94,61,86,86,86,89,66],"gold":52,"neow_bonus":"TWENTY_PERCENT_HP_BONUS","is_daily":false,"chose_seed":false,"campfire_upgraded":5,"win_rate":0.0,"timestamp":1613168836,"path_taken":["M","?","?","?","M","E","R","E","T","$","E","$","E","?","R","BOSS","M","$","?","M","M","R","?","R","T","E","R","E","?","E","R","BOSS","M","?","M","?","M","E","$","?","T","E","R","M","M","E","R","BOSS","R","$","E","BOSS"],"items_purchased_type":["Card","Relic","Relic","Relic","Potion","Relic","Relic","Relic","Relic","Card","Relic","Card","Potion"],"build_version":"2020-12-22","purchased_purges":0,"victory":true,"max_hp_per_floor":[89,94,94,94,94,94,94,94,94,94,94,94,94,94,94,94,94,94,94,94,94,94,94,94,94,94,94,94,94,94,94,94,94,94,94,94,94,94,94,94,94,94,94,94,94,94,94,94,94,94,94,94,94,94,94],"card_choices":[{"not_picked":["Anger","Flex"],"picked":"Clothesline","floor":1},{"not_picked":["Dark Embrace","True Grit"],"picked":"Headbutt","floor":5},{"not_picked":["Havoc","Wild Strike"],"picked":"Sword Boomerang","floor":6},{"not_picked":["Dual Wield","Blood for Blood"],"picked":"Heavy Blade","floor":8},{"not_picked":["Iron Wave","Pommel Strike"],"picked":"Flex","floor":11},{"not_picked":["Disarm","Anger"],"picked":"Offering","floor":13},{"not_picked":["Clothesline","Clash"],"picked":"Pummel","floor":14},{"not_picked":["Exhume","Corruption"],"picked":"Double Tap","floor":16},{"not_picked":["Perfected Strike","Sword Boomerang","Sever Soul"],"picked":"SKIP","floor":18},{"not_picked":["Flex","Clash"],"picked":"Armaments","floor":21},{"not_picked":["Burning Pact+1","Disarm"],"picked":"Iron Wave","floor":22},{"not_picked":["Clash","Corruption","Body Slam"],"picked":"SKIP","floor":27},{"not_picked":["Twin Strike","Havoc"],"picked":"Pommel Strike","floor":29},{"not_picked":["Seeing Red","Dual Wield","Clothesline"],"picked":"Cleave","floor":31},{"not_picked":["Demon Form","Limit Break","Brutality"],"picked":"Impervious","floor":33},{"not_picked":["Headbutt","Dropkick","Thunderclap"],"picked":"Flex","floor":35},{"not_picked":["Anger","Pommel Strike","True Grit+1"],"picked":"Shrug It Off+1","floor":37},{"not_picked":["Pommel Strike","Carnage","Clothesline","Sentinel"],"picked":"SKIP","floor":39},{"not_picked":["Infernal Blade","Pummel","Whirlwind"],"picked":"Demon Form","floor":40},{"not_picked":["Cleave","Feed","Perfected Strike+1","Heavy Blade"],"picked":"SKIP","floor":44},{"not_picked":["Thunderclap","Havoc","Cleave","Infernal Blade"],"picked":"SKIP","floor":46},{"not_picked":["Iron Wave","Fiend Fire","Warcry+1"],"picked":"Shrug It Off","floor":47},{"not_picked":["Clash+1","True Grit","Warcry+1"],"picked":"Barricade","floor":48},{"not_picked":["Anger","Entrench","Wild Strike"],"picked":"Flex+1","floor":54}],"player_experience":463415,"relics_obtained":[{"floor":6,"key":"Old Coin"},{"floor":8,"key":"HornCleat"},{"floor":9,"key":"Ice Cream"},{"floor":11,"key":"Regal Pillow"},{"floor":13,"key":"CaptainsWheel"},{"floor":14,"key":"Blood Vial"},{"floor":24,"key":"Nilry\u0027s Codex"},{"floor":26,"key":"Mercury Hourglass"},{"floor":27,"key":"Bird Faced Urn"},{"floor":29,"key":"Question Card"},{"floor":30,"key":"Happy Flower"},{"floor":31,"key":"Omamori"},{"floor":38,"key":"Peace Pipe"},{"floor":40,"key":"Art of War"},{"floor":42,"key":"Bottled Lightning"},{"floor":44,"key":"Sundial"},{"floor":48,"key":"CeramicFish"},{"floor":54,"key":"Toy Ornithopter"}],"event_choices":[{"damage_healed":0,"gold_gain":0,"player_choice":"Donut","damage_taken":0,"max_hp_gain":5,"max_hp_loss":0,"event_name":"Big Fish","floor":2,"gold_loss":0},{"damage_healed":0,"gold_gain":75,"player_choice":"Gather Gold","damage_taken":11,"max_hp_gain":0,"max_hp_loss":0,"event_name":"World of Goop","floor":3,"gold_loss":0},{"damage_healed":0,"gold_gain":0,"player_choice":"Searched \u00271\u0027 times","damage_taken":0,"max_hp_gain":0,"max_hp_loss":0,"event_name":"Dead Adventurer","floor":14,"gold_loss":0},{"damage_healed":0,"gold_gain":0,"player_choice":"Read","damage_taken":0,"max_hp_gain":0,"max_hp_loss":0,"event_name":"The Library","floor":20,"gold_loss":0,"cards_obtained":["Shockwave"]},{"damage_healed":0,"gold_gain":0,"player_choice":"Obtained Book","damage_taken":21,"max_hp_gain":0,"max_hp_loss":0,"event_name":"Cursed Tome","floor":24,"gold_loss":0},{"damage_healed":19,"gold_gain":0,"player_choice":"Writhe","damage_taken":0,"max_hp_gain":0,"max_hp_loss":0,"event_name":"Winding Halls","floor":36,"gold_loss":0,"cards_obtained":["Writhe"]},{"damage_healed":0,"gold_gain":0,"player_choice":"Fight","damage_taken":0,"max_hp_gain":0,"max_hp_loss":0,"event_name":"Mysterious Sphere","floor":38,"gold_loss":0}],"is_beta":false,"boss_relics":[{"not_picked":["Tiny House","Snecko Eye"],"picked":"Pandora\u0027s Box"},{"not_picked":["Fusion Hammer","Runic Pyramid"],"picked":"Cursed Key"}],"items_purged_floors":[],"is_endless":false,"potions_floor_spawned":[6,13,14,16,18,31,35,38,40,47,48,54],"ascension_level":16}}