{"host":"ymw71f7rc9ndansy","time":1613105751,"event":{"mods":["ATMod(阿瑾Mod)","Act Like it!","Arknights","Aspiration","BaseMod","DeckTracker","Hubris","Library of Ruina","Library of Ruina Extra","Minty Spire (QoL Compilation)","MostiFishMod","NanayaShiki（七夜志贵）","Relic Filter Mod","Remove Card Discount Mod","Replay The Spire","RumiaBox-露米娅的神秘盒子","StSLib","TestMod","【功能Mod】精心准备","【遗物卡牌】REMEMod"],"gold_per_floor":[366,147,147,147,161,178,178,178,205,205,231,231,265,285,316,328,328,457,457,468,396,416,431,22,55,55,55,108,134,151,151,186,204,204,331,331,341,353,363,363,103,128,128,153,153,184,202,213,60,60],"floor_reached":49,"language":"ZHS","playtime":1241,"items_purged":["LightAttack","Dodge","LightDefense","LightDefense","ats:Strike C","ShikiMod:kakaa","ChargeAndCover","LightDefense","FocusedStrikes"],"score":2035,"play_id":"1a2e340d-a4ea-4a13-a0af-545d80b789d2","local_time":"20210212125551","is_ascension_mode":true,"campfire_choices":[{"floor":8.0,"key":"RECALL"},{"data":"WillOfThePrescript","floor":12,"key":"SMITH"},{"data":"LeRegole","floor":17,"key":"SMITH"},{"data":"AT_FamilyPortrait","floor":26,"key":"SMITH"},{"data":"AT_LightSaberMaster","floor":34,"key":"SMITH"},{"data":"FrontalAssault","floor":43,"key":"SMITH"}],"circlet_count":0,"master_deck":["AscendersBane","LightDefense","LightAttack","LightAttack","AT_FamilyPortrait+1","Disarm","LeRegole+1","WillOfThePrescript+1","TrashDisposal","Commandeering","RagingStormLove","Multislash","AT_LightSaberMaster+1","GrazeTheGrass+1","EmotionalTurbulence+1","Faith","FrontalAssault+1","CleanUp+1"],"relics":["PageOfLibrarian","testmod-TestBox","DaveBox","REME_ComplimentaryCards","AT_ATBox","BirthdayGift-Tetrahedron","testmod-AscensionHeart","SynthV:TestCard","Iron Hammer","hubris:Towel","PageOfOzma","testmod-IndustrialRevolution","Centennial Puzzle","AT_BladeRuinedKing","testmod-SaigiyounoYou","PageOfTheQueenOfHatred","Dodecahedron","PageOfTheKnightOfDespair","PageOfGreed","PageOfWrath","PageOfNihil","BlooRelic","testmod-OneHitWonder","GreenFoldingFan","Cruel_heart","AT_EbonyIvory","Incense Burner","PageOfWayBackHome","Membership Card"],"acts_visited":["Exordium","TheCity","TheBeyond"],"potions_floor_usage":[18,30],"damage_taken":[{"damage":2.0,"enemies":"Cultist","floor":1.0,"turns":2.0},{"damage":2.0,"enemies":"2 Louse","floor":5.0,"turns":2.0},{"damage":0.0,"enemies":"Jaw Worm","floor":6.0,"turns":1.0},{"damage":4.0,"enemies":"Gremlin Nob","floor":9.0,"turns":3.0},{"damage":4,"enemies":"Lagavulin","floor":13,"turns":3},{"damage":2,"enemies":"Large Slime","floor":14,"turns":2},{"damage":1,"enemies":"3 Sentries","floor":15,"turns":1},{"damage":0,"enemies":"Red Slaver","floor":16,"turns":1},{"damage":4,"enemies":"The Guardian","floor":18,"turns":3},{"damage":2,"enemies":"Chosen","floor":20,"turns":2},{"damage":2,"enemies":"2 Thieves","floor":22,"turns":2},{"damage":2,"enemies":"3 Cultists","floor":23,"turns":2},{"damage":1,"enemies":"Gremlin Leader","floor":25,"turns":1},{"damage":2,"enemies":"REME_1_Revenger","floor":29,"turns":2},{"damage":21,"enemies":"Snake Plant","floor":30,"turns":4},{"damage":0,"enemies":"Gremlin Leader","floor":32,"turns":1},{"damage":0,"enemies":"Snecko","floor":33,"turns":1},{"damage":4,"enemies":"hubris:MusketHawk","floor":35,"turns":2},{"damage":2,"enemies":"Orb Walker","floor":37,"turns":1},{"damage":6,"enemies":"3 Shapes","floor":38,"turns":2},{"damage":2,"enemies":"Spire Growth","floor":39,"turns":1},{"damage":2,"enemies":"R_Hoarder","floor":42,"turns":1},{"damage":2,"enemies":"Giant Head","floor":44,"turns":1},{"damage":6,"enemies":"Nemesis","floor":46,"turns":2},{"damage":6,"enemies":"Transient","floor":47,"turns":2},{"damage":2,"enemies":"4 Shapes","floor":48,"turns":1}],"seed_played":"476989625002897757","potions_obtained":[{"floor":5.0,"key":"Energy Potion"},{"floor":16,"key":"testmod-SpacePotion"},{"floor":20,"key":"Venom Potion"},{"floor":22,"key":"SpeedPotion"},{"floor":30,"key":"Regen Potion"},{"floor":33,"key":"GamblersBrew"},{"floor":38,"key":"Swift Potion"}],"is_trial":false,"path_per_floor":["M","$","PTL","PTL","M","M","?","R","E","?","T","R","E","M","E","M","R","B",null,"M","$","M","M","$","E","R","?","T","E","M","T","E","M","R","B",null,"M","M","M","?","$","E","R","E","T","E","M","M","$"],"character_chosen":"Librarian","items_purchased":["Iron Hammer","AT_LightSaberMaster","PageOfTheQueenOfHatred","Dodecahedron","Cruel_heart","Membership Card"],"campfire_rested":0,"item_purchase_floors":[2,21,24,24,41,49],"current_hp_per_floor":[53,53,53,53,52,53,53,53,51,51,51,51,57,60,61,62,62,75,92,97,97,97,97,97,97,97,97,97,99,91,91,100,100,100,105,105,105,105,105,105,105,106,106,107,107,108,108,108,108,108],"gold":60,"neow_bonus":"TWO_FIFTY_GOLD","is_daily":false,"chose_seed":false,"campfire_upgraded":5,"win_rate":0.0,"timestamp":1613105751,"path_taken":["M","$","PTL","PTL","M","M","?","R","E","?","T","R","E","M","E","M","R","BOSS","M","$","M","M","$","E","R","?","T","E","M","?","E","M","R","BOSS","M","M","M","?","$","E","R","E","T","E","M","?","$"],"items_purchased_type":["Relic","Card","Relic","Relic","Relic","Relic"],"build_version":"2020-12-22","purchased_purges":9,"victory":false,"max_hp_per_floor":[81,81,81,81,81,81,81,81,82,82,82,82,91,91,92,92,92,97,97,97,97,97,97,97,98,98,98,98,99,99,99,100,100,100,105,105,105,105,105,105,105,106,106,107,107,108,108,108,108,108],"card_choices":[{"not_picked":["Leap_lor","Parry","SummaryJudgment","BizarreAttack","Multislash","QuickSuppression","Concentration","FervidEmotions"],"picked":"LeRegole","floor":1.0},{"not_picked":["EndlessBattle","ReadyUp","InnerArdor","TimeForALittleTest","StayCalm","Unlock1","MultiHit","FleetEdge","Pound","Parry2"],"picked":"WillOfThePrescript","floor":6.0},{"not_picked":["Tttonst","SuanNi","BlazingStrike","GroundSmash","MindCrush","BlazingStrike","TrashDisposal","GoinFirst","Deflect_lor","GroundSmash"],"picked":"TrashDisposal","floor":9.0},{"not_picked":["Commandeering","Deflect_lor","WillProduceFineSilk","GroundSmash","LeRegole","Tttonst","RipSpace","Decapitation","Disposal","BlazingStrike"],"picked":"Commandeering","floor":13},{"not_picked":["GoinFirst","EnergyBeam","Tttonst","CrackOfDawn","Tttonst","BoundaryOfDeath","UnforgettableMelody","Castigation","MindCrush","Castigation"],"picked":"RagingStormLove","floor":15},{"not_picked":["ShockRound","ToOvercomeCrisis","PuppetBlockade","SunsetBlade","GaleKick","BiXi","Diversion","Riposte","SilentMist","TieShanKao"],"picked":"Multislash","floor":16},{"not_picked":["BackAttack","HandleRequest","DarkCloud","SomberProcuration","GroundSmash","BulkyImpact","PinpointShot","BladeWhirl","MultiHit","FervidEmotions+1"],"picked":"GrazeTheGrass","floor":23},{"not_picked":["Disposal","Observe","Transpierce","MindCrush","RipSpace","Commandeering","SenseQuarry","Suppress","DaringDecision","Suppress"],"picked":"EmotionalTurbulence","floor":29},{"not_picked":["BlowItUp","SmokingPipe+1","GuardingStance","ICanCookAnything","Unlock1+1","Retaliate","Wallop_lor","MultiHit","SearingSword","SturdyDefense"],"picked":"Faith","floor":30},{"not_picked":["FleetFootsteps+1","Parry2","UpbeatPerformance","FleshFillet","TheArtOfRapidSteps","Creak","UnavoidableGaze","TimeForALittleTest+1","Quickness","EnergyStrike"],"picked":"FrontalAssault","floor":38},{"not_picked":["GutHarvesting","EmotionalTurbulence","Disposal","ScratchThat","Tttonst","Punishment","UnforgettableMelody","FleshFillet","UnforgettableMelody","FlamingDragonFist"],"picked":"CleanUp","floor":42},{"not_picked":["MirageStorm","Deflect_lor","RagingStormLove","Deflect_lor","Suppress","Tttonst","GoinFirst","CleanUp","SuanNi","BlazingStrike","SenseQuarry"],"picked":"SKIP","floor":46},{"not_picked":["GuidanceOfTheGears+1","UnavoidableGaze+1","ClassAndRespect","ToWhereThePrescriptPoints","ChargeUp","SweepTheBackstreets","DesperateStruggle+1","HighSpeedStabbing","StartinOutLightly","Rewind","TrimTheIngredients+1"],"picked":"SKIP","floor":47},{"not_picked":["Gigigig","CircusKnives","EnergyStrike","LossOfSenses","DarkCloud","GreatSerpentsImpact","GuardingStance","CleanUp","Feast","FleetFootsteps","SuppressingShot"],"picked":"SKIP","floor":48}],"player_experience":1084487,"relics_obtained":[{"floor":1.0,"key":"SynthV:TestCard"},{"floor":9.0,"key":"PageOfOzma"},{"floor":11,"key":"testmod-IndustrialRevolution"},{"floor":13,"key":"Centennial Puzzle"},{"floor":15,"key":"AT_BladeRuinedKing"},{"floor":25,"key":"PageOfTheKnightOfDespair"},{"floor":28,"key":"PageOfGreed"},{"floor":29,"key":"PageOfWrath"},{"floor":30,"key":"PageOfNihil"},{"floor":31,"key":"BlooRelic"},{"floor":32,"key":"testmod-OneHitWonder"},{"floor":42,"key":"AT_EbonyIvory"},{"floor":44,"key":"Incense Burner"},{"floor":46,"key":"PageOfWayBackHome"}],"event_choices":[{"damage_healed":0,"gold_gain":0,"player_choice":"Ignored","damage_taken":0,"max_hp_gain":0,"max_hp_loss":0,"event_name":"Duplicator","floor":40,"gold_loss":0}],"is_beta":false,"boss_relics":[{"not_picked":["AT_TrinityForce","RhineCircuit"],"picked":"testmod-SaigiyounoYou"},{"not_picked":["SoulBox","OneHitWonderSystem"],"picked":"GreenFoldingFan"}],"items_purged_floors":[2,2,2,2,2,2,2,21,24],"is_endless":false,"potions_floor_spawned":[5,9,16,20,22,30,33,38,42,46,47],"ascension_level":20}}