{"host":"zzioommp09tnipoy","time":1613101391,"event":{"mods":["100% Spire Juice","Astrologer","BaseMod","Conjunction","Downfall","Ekko","Friendly Minions","GifTheSpireLib","Hubris","Infinite Spire","KinomotoSakuraMod(????)","Kiyohime????","Koishi","Marisa????????","Minty Spire (QoL Compilation)","Prisma Mod","Remilia??????","Replay The Spire","StSLib","Td1madao Mod","The Animator","The Bladedancer","The Bug Knight","The Cursed","The Disciple","The Mystic","The Necromancer"],"gold_per_floor":[112,112,112,112,112,143,20,33,56,56,66,66,96,115,115,214,214,226,226,240,254,254,254,289,289,289,289,307,317,317,417,417,512,512,531,547,558,558,572,572,572],"floor_reached":40,"language":"ENG","playtime":2417,"items_purged":[],"score":441,"play_id":"1db5e2a6-fa9f-41b5-b831-7a76012fcf3b","local_time":"20210211214311","is_ascension_mode":false,"campfire_choices":[{"data":"Summon_Undead_Army","floor":10,"key":"SMITH"},{"data":"Summon_Undead","floor":12,"key":"SMITH"},{"floor":15,"key":"REST"},{"floor":23,"key":"REST"}],"circlet_count":0,"master_deck":["Strike_W+1","Strike_W+1","Strike_W+1","Strike_W+1","Defend_W+1","Defend_W+1","Defend_W+1","Negative_Energy_Arrows+1","Bone_Wall","Siphon_Strength","Spectral_Armor","Summon_Undead_Army+1","Bone_Shift+1","Exploit","Summon_Undead+1","Consume_Illness","Death_March_Dance","Cloudkill","Negative_Energy_Mist","Finger_Of_Death+1","Negative_Energy_Javelin","Bone_Prison+1","Blood_Curse","Slay_Living","Grasp_Heart","Bones_to_Steel","Negative_Energy_Burst+1","Negative_Energy_Shield+1","infinitespire:SevenWalls","infinitespire:FutureSight","Strike_from_Beyond+1"],"relics":["Vampire_Amulet","MealTicket","Replay:Accelerometer","Omamori","Replay:Wax Seal","Ancient Tea Set","hubris:ScarierMask","CultistMask","hubris:Towel","Vajra","Mercury Hourglass","Nilry\u0027s Codex","Replay:Multitool","HollowMod:LifeEnderRelic","hubris:Backtick","Mummified Hand","Shuriken"],"acts_visited":["Exordium","TheCity","TheBeyond"],"potions_floor_usage":[13,13,21,24,31,31,33,33,39],"damage_taken":[{"damage":1,"enemies":"Jaw Worm","floor":1,"turns":6},{"damage":7,"enemies":"Gremlin Nob","floor":6,"turns":4},{"damage":0,"enemies":"2 Louse","floor":8,"turns":4},{"damage":0,"enemies":"Small Slimes","floor":11,"turns":3},{"damage":34,"enemies":"3 Sentries","floor":13,"turns":7},{"damage":0,"enemies":"Looter","floor":14,"turns":3},{"damage":42,"enemies":"The Guardian","floor":16,"turns":12},{"damage":8,"enemies":"Chosen","floor":18,"turns":4},{"damage":12,"enemies":"Shell Parasite","floor":20,"turns":6},{"damage":15,"enemies":"3 Cultists","floor":21,"turns":5},{"damage":58,"enemies":"Book of Stabbing","floor":24,"turns":6},{"damage":5,"enemies":"Snecko","floor":28,"turns":5},{"damage":1,"enemies":"Centurion and Healer","floor":29,"turns":5},{"damage":11,"enemies":"Colosseum Slavers","floor":31,"turns":3},{"damage":0,"enemies":"Colosseum Nobs","floor":31,"turns":2},{"damage":47,"enemies":"Champ","floor":33,"turns":13},{"damage":15,"enemies":"3 Shapes","floor":35,"turns":3},{"damage":16,"enemies":"3 Darklings","floor":36,"turns":4},{"damage":40,"enemies":"Maw","floor":37,"turns":8},{"damage":21,"enemies":"Writhing Mass","floor":39,"turns":5},{"damage":26,"enemies":"R_Hoarder","floor":40,"turns":5}],"seed_played":"-7690538010187426862","potions_obtained":[{"floor":6,"key":"GamblersBrew"},{"floor":8,"key":"Weak Potion"},{"floor":14,"key":"SpeedPotion"},{"floor":16,"key":"DuplicationPotion"},{"floor":21,"key":"DuplicationPotion"},{"floor":24,"key":"AttackPotion"},{"floor":29,"key":"DistilledChaos"},{"floor":31,"key":"Adrenaline Potion"},{"floor":35,"key":"Swift Potion"}],"is_trial":false,"path_per_floor":["M","?","?","?","T","E","$","M","T","R","M","R","E","M","R","B",null,"M","?","M","M","?","R","E","?","T","?","M","M","?","?","R","B",null,"M","M","M","AVR","M","E"],"character_chosen":"NECROMANCER","items_purchased":["Summon_Undead_Army","Bone_Shift"],"campfire_rested":2,"item_purchase_floors":[7,7],"current_hp_per_floor":[82,82,75,63,63,58,73,77,77,77,81,81,53,55,79,39,82,79,79,69,58,58,82,35,35,35,19,16,23,23,22,46,10,82,71,57,43,43,24,0,0],"gold":572,"neow_bonus":"TEN_PERCENT_HP_BONUS","is_daily":false,"chose_seed":false,"campfire_upgraded":2,"win_rate":0.0,"timestamp":1613101391,"path_taken":["M","?","?","?","?","E","$","?","T","R","?","R","E","M","R","BOSS","M","?","M","?","?","R","E","?","T","?","M","?","?","?","R","BOSS","M","M","M","AVR","M","E"],"items_purchased_type":["Card","Card"],"build_version":"2020-12-22","purchased_purges":0,"victory":false,"max_hp_per_floor":[82,82,82,82,82,82,82,82,82,82,82,82,82,82,82,82,82,82,82,82,82,82,82,82,82,82,82,82,82,82,82,82,82,82,82,82,82,82,82,82,82],"card_choices":[{"not_picked":["Deaths_Shadow","Negative_Energy_Mist"],"picked":"Siphon_Strength","floor":1},{"not_picked":["Bones_to_Steel","Blood_Whip"],"picked":"Spectral_Armor","floor":6},{"not_picked":["Chill_Blood","Negative_Energy_Mist"],"picked":"Exploit","floor":8},{"not_picked":["Shade_Step","Bone_Shift"],"picked":"Summon_Undead","floor":11},{"not_picked":["Cloudkill","Blood_Whip"],"picked":"Consume_Illness","floor":13},{"not_picked":["Blood_Whip","Chill_Blood"],"picked":"Death_March_Dance","floor":14},{"not_picked":["Detonate_Bones","Blood_Magic"],"picked":"Cloudkill","floor":16},{"not_picked":["Bones_to_Steel","Death_March_Dance"],"picked":"Negative_Energy_Mist","floor":18},{"not_picked":["Consume_Illness+1","Negative_Energy_Burst"],"picked":"Finger_Of_Death+1","floor":20},{"not_picked":["Life_Tap+1","Necromantic_Selection","Necrotic_Claws"],"picked":"SKIP","floor":21},{"not_picked":["Negative_Energy_Sphere","Consume_Illness+1"],"picked":"Negative_Energy_Javelin","floor":24},{"not_picked":["Finger_Of_Death+1","Death_March_Dance"],"picked":"Bone_Prison+1","floor":28},{"not_picked":["Scare","Death_Coil"],"picked":"Blood_Curse","floor":29},{"not_picked":["Summon_Undead+1","Bone_Spikes+1"],"picked":"Slay_Living","floor":31},{"not_picked":["Requiem","Blood_Magic"],"picked":"Grasp_Heart","floor":33},{"not_picked":["Negative_Energy_Mist+1","Epidemic"],"picked":"Bones_to_Steel","floor":35},{"not_picked":["Death_Coil","Bones_to_Steel"],"picked":"Negative_Energy_Burst+1","floor":36},{"not_picked":["Death_March_Dance","Toxic_Smoke_Screen"],"picked":"Negative_Energy_Shield+1","floor":37},{"not_picked":["Detonate_Bones","Bone_Spikes+1"],"picked":"Strike_from_Beyond+1","floor":39}],"player_experience":227437,"relics_obtained":[{"floor":5,"key":"Replay:Accelerometer"},{"floor":6,"key":"Omamori"},{"floor":9,"key":"Replay:Wax Seal"},{"floor":13,"key":"Ancient Tea Set"},{"floor":24,"key":"Vajra"},{"floor":26,"key":"Mercury Hourglass"},{"floor":27,"key":"Nilry\u0027s Codex"},{"floor":31,"key":"Replay:Multitool"},{"floor":31,"key":"HollowMod:LifeEnderRelic"}],"event_choices":[{"cards_removed":["Defend_W"],"damage_healed":0,"gold_gain":0,"player_choice":"Card Removal","damage_taken":7,"max_hp_gain":0,"max_hp_loss":0,"event_name":"Golden Wing","floor":3,"gold_loss":0},{"damage_healed":0,"gold_gain":0,"player_choice":"Success","damage_taken":12,"relics_obtained":["MealTicket"],"max_hp_gain":0,"max_hp_loss":0,"event_name":"Scrap Ooze","floor":4,"gold_loss":0},{"damage_healed":0,"gold_gain":0,"player_choice":"Trade","damage_taken":0,"relics_obtained":["CultistMask"],"max_hp_gain":0,"max_hp_loss":0,"event_name":"FaceTrader","floor":19,"gold_loss":0},{"damage_healed":0,"gold_gain":0,"player_choice":"Ignored","damage_taken":0,"max_hp_gain":0,"max_hp_loss":0,"event_name":"Ghosts","floor":25,"gold_loss":0},{"damage_healed":0,"gold_gain":0,"player_choice":"Obtained Book","damage_taken":16,"max_hp_gain":0,"max_hp_loss":0,"event_name":"Cursed Tome","floor":27,"gold_loss":0},{"damage_healed":0,"gold_gain":0,"player_choice":"Simplicity","damage_taken":0,"max_hp_gain":0,"max_hp_loss":0,"event_name":"Back to Basics","floor":30,"gold_loss":0,"cards_upgraded":["Strike_W","Strike_W","Strike_W","Strike_W","Defend_W","Defend_W","Defend_W"]},{"damage_healed":0,"gold_gain":0,"player_choice":"Fight","damage_taken":0,"max_hp_gain":0,"max_hp_loss":0,"event_name":"Colosseum","floor":31,"gold_loss":0},{"damage_healed":0,"gold_gain":0,"player_choice":"Fought Nobs","damage_taken":0,"max_hp_gain":0,"max_hp_loss":0,"event_name":"Colosseum","floor":31,"gold_loss":0}],"is_beta":false,"boss_relics":[{"not_picked":["Empty Cage","Busted Crown"],"picked":"hubris:ScarierMask"},{"not_picked":["Kintsugi","ReplayTheSpireMod:DimensionalGlitch"],"picked":"hubris:Backtick"}],"items_purged_floors":[],"is_endless":false,"potions_floor_spawned":[6,8,14,16,21,24,29,31,35],"killed_by":"R_Hoarder","ascension_level":0}}