{"host":"u8f6oqzdc7r6igag","time":1613159479,"event":{"mods":["BaseMod","Minty Spire (QoL Compilation)","Relic Stats"],"gold_per_floor":[118,136,11,86,86,119,119,159,186,186,204,139,158,173,173,304,304,304,229,229,229,229,229,229,229],"floor_reached":24,"language":"ENG","playtime":1088,"items_purged":["Strike_R"],"score":315,"play_id":"d00f6b78-f577-4225-af0d-fb120045f097","local_time":"20210212135119","is_ascension_mode":true,"campfire_choices":[{"data":"True Grit","floor":7.0,"key":"SMITH"},{"data":"True Grit","floor":10.0,"key":"SMITH"},{"data":"Flame Barrier","floor":15.0,"key":"SMITH"},{"data":"Battle Trance","floor":23.0,"key":"SMITH"}],"circlet_count":0,"master_deck":["Strike_R","Strike_R","Strike_R","Defend_R","Defend_R","Defend_R","Defend_R","Bash","Battle Trance+1","Thunderclap","True Grit+1","Injury","True Grit+1","Cleave","Flame Barrier+1","Flex","Brutality","Feed","Dual Wield+1","Demon Form"],"relics":["Burning Blood","NeowsBlessing","Golden Idol","Red Skull","Question Card","Orichalcum","Self Forming Clay","Ectoplasm"],"acts_visited":["Exordium","TheCity"],"potions_floor_usage":[],"damage_taken":[{"damage":0.0,"enemies":"2 Louse","floor":1.0,"turns":1.0},{"damage":0.0,"enemies":"Cultist","floor":2.0,"turns":1.0},{"damage":0.0,"enemies":"Gremlin Nob","floor":6.0,"turns":1.0},{"damage":52.0,"enemies":"Lagavulin","floor":8.0,"turns":9.0},{"damage":3.0,"enemies":"Small Slimes","floor":11.0,"turns":4.0},{"damage":0.0,"enemies":"2 Fungi Beasts","floor":13.0,"turns":2.0},{"damage":0.0,"enemies":"Exordium Wildlife","floor":14.0,"turns":3.0},{"damage":27.0,"enemies":"Hexaghost","floor":16.0,"turns":12.0},{"damage":0.0,"enemies":"3 Byrds","floor":18.0,"turns":1.0},{"damage":25.0,"enemies":"Shell Parasite","floor":20.0,"turns":9.0},{"damage":16.0,"enemies":"Centurion and Healer","floor":21.0,"turns":8.0},{"damage":18.0,"enemies":"Shelled Parasite and Fungi","floor":22.0,"turns":10.0},{"damage":0,"enemies":"Gremlin Leader","floor":24,"turns":1}],"seed_played":"-1639136899871553674","potions_obtained":[{"floor":1.0,"key":"EntropicBrew"},{"floor":8.0,"key":"Explosive Potion"},{"floor":13.0,"key":"SkillPotion"},{"floor":20.0,"key":"ElixirPotion"}],"is_trial":false,"path_per_floor":["M","M","$","?","?","E","R","E","T","R","M","?","M","M","R","B",null,"M","?","M","M","M","R","E"],"character_chosen":"IRONCLAD","items_purchased":["True Grit"],"campfire_rested":0,"item_purchase_floors":[3],"current_hp_per_floor":[78,80,80,69,69,75,75,29,29,29,32,32,38,44,44,23,66,72,72,56,52,43,43,43,43],"gold":229,"neow_bonus":"THREE_ENEMY_KILL","is_daily":false,"chose_seed":false,"campfire_upgraded":4,"win_rate":0.0,"timestamp":1613159479,"path_taken":["M","M","$","?","?","E","R","E","T","R","M","?","M","M","R","BOSS","M","?","M","M","M","R","E"],"items_purchased_type":["Card"],"build_version":"2020-12-22","purchased_purges":1,"victory":false,"max_hp_per_floor":[80,80,80,80,80,80,80,80,80,80,80,80,80,80,80,80,80,80,80,83,89,92,92,92,92],"relic_stats":{"counters":[13,62],"Golden Idol":68,"Self Forming Clay":[78],"Ectoplasm":76,"Orichalcum":[12],"Question Card":8,"obtain_stats":[{"NeowsBlessing":0,"Golden Idol":5,"Self Forming Clay":12,"Ectoplasm":17,"Orichalcum":9,"Question Card":8,"Burning Blood":0,"Red Skull":6},{"NeowsBlessing":0,"Golden Idol":2,"Self Forming Clay":5,"Ectoplasm":8,"Orichalcum":4,"Question Card":4,"Burning Blood":0,"Red Skull":3},{"NeowsBlessing":0,"Golden Idol":2,"Self Forming Clay":16,"Ectoplasm":33,"Orichalcum":12,"Question Card":12,"Burning Blood":0,"Red Skull":3}],"Burning Blood":68},"card_choices":[{"not_picked":["Uppercut","Searing Blow"],"picked":"Battle Trance","floor":1.0},{"not_picked":["Heavy Blade","Burning Pact"],"picked":"Thunderclap","floor":2.0},{"not_picked":["Warcry","Sword Boomerang"],"picked":"True Grit","floor":6.0},{"not_picked":["Headbutt","Warcry"],"picked":"Cleave","floor":8.0},{"not_picked":["Armaments","Havoc","Blood for Blood"],"picked":"Flame Barrier","floor":11.0},{"not_picked":["Shockwave","Shrug It Off","Wild Strike"],"picked":"Flex","floor":13.0},{"not_picked":["Shrug It Off","Wild Strike","Heavy Blade"],"picked":"Brutality","floor":14.0},{"not_picked":["Juggernaut","Reaper","Bludgeon"],"picked":"Feed","floor":16.0},{"not_picked":["Thunderclap","Rampage","Pommel Strike+1"],"picked":"Dual Wield+1","floor":18.0},{"not_picked":["Anger","Burning Pact","Thunderclap+1","Iron Wave"],"picked":"SKIP","floor":20.0},{"not_picked":["Second Wind","Anger","Clash"],"picked":"Demon Form","floor":21.0},{"not_picked":["Havoc","Shockwave+1","Anger","Sword Boomerang"],"picked":"SKIP","floor":22.0}],"player_experience":173452,"relics_obtained":[{"floor":6.0,"key":"Red Skull"},{"floor":8.0,"key":"Question Card"},{"floor":9.0,"key":"Orichalcum"}],"event_choices":[{"damage_healed":0.0,"max_hp_gain":0.0,"max_hp_loss":0.0,"gold_gain":75.0,"event_name":"World of Goop","player_choice":"Gather Gold","floor":4.0,"gold_loss":0.0,"damage_taken":11.0},{"damage_healed":0.0,"max_hp_gain":0.0,"max_hp_loss":0.0,"gold_gain":0.0,"event_name":"Golden Idol","player_choice":"Take Wound","floor":5.0,"gold_loss":0.0,"damage_taken":0.0,"relics_obtained":["Golden Idol"],"cards_obtained":["Injury"]},{"damage_healed":0.0,"max_hp_gain":0.0,"max_hp_loss":0.0,"gold_gain":0.0,"event_name":"WeMeetAgain","player_choice":"Paid Gold","floor":12.0,"gold_loss":65.0,"damage_taken":0.0,"relics_obtained":["Self Forming Clay"]},{"cards_removed":["Strike_R"],"damage_healed":0.0,"max_hp_gain":0.0,"max_hp_loss":0.0,"gold_gain":0.0,"event_name":"Beggar","player_choice":"Gave Gold","floor":19.0,"gold_loss":75.0,"damage_taken":0.0}],"is_beta":false,"boss_relics":[{"not_picked":["Astrolabe","Black Star"],"picked":"Ectoplasm"}],"items_purged_floors":[3],"is_endless":false,"potions_floor_spawned":[1,8,13,20],"killed_by":"Gremlin Leader","ascension_level":7}}