{"host":"rjfefv2ruvigm2gb","time":1613171535,"event":{"mods":["AlwaysNeverKeys","BaseMod","Better Note","Better Third Choice","BetterRewards","Block Reminder","Bossed Relics","Colored Map","Colored Powertips","Curses Come First","Displayed Cursed Tome","Downfall","Fox Events","Gold Saver","Googly Eyes","Highlight Path","Minty Spire (QoL Compilation)","Permanent Neow","Quick Restart","Relic Stats","Reliquary","Shop Mod","Small Relic Pack","StSLib","SuperFastMode","Transform Curses","Uncapped","Virulent Crown"],"gold_per_floor":[12,26,11,28,41,70,96,108,142,142,174,191,208,269,284,384,384,284,297,308,96,96,96,96],"floor_reached":22,"language":"ENG","playtime":1157,"items_purged":["bronze:Strike"],"score":268,"play_id":"7c0e5959-8d1d-4b62-af2b-0e3be3543de2","local_time":"20210212171215","is_ascension_mode":true,"campfire_choices":[{"data":"bronze:Replicate","floor":1.0,"key":"SMITH"},{"data":"bronze:BugBarrage","floor":18.0,"key":"SMITH"}],"circlet_count":0,"master_deck":["bronze:Strike","bronze:Strike","bronze:Strike","bronze:Defend","bronze:Defend","bronze:Defend","bronze:Defend","bronze:Replicate+1","bronze:Goto","bronze:BuggyMess","bronze:BugBarrage+1","bronze:WildBeam","bronze:Shield","bronze:Allocate","bronze:Verify","bronze:BuggyMess","bronze:ChildClass","bronze:MaxOutput+1"],"relics":["bronze:BronzeCore","PreservedInsect","downfall:HeartBlessingRed","downfall:HeartBlessingGreen","Anchor","Potion Belt","Tiny Chest","Smiling Mask","bronze:ElectromagneticCoil","downfall:HeartBlessingBlue"],"acts_visited":["Exordium","TheCity"],"potions_floor_usage":[],"damage_taken":[{"damage":0.0,"enemies":"Cultist","floor":2.0,"turns":2.0},{"damage":0.0,"enemies":"downfall:FleeingMerchant","floor":3.0,"turns":4.0},{"damage":0.0,"enemies":"2 Louse","floor":4.0,"turns":2.0},{"damage":6.0,"enemies":"Small Slimes","floor":5.0,"turns":3.0},{"damage":14.0,"enemies":"3 Sentries","floor":6.0,"turns":5.0},{"damage":0.0,"enemies":"Blue Slaver","floor":8.0,"turns":2.0},{"damage":9.0,"enemies":"Gremlin Nob","floor":9.0,"turns":3.0},{"damage":0.0,"enemies":"Lagavulin","floor":11.0,"turns":3.0},{"damage":0.0,"enemies":"Large Slime","floor":12.0,"turns":3.0},{"damage":0.0,"enemies":"Blue Slaver","floor":13.0,"turns":2.0},{"damage":18.0,"enemies":"Gremlin Nob","floor":14.0,"turns":4.0},{"damage":0.0,"enemies":"2 Fungi Beasts","floor":15.0,"turns":3.0},{"damage":14.0,"enemies":"SI_SHIV_ARCHETYPE","floor":16.0,"turns":7.0},{"damage":29,"enemies":"Spheric Guardian","floor":19,"turns":5},{"damage":15,"enemies":"3 Byrds","floor":20,"turns":5},{"damage":9,"enemies":"downfall:FleeingMerchant","floor":21,"turns":4},{"damage":28,"enemies":"3 Cultists","floor":22,"turns":6}],"seed_played":"-4430661542366633819","potions_obtained":[{"floor":2.0,"key":"bronze:FreeFunctionsPotion"},{"floor":5.0,"key":"Weak Potion"},{"floor":9.0,"key":"BlessingOfTheForge"},{"floor":12.0,"key":"PowerPotion"},{"floor":13.0,"key":"Swift Potion"},{"floor":15.0,"key":"Strength Potion"}],"is_trial":false,"path_per_floor":["R","M","$","M","M","E","T","M","E","?","E","M","M","?","M","B",null,"R","M","M","$","M"],"character_chosen":"THE_AUTOMATON","items_purchased":["reliquary:FerryPass"],"campfire_rested":0,"item_purchase_floors":[21],"current_hp_per_floor":[70,70,70,70,64,50,50,50,41,64,64,64,64,46,46,32,70,80,51,36,27,0,0,0],"gold":96,"neow_bonus":"RANDOM_COMMON_RELIC","is_daily":false,"chose_seed":false,"campfire_upgraded":2,"win_rate":0.0,"timestamp":1613171535,"path_taken":["R","M","$","M","M","E","T","M","E","?","E","M","M","?","M","BOSS","R","M","M","$","M"],"items_purchased_type":["Relic"],"build_version":"2020-12-22","purchased_purges":1,"victory":false,"max_hp_per_floor":[70,70,70,70,70,70,70,70,70,70,70,70,70,70,70,70,70,80,80,80,80,80,80,80],"relic_stats":{"counters":[17,63],"Tiny Chest":0,"PreservedInsect":202,"Smiling Mask":25,"obtain_stats":[{"Potion Belt":7,"Anchor":6,"bronze:ElectromagneticCoil":17,"bronze:BronzeCore":0,"downfall:HeartBlessingRed":1,"downfall:HeartBlessingBlue":18,"downfall:HeartBlessingGreen":1,"Tiny Chest":9,"PreservedInsect":0,"Smiling Mask":11,"reliquary:FerryPass":21},{"Potion Belt":5,"Anchor":5,"bronze:ElectromagneticCoil":13,"bronze:BronzeCore":0,"downfall:HeartBlessingRed":0,"downfall:HeartBlessingBlue":13,"downfall:HeartBlessingGreen":0,"Tiny Chest":7,"PreservedInsect":0,"Smiling Mask":8,"reliquary:FerryPass":16},{"Potion Belt":16,"Anchor":16,"bronze:ElectromagneticCoil":43,"bronze:BronzeCore":0,"downfall:HeartBlessingRed":0,"downfall:HeartBlessingBlue":43,"downfall:HeartBlessingGreen":0,"Tiny Chest":21,"PreservedInsect":0,"Smiling Mask":24,"reliquary:FerryPass":57}]},"card_choices":[{"not_picked":["bronze:Return","bronze:DelayedGuard","bronze:ClassDefault"],"picked":"SKIP","floor":2.0},{"not_picked":["bronze:FollowUp","bronze:Return","bronze:Overheat"],"picked":"SKIP","floor":3.0},{"not_picked":["bronze:Constructor","bronze:DelayedGuard"],"picked":"bronze:BuggyMess","floor":4.0},{"not_picked":["bronze:MaxOutput","bronze:Fortify"],"picked":"bronze:BugBarrage","floor":5.0},{"not_picked":["bronze:Library","bronze:OilSpill"],"picked":"bronze:WildBeam","floor":6.0},{"not_picked":["bronze:Branch","bronze:Shell"],"picked":"bronze:Shield","floor":8.0},{"not_picked":["bronze:Constructor","bronze:Shield","bronze:ChosenStrike"],"picked":"SKIP","floor":9.0},{"not_picked":["bronze:Constructor","bronze:WhirlingStrike","bronze:WildBeam"],"picked":"SKIP","floor":11.0},{"not_picked":["bronze:Shell","bronze:Branch"],"picked":"bronze:Allocate","floor":12.0},{"not_picked":["bronze:DelayedSlice","bronze:Frontload"],"picked":"bronze:Verify","floor":13.0},{"not_picked":["bronze:InfiniteBeams","bronze:Frontload","bronze:ClassDefault"],"picked":"SKIP","floor":15.0},{"not_picked":["bronze:ChosenStrike","bronze:Frontload+1"],"picked":"bronze:BuggyMess","floor":19},{"not_picked":["bronze:Constructor","bronze:Invalidate"],"picked":"bronze:ChildClass","floor":20},{"not_picked":["bronze:GetLatest+1","bronze:RecursiveStrike"],"picked":"bronze:MaxOutput+1","floor":21}],"player_experience":1102918,"relics_obtained":[{"floor":6.0,"key":"Anchor"},{"floor":7.0,"key":"Potion Belt"},{"floor":9.0,"key":"Tiny Chest"},{"floor":11.0,"key":"Smiling Mask"}],"event_choices":[{"damage_healed":23.0,"max_hp_gain":0.0,"max_hp_loss":0.0,"gold_gain":0.0,"event_name":"Big Fish","player_choice":"Banana","floor":10.0,"gold_loss":0.0,"damage_taken":0.0}],"is_beta":false,"boss_relics":[{"not_picked":["Astrolabe","expansioncontent:StudyCardRelic"],"picked":"bronze:ElectromagneticCoil"}],"items_purged_floors":[21],"is_endless":false,"potions_floor_spawned":[2,5,9,12,13,15],"killed_by":"3 Cultists","ascension_level":3}}