{"host":"s24sb66hw4a4sfft","time":1613107492,"event":{"mods":["AchievementEnabler","BaseMod","Colored Map","Colored Powertips","Googly Eyes","Hermit","Hubris","Minty Spire (QoL Compilation)","Quick Restart","Shop Mod","StSLib"],"gold_per_floor":[111,125,125,200,211,211,240,258,282,232,257,257,267,297,297,394,394,409,421,438,363,383,383,397,397,397,397,397,175,189,39,39,39,39],"floor_reached":33,"language":"ENG","playtime":1126,"items_purged":["hermit:Strike_Hermit"],"score":257,"play_id":"e0b160b7-5268-4c74-a85c-3bfc768abf6e","local_time":"20210212002452","is_ascension_mode":false,"campfire_choices":[{"data":"hermit:GoldenBullet","floor":6.0,"key":"SMITH"},{"floor":12.0,"key":"REST"},{"floor":15.0,"key":"REST"},{"floor":23.0,"key":"REST"},{"floor":28.0,"key":"REST"},{"floor":32,"key":"REST"}],"circlet_count":0,"master_deck":["hermit:Strike_Hermit","hermit:Defend_Hermit","hermit:Defend_Hermit","hermit:Defend_Hermit","hermit:Defend_Hermit","hermit:Snapshot","hermit:Covet","hermit:Roulette","hermit:Ricochet+1","hermit:GoldenBullet+1","Rupture","hermit:RoundhouseKick","hermit:Quickdraw","hermit:Glare","Clash","Cleave","RitualDagger","hermit:CursedWeapon","hermit:GoldenBullet"],"relics":["hermit:Momento","NeowsBlessing","Omamori","Oddly Smooth Stone","hubris:DisguiseKit","hubris:VirtuousBlindfold","hubris:Icosahedron","Dream Catcher","Vajra","Strange Spoon"],"acts_visited":["Exordium","TheCity"],"potions_floor_usage":[30,33],"damage_taken":[{"damage":0.0,"enemies":"Small Slimes","floor":1.0,"turns":1.0},{"damage":0.0,"enemies":"Jaw Worm","floor":2.0,"turns":1.0},{"damage":0.0,"enemies":"2 Louse","floor":5.0,"turns":1.0},{"damage":27.0,"enemies":"Gremlin Nob","floor":7.0,"turns":4.0},{"damage":1.0,"enemies":"2 Fungi Beasts","floor":8.0,"turns":3.0},{"damage":21.0,"enemies":"Lagavulin","floor":11.0,"turns":4.0},{"damage":1.0,"enemies":"Blue Slaver","floor":13.0,"turns":2.0},{"damage":44.0,"enemies":"The Guardian","floor":16.0,"turns":13.0},{"damage":20.0,"enemies":"2 Thieves","floor":18.0,"turns":4.0},{"damage":10.0,"enemies":"Spheric Guardian","floor":19.0,"turns":3.0},{"damage":26.0,"enemies":"Snake Plant","floor":20.0,"turns":4.0},{"damage":9.0,"enemies":"Snecko","floor":22.0,"turns":4.0},{"damage":16.0,"enemies":"Cultist and Chosen","floor":24.0,"turns":4.0},{"damage":2,"enemies":"Snake Plant","floor":30,"turns":2},{"damage":10,"enemies":"Collector","floor":33,"turns":3}],"seed_played":"4908763057191276653","potions_obtained":[{"floor":2.0,"key":"BlessingOfTheForge"},{"floor":7.0,"key":"Block Potion"},{"floor":11.0,"key":"SmokeBomb"},{"floor":22.0,"key":"FearPotion"},{"floor":24.0,"key":"Weak Potion"},{"floor":30,"key":"Swift Potion"}],"is_trial":false,"path_per_floor":["M","M","?","?","M","R","E","M","T","?","E","R","M","?","R","B",null,"M","M","M","?","M","R","M","?","T","?","R","$","M","$","R","B"],"character_chosen":"HERMIT","items_purchased":["Vajra","Strange Spoon"],"campfire_rested":5,"item_purchase_floors":[29,31],"current_hp_per_floor":[75,75,75,64,64,64,37,36,36,36,15,37,36,36,58,14,75,55,45,19,19,10,32,16,16,16,10,32,32,30,30,52,42,42],"gold":39,"neow_bonus":"THREE_ENEMY_KILL","is_daily":false,"chose_seed":false,"campfire_upgraded":1,"win_rate":0.0,"timestamp":1613107492,"path_taken":["M","M","?","?","M","R","E","M","T","?","E","R","M","?","R","BOSS","M","M","M","?","M","R","M","?","T","?","R","$","M","$","R","BOSS"],"items_purchased_type":["Relic","Relic"],"build_version":"2020-12-22","purchased_purges":1,"victory":false,"max_hp_per_floor":[75,75,75,75,75,75,75,75,75,75,75,75,75,75,75,75,75,75,75,75,75,75,75,75,75,75,75,75,75,75,75,75,75,75],"card_choices":[{"not_picked":["hermit:Misfire","hermit:Virtue"],"picked":"hermit:Roulette","floor":1.0},{"not_picked":["hermit:BodyArmor","hermit:Misfire"],"picked":"hermit:Ricochet","floor":2.0},{"not_picked":["hermit:Coalescence","hermit:Roulette"],"picked":"hermit:GoldenBullet","floor":5.0},{"not_picked":["hermit:Headshot","hermit:ItchyTrigger","hermit:Cheat"],"picked":"SKIP","floor":7.0},{"not_picked":["hermit:Magnum","hermit:HoleUp","hermit:LowProfile"],"picked":"SKIP","floor":8.0},{"not_picked":["hermit:Magnum","hermit:ItchyTrigger","hermit:Roulette"],"picked":"SKIP","floor":11.0},{"not_picked":["hermit:Spite","hermit:Coalescence","hermit:TakeAim"],"picked":"Rupture","floor":13.0},{"not_picked":["hermit:HighNoon","hermit:Purgatory","Immolate"],"picked":"hermit:RoundhouseKick","floor":16.0},{"not_picked":["hermit:Glare","hermit:LowProfile","Perfected Strike"],"picked":"hermit:Quickdraw","floor":18.0},{"not_picked":["hermit:BigShot","hermit:FullyLoaded","Shockwave"],"picked":"hermit:Glare","floor":19.0},{"not_picked":["hermit:Ricochet+1","hermit:Showdown","hermit:LowProfile"],"picked":"Clash","floor":20.0},{"not_picked":["hermit:Quickdraw","hermit:BigShot+1","hermit:GhostlyPresence"],"picked":"Cleave","floor":22.0},{"not_picked":["hermit:ItchyTrigger","hermit:Headshot+1","hermit:Desperado","Cleave"],"picked":"SKIP","floor":24.0},{"not_picked":["hermit:Maintenance","hermit:BigShot","Heavy Blade"],"picked":"hermit:CursedWeapon","floor":28.0},{"not_picked":["hermit:OverwhelmingPower","hermit:Roulette","Warcry"],"picked":"hermit:GoldenBullet","floor":30}],"player_experience":619355,"relics_obtained":[{"floor":7.0,"key":"Omamori"},{"floor":9.0,"key":"Oddly Smooth Stone"},{"floor":11.0,"key":"hubris:DisguiseKit"},{"floor":26.0,"key":"Dream Catcher"}],"event_choices":[{"damage_healed":0.0,"max_hp_gain":0.0,"max_hp_loss":0.0,"gold_gain":75.0,"event_name":"World of Goop","player_choice":"Gather Gold","floor":4.0,"gold_loss":0.0,"damage_taken":11.0},{"cards_removed":["hermit:Strike_Hermit"],"damage_healed":0.0,"max_hp_gain":0.0,"max_hp_loss":0.0,"gold_gain":0.0,"event_name":"The Cleric","player_choice":"Card Removal","floor":10.0,"gold_loss":50.0,"damage_taken":0.0},{"damage_healed":0.0,"max_hp_gain":0.0,"max_hp_loss":0.0,"gold_gain":30.0,"event_name":"Dead Adventurer","player_choice":"Searched \u00272\u0027 times","floor":14.0,"gold_loss":0.0,"damage_taken":0.0},{"cards_removed":["hermit:Strike_Hermit"],"damage_healed":0.0,"max_hp_gain":0.0,"max_hp_loss":0.0,"gold_gain":0.0,"event_name":"Beggar","player_choice":"Gave Gold","floor":21.0,"gold_loss":75.0,"damage_taken":0.0},{"damage_healed":0.0,"max_hp_gain":0.0,"max_hp_loss":0.0,"gold_gain":0.0,"event_name":"Nest","player_choice":"Joined the Cult","floor":27.0,"gold_loss":0.0,"damage_taken":6.0,"cards_obtained":["RitualDagger"]}],"is_beta":false,"boss_relics":[{"not_picked":["Velvet Choker","Astrolabe"],"picked":"hubris:VirtuousBlindfold"}],"items_purged_floors":[29],"is_endless":false,"potions_floor_spawned":[2,7,11,22,24,30],"killed_by":"Collector","ascension_level":0}}