{"host":"mhzgc0zma59jtmoj","time":1613149371,"event":{"mods":["BaseMod","BetterRewards","Custom Start","Glutton Mod","Ironclad Rager","Minty Spire (QoL Compilation)","Replay The Spire","Somnambulant","StSLib","The Cursed","The Hierophant","The Jungle","Treasure Hunter"],"gold_per_floor":[368,387,403,414,426,453,453,453,499,510,685,685,705,719,719,826,826,846,846,866,429,429,457,466,474,555,562,573,573,586,606,606,697,697,711,711,726,81,105,105,149,149,174,194,197,205,205,8,8,5,5],"floor_reached":50,"language":"ENG","playtime":3061,"items_purged":["TheCursedMod:Strike_TheCursed","TheCursedMod:Strike_TheCursed","TheCursedMod:Defend_TheCursed"],"score":622,"play_id":"f7c841ad-59f7-4bcc-88bb-40dd28f72cd7","local_time":"20210212120251","is_ascension_mode":false,"campfire_choices":[{"data":"1","floor":7,"key":"LIFT"},{"data":"2","floor":12,"key":"LIFT"},{"data":"3","floor":15,"key":"LIFT"},{"data":"TH:Mimic","floor":29,"key":"SMITH"},{"floor":32,"key":"REST"},{"floor":40,"key":"RECALL"},{"data":"TheCursedMod:CollectTribute","floor":42,"key":"SMITH"},{"data":"TH:Mimic","floor":47,"key":"SMITH"},{"data":"TH:Mimic","floor":49,"key":"SMITH"}],"circlet_count":0,"master_deck":["TheCursedMod:Strike_TheCursed","TheCursedMod:Strike_TheCursed","TheCursedMod:Defend_TheCursed","TheCursedMod:Defend_TheCursed","TheCursedMod:Defend_TheCursed","TheCursedMod:CursedWand","TheCursedMod:CleanUpWorkshop+1","TheCursedMod:Dregs","TheCursedMod:WearCloak+1","TheCursedMod:AbyssShockwave","TheCursedMod:CursedSpellbook+1","TheCursedMod:CursedBlade","TH:CopperCoins","TheCursedMod:BlessingInDisguise","TH:CopperCoins","TheCursedMod:SpitefulStrike","Doubt","TheCursedMod:CursedBlade","TH:CopperCoins+1","TheCursedMod:SpitefulStrike","TheCursedMod:SurpriseAttack","TH:CopperCoins+1","TheCursedMod:RapidMovement","TH:Mimic+1","TheCursedMod:SpitefulPray","TH:Mimic+1","TheCursedMod:SpitefulPlan","TheCursedMod:CollectTribute+1","CurseOfTheBell","Parasite","TheCursedMod:CursedSpellbook+1","TH:Mimic+1","TH:CopperCoins","TheCursedMod:WearCloak+1","TheCursedMod:ManaCirculation"],"relics":["TheCursedMod:BlackMagic101","NeowsBlessing","Girya","Sozu","Replay:Wax Seal","War Paint","TH:HealthInsurance","MutagenicStrength","Quantum Egg","TH:Strongbox","Boot","Calling Bell","Oddly Smooth Stone","Question Card","Gambling Chip","Guide Book","PreservedInsect","Bottled Flame","Strawberry","Ancient Tea Set"],"acts_visited":["Exordium","TheCity","TheBeyond"],"potions_floor_usage":[16,16,23,23],"damage_taken":[{"damage":0,"enemies":"Small Slimes","floor":1,"turns":1},{"damage":0,"enemies":"Cultist","floor":2,"turns":1},{"damage":0,"enemies":"Jaw Worm","floor":3,"turns":1},{"damage":8,"enemies":"Exordium Thugs","floor":4,"turns":4},{"damage":0,"enemies":"2 Fungi Beasts","floor":5,"turns":2},{"damage":9,"enemies":"3 Sentries","floor":6,"turns":4},{"damage":5,"enemies":"Exordium Wildlife","floor":10,"turns":3},{"damage":6,"enemies":"Exordium Thugs","floor":13,"turns":3},{"damage":0,"enemies":"Gremlin Gang","floor":14,"turns":1},{"damage":37,"enemies":"The Guardian","floor":16,"turns":14},{"damage":0,"enemies":"3 Byrds","floor":18,"turns":2},{"damage":0,"enemies":"Spheric Guardian","floor":20,"turns":3},{"damage":51,"enemies":"Gremlin Leader","floor":23,"turns":6},{"damage":5,"enemies":"Cultist and Chosen","floor":24,"turns":2},{"damage":0,"enemies":"Snecko","floor":25,"turns":4},{"damage":11,"enemies":"Shelled Parasite and Fungi","floor":27,"turns":4},{"damage":1,"enemies":"Chosen and Byrds","floor":28,"turns":3},{"damage":9,"enemies":"3 Cultists","floor":30,"turns":4},{"damage":10,"enemies":"Slavers","floor":31,"turns":3},{"damage":54,"enemies":"Collector","floor":33,"turns":9},{"damage":10,"enemies":"3 Shapes","floor":35,"turns":1},{"damage":2,"enemies":"3 Darklings","floor":37,"turns":2},{"damage":6,"enemies":"Writhing Mass","floor":39,"turns":5},{"damage":2,"enemies":"Reptomancer","floor":41,"turns":3},{"damage":19,"enemies":"Sphere and 2 Shapes","floor":44,"turns":1},{"damage":13,"enemies":"3 Darklings","floor":45,"turns":3},{"damage":10,"enemies":"4 Shapes","floor":46,"turns":2},{"damage":69,"enemies":"Time Eater","floor":50,"turns":5}],"seed_played":"3166670522432225256","potions_obtained":[{"floor":1,"key":"Reflective Coating"},{"floor":2,"key":"PowerPotion"},{"floor":4,"key":"Toxic Potion"},{"floor":16,"key":"DistilledChaos"}],"is_trial":false,"path_per_floor":["M","M","M","M","M","E","R","?","T","M","?","R","M","M","R","B",null,"M","?","M","$","?","E","M","M","T","M","M","R","M","E","R","B",null,"M","?","M","$","M","R","E","R","T","M","M","M","R","$","R","B"],"character_chosen":"THE_CURSED","items_purchased":["Replay:Wax Seal","War Paint","TheCursedMod:SurpriseAttack","TH:HealthInsurance","Guide Book","PreservedInsect","Bottled Flame","TheCursedMod:ManaCirculation"],"campfire_rested":1,"item_purchase_floors":[21,21,21,21,38,38,38,48],"current_hp_per_floor":[75,75,75,67,67,58,58,58,58,53,53,53,47,47,47,10,75,75,75,75,75,75,27,30,38,38,37,41,41,37,42,64,28,75,65,65,63,63,57,57,62,62,62,43,46,44,44,44,44,0,0],"gold":5,"neow_bonus":"THREE_ENEMY_KILL","is_daily":false,"chose_seed":false,"campfire_upgraded":4,"win_rate":0.0,"timestamp":1613149371,"path_taken":["M","M","M","M","M","E","R","?","T","?","?","R","M","M","R","BOSS","M","?","M","?","?","E","M","M","T","?","M","R","M","E","R","BOSS","M","?","M","$","M","R","E","R","T","M","M","M","R","$","R","BOSS"],"items_purchased_type":["Relic","Relic","Card","Relic","Relic","Relic","Relic","Card"],"build_version":"2020-12-22","purchased_purges":3,"victory":false,"max_hp_per_floor":[75,75,75,75,75,75,75,75,75,75,75,75,75,75,75,75,75,75,75,75,75,75,75,75,75,75,75,75,75,75,75,75,75,75,75,75,75,75,75,75,82,82,82,82,82,82,82,82,82,82,82],"card_choices":[{"not_picked":["TheCursedMod:TacticalStrike","TheCursedMod:HellfireBreathing"],"picked":"TheCursedMod:WearCloak","floor":1},{"not_picked":["TheCursedMod:BlessingInDisguise","TheCursedMod:SpitefulStrike"],"picked":"TheCursedMod:AbyssShockwave","floor":2},{"not_picked":["TheCursedMod:WearCloak","TheCursedMod:Wield"],"picked":"TheCursedMod:CursedSpellbook","floor":3},{"not_picked":["TheCursedMod:Obscuration","TheCursedMod:BlessingInDisguise"],"picked":"TheCursedMod:CursedBlade","floor":4},{"not_picked":["TheCursedMod:CursedStaff","TheCursedMod:FleshFromBone","TheCursedMod:SoulReap"],"picked":"SKIP","floor":5},{"not_picked":["TH:BikiniMail"],"picked":"TH:CopperCoins","floor":6},{"not_picked":["TheCursedMod:BloodBarrier","TheCursedMod:CursedAmulet"],"picked":"TheCursedMod:BlessingInDisguise","floor":6},{"not_picked":["TH:ArmorSpikes"],"picked":"TH:CopperCoins","floor":9},{"not_picked":["TheCursedMod:BloodBarrier","TheCursedMod:CursedBoomerang"],"picked":"TheCursedMod:SpitefulStrike","floor":10},{"not_picked":["TheCursedMod:TroublousMinions","TheCursedMod:Torture"],"picked":"TheCursedMod:CursedBlade","floor":13},{"not_picked":["TheCursedMod:AbyssShockwave","TheCursedMod:Stretching","TheCursedMod:Wield"],"picked":"SKIP","floor":14},{"not_picked":["TH:ArmorSpikes"],"picked":"TH:CopperCoins","floor":16},{"not_picked":["TheCursedMod:SmokeScreen","TheCursedMod:Wield","TheCursedMod:AbyssShockwave"],"picked":"SKIP","floor":18},{"not_picked":["TheCursedMod:RavingStaff","TheCursedMod:FleshFromBone"],"picked":"TheCursedMod:SpitefulStrike","floor":20},{"not_picked":["TH:ElvenBoots"],"picked":"TH:CopperCoins","floor":23},{"not_picked":["TheCursedMod:SpitefulStrike+1","TheCursedMod:CursedArmor+1"],"picked":"TheCursedMod:RapidMovement","floor":23},{"not_picked":["TheCursedMod:SoulReap+1","TheCursedMod:FleshFromBone+1","TheCursedMod:DarkBarrier"],"picked":"SKIP","floor":24},{"not_picked":["TheCursedMod:Stigma+1","TheCursedMod:Obscuration+1","TheCursedMod:SoulReap"],"picked":"SKIP","floor":25},{"not_picked":["TH:DeckOfManyThings"],"picked":"TH:Mimic","floor":26},{"not_picked":["TheCursedMod:CursedShiv","TheCursedMod:Wield+1","TheCursedMod:HellsGateOpen"],"picked":"SKIP","floor":27},{"not_picked":["TheCursedMod:TacticalStrike+1","TheCursedMod:RavingStaff","TheCursedMod:Hemoplague"],"picked":"SKIP","floor":28},{"not_picked":["TheCursedMod:SpitefulStrike","TheCursedMod:CursedArmor"],"picked":"TheCursedMod:SpitefulPray","floor":30},{"not_picked":["TH:DeckOfManyThings"],"picked":"TH:Mimic","floor":31},{"not_picked":["TheCursedMod:StingEye+1","TheCursedMod:ShockAndAwe"],"picked":"TheCursedMod:SpitefulPlan","floor":31},{"not_picked":["TheCursedMod:OutForBlood","TheCursedMod:ForbiddenAlchemy"],"picked":"TheCursedMod:CollectTribute","floor":33},{"not_picked":["TheCursedMod:EmpowerCircles+1","TheCursedMod:Torture","TheCursedMod:Obscuration","TheCursedMod:Wield+1"],"picked":"SKIP","floor":35},{"not_picked":["TheCursedMod:SmokeScreen","TheCursedMod:CursedBoomerang+1","TheCursedMod:RapidMovement+1","TheCursedMod:Stretching+1"],"picked":"SKIP","floor":37},{"not_picked":["TheCursedMod:AshesToAshes","TheCursedMod:Obscuration","TheCursedMod:FuryStrike+1"],"picked":"TheCursedMod:CursedSpellbook+1","floor":39},{"not_picked":["TH:ElvenBoots","TH:EnergyPotion"],"picked":"TH:Mimic","floor":41},{"not_picked":["TheCursedMod:CursedShiv","TheCursedMod:StingEye+1","TheCursedMod:Evocation+1","TheCursedMod:CursedMace+1"],"picked":"SKIP","floor":41},{"not_picked":["TH:DeckOfManyThings","TH:PixieDust"],"picked":"TH:CopperCoins","floor":43},{"not_picked":["TheCursedMod:CircleOfCorruption","TheCursedMod:ReleasedStrength","TheCursedMod:EmpowerCircles+1"],"picked":"TheCursedMod:WearCloak+1","floor":44},{"not_picked":["TheCursedMod:Hemoplague+1","TheCursedMod:CircleOfCorruption","TheCursedMod:CursedMace+1","TheCursedMod:Mangle+1"],"picked":"SKIP","floor":45},{"not_picked":["TheCursedMod:TacticalStrike+1","TheCursedMod:Hemoplague","TheCursedMod:CursedBlade","TheCursedMod:CursedShiv+1"],"picked":"SKIP","floor":46}],"player_experience":270566,"relics_obtained":[{"floor":6,"key":"Girya"},{"floor":23,"key":"Quantum Egg"},{"floor":26,"key":"TH:Strongbox"},{"floor":31,"key":"Boot"},{"floor":34,"key":"Oddly Smooth Stone"},{"floor":34,"key":"Question Card"},{"floor":34,"key":"Gambling Chip"},{"floor":41,"key":"Strawberry"},{"floor":43,"key":"Ancient Tea Set"}],"event_choices":[{"damage_healed":0,"gold_gain":0,"player_choice":"Bought 0 Potions","damage_taken":0,"max_hp_gain":0,"max_hp_loss":0,"event_name":"The Woman in Blue","floor":8,"gold_loss":0},{"damage_healed":0,"gold_gain":175,"player_choice":"AGREE","damage_taken":0,"max_hp_gain":0,"max_hp_loss":0,"event_name":"Liars Game","floor":11,"gold_loss":0,"cards_obtained":["Doubt"]},{"damage_healed":0,"gold_gain":0,"player_choice":"Upgraded","damage_taken":0,"max_hp_gain":0,"max_hp_loss":0,"event_name":"Upgrade Shrine","floor":19,"gold_loss":0,"cards_upgraded":["TheCursedMod:CleanUpWorkshop"]},{"damage_healed":0,"gold_gain":0,"player_choice":"Inject Mutagens","damage_taken":0,"relics_obtained":["MutagenicStrength"],"max_hp_gain":0,"max_hp_loss":0,"event_name":"Drug Dealer","floor":22,"gold_loss":0},{"damage_healed":0,"gold_gain":0,"player_choice":"0 cards matched","damage_taken":0,"max_hp_gain":0,"max_hp_loss":0,"event_name":"Match and Keep!","floor":36,"gold_loss":0,"cards_obtained":[]}],"is_beta":false,"boss_relics":[{"not_picked":["Ectoplasm","Runic Dome"],"picked":"Sozu"},{"not_picked":["Ring of Chaos","Busted Crown"],"picked":"Calling Bell"}],"items_purged_floors":[21,38,48],"is_endless":false,"potions_floor_spawned":[1,2,4,10,16,18,24,25,28,30,33,35,39,41,44],"killed_by":"Time Eater","ascension_level":0}}