{"host":"2hea6pl5vmah38iy","time":1613125415,"event":{"mods":["AchievementEnabler","BaseMod","Colored Map","DeckTracker","Keyboard Shortcuts","Minty Spire (QoL Compilation)","Rare Cards Sparkle","StSLib","SuperFastMode","everything is the same but u backflip on backflip"],"gold_per_floor":[110,130,130,25,25,25,25,58,110,144,144,155,180,198,198,270,270,284,304,17,17,0,0,16,49,49,149,149,161,177,177,177,256,256,273,285,28,75,89,89,120,120,120,138,167,167,200,200,200,200,200],"floor_reached":50,"language":"KOR","playtime":3485,"items_purged":["Defend_B","Strike_B"],"score":1170,"play_id":"e4245295-b334-48a0-b5ef-cb1977f01b8d","local_time":"20210212192335","is_ascension_mode":true,"campfire_choices":[{"data":"Zap","floor":6.0,"key":"SMITH"},{"data":"Gash","floor":15.0,"key":"SMITH"},{"floor":23.0,"key":"REST"},{"floor":28.0,"key":"REST"},{"data":"Panache","floor":32.0,"key":"SMITH"},{"floor":40.0,"key":"REST"},{"data":"Reprogram","floor":42.0,"key":"SMITH"},{"floor":49.0,"key":"RECALL"}],"circlet_count":0,"master_deck":["AscendersBane","Zap+1","Dualcast","Rip and Tear","Gash+1","FTL+1","FTL+1","Gash+1","Rebound+1","Machine Learning","CurseOfTheBell","Go for the Eyes+1","Panache+1","Chill","Beam Cell+1","Undo","Gash+1","Seek","Darkness","Scrape+1","Echo Form","Reinforced Body","Force Field","Reprogram+1","Turbo+1","Impatience","Hologram+1","Steam+1","Aggregate"],"relics":["Cracked Core","NeowsBlessing","Molten Egg 2","Dead Branch","War Paint","Turnip","WingedGreaves","Calling Bell","Omamori","Mercury Hourglass","Gambling Chip","Potion Belt","Lantern","Torii","Ginger","Blue Candle","Pandora\u0027s Box","PreservedInsect","Thread and Needle","The Courier","DataDisk","Cables"],"acts_visited":["Exordium","TheCity","TheBeyond"],"potions_floor_usage":[50],"damage_taken":[{"damage":0.0,"enemies":"2 Louse","floor":1.0,"turns":1.0},{"damage":0.0,"enemies":"Small Slimes","floor":2.0,"turns":1.0},{"damage":0.0,"enemies":"3 Sentries","floor":8.0,"turns":1.0},{"damage":6.0,"enemies":"Gremlin Nob","floor":10.0,"turns":3.0},{"damage":9.0,"enemies":"Jaw Worm","floor":12.0,"turns":2.0},{"damage":12.0,"enemies":"Lagavulin","floor":13.0,"turns":3.0},{"damage":8.0,"enemies":"Blue Slaver","floor":14.0,"turns":2.0},{"damage":12.0,"enemies":"Slime Boss","floor":16.0,"turns":7.0},{"damage":19.0,"enemies":"2 Thieves","floor":18.0,"turns":3.0},{"damage":12.0,"enemies":"Chosen","floor":19.0,"turns":3.0},{"damage":16.0,"enemies":"Snake Plant","floor":24.0,"turns":3.0},{"damage":16.0,"enemies":"Gremlin Leader","floor":25.0,"turns":6.0},{"damage":2.0,"enemies":"Colosseum Slavers","floor":27.0,"turns":3.0},{"damage":8.0,"enemies":"Colosseum Nobs","floor":27.0,"turns":4.0},{"damage":10.0,"enemies":"Chosen and Byrds","floor":29.0,"turns":4.0},{"damage":0.0,"enemies":"Centurion and Healer","floor":30.0,"turns":3.0},{"damage":9.0,"enemies":"Automaton","floor":33.0,"turns":4.0},{"damage":2.0,"enemies":"3 Darklings","floor":35.0,"turns":3.0},{"damage":9.0,"enemies":"3 Shapes","floor":36.0,"turns":2.0},{"damage":27.0,"enemies":"2 Orb Walkers","floor":38.0,"turns":5.0},{"damage":9.0,"enemies":"Maw","floor":39.0,"turns":5.0},{"damage":0.0,"enemies":"Reptomancer","floor":41.0,"turns":2.0},{"damage":11.0,"enemies":"4 Shapes","floor":44.0,"turns":6.0},{"damage":9.0,"enemies":"Nemesis","floor":45.0,"turns":4.0},{"damage":42.0,"enemies":"Giant Head","floor":47.0,"turns":6.0},{"damage":52,"enemies":"Awakened One","floor":50,"turns":8}],"seed_played":"-7230439827839624548","potions_obtained":[{"floor":1.0,"key":"AttackPotion"},{"floor":2.0,"key":"Ancient Potion"},{"floor":10.0,"key":"DuplicationPotion"},{"floor":13.0,"key":"Weak Potion"},{"floor":16.0,"key":"FairyPotion"},{"floor":18.0,"key":"SkillPotion"},{"floor":27.0,"key":"Swift Potion"},{"floor":29.0,"key":"Weak Potion"},{"floor":30.0,"key":"PotionOfCapacity"},{"floor":38.0,"key":"LiquidBronze"},{"floor":47.0,"key":"FocusPotion"}],"is_trial":false,"path_per_floor":["M","M","?","$","?","R","?","E","T","E","?","M","E","M","R","B",null,"M","M","$","?","?","R","M","E","T","?","R","M","M","?","R","B",null,"M","M","$","?","M","R","E","R","T","M","E","?","E","?","R","B"],"character_chosen":"DEFECT","items_purchased":["Gash","Panache","PreservedInsect","Impatience"],"campfire_rested":3,"item_purchase_floors":[4,20,37,37],"current_hp_per_floor":[64,64,57,57,62,62,57,57,57,51,51,42,30,22,22,10,60,41,29,29,29,29,51,35,19,19,9,31,21,21,21,21,12,60,58,49,49,22,13,35,35,35,35,24,15,30,22,22,22,0,0],"gold":200,"neow_bonus":"THREE_ENEMY_KILL","is_daily":false,"chose_seed":false,"campfire_upgraded":4,"win_rate":0.0,"timestamp":1613125415,"path_taken":["M","M","?","$","?","R","?","E","T","E","?","M","E","M","R","BOSS","M","M","$","?","?","R","?","E","T","?","R","M","M","?","R","BOSS","M","M","$","?","M","R","E","R","T","M","E","?","E","?","R","BOSS"],"items_purchased_type":["Card","Card","Relic","Card"],"build_version":"2020-12-22","purchased_purges":2,"victory":false,"max_hp_per_floor":[71,71,71,71,76,76,76,76,76,76,76,76,76,76,76,76,76,76,76,76,76,76,76,76,76,76,76,76,76,76,76,76,76,76,76,76,76,76,76,76,76,76,76,76,76,76,76,76,76,76,76],"card_choices":[{"not_picked":["Stack","Lockon"],"picked":"Rip and Tear","floor":1.0},{"not_picked":["Auto Shields","Barrage","Coolheaded"],"picked":"SKIP","floor":2.0},{"not_picked":["Rainbow","Cold Snap+1"],"picked":"FTL+1","floor":8.0},{"not_picked":["Reinforced Body","Hologram"],"picked":"FTL+1","floor":10.0},{"not_picked":["Loop","Skim"],"picked":"Gash+1","floor":12.0},{"not_picked":["Streamline+1","Storm"],"picked":"Rebound+1","floor":13.0},{"not_picked":["Leap","Compile Driver+1","Cold Snap+1"],"picked":"SKIP","floor":14.0},{"not_picked":["Biased Cognition","Multi-Cast"],"picked":"Machine Learning","floor":16.0},{"not_picked":["Redo","Self Repair"],"picked":"Go for the Eyes+1","floor":18.0},{"not_picked":["Cold Snap+1","Sweeping Beam+1"],"picked":"Hologram","floor":19.0},{"not_picked":["Hello World","Blizzard+1"],"picked":"Chill","floor":24.0},{"not_picked":["Cold Snap+1","Rip and Tear+1"],"picked":"Beam Cell+1","floor":25.0},{"not_picked":["Redo","Glacier"],"picked":"Undo","floor":27.0},{"not_picked":["Steam Power","Coolheaded"],"picked":"Gash+1","floor":29.0},{"not_picked":["Glacier","Conserve Battery"],"picked":"Seek","floor":30.0},{"not_picked":["Hyperbeam+1","Core Surge+1"],"picked":"Echo Form","floor":33.0},{"not_picked":["Steam","Glacier+1","Auto Shields"],"picked":"SKIP","floor":35.0},{"not_picked":["Melter+1","Chill"],"picked":"Turbo+1","floor":36.0},{"not_picked":["Go for the Eyes+1","Force Field"],"picked":"Hologram+1","floor":38.0},{"not_picked":["Compile Driver+1","Barrage+1"],"picked":"Steam+1","floor":39.0},{"not_picked":["Cold Snap+1","Defragment+1","Coolheaded+1"],"picked":"SKIP","floor":41.0},{"not_picked":["Turbo","Hologram","Amplify"],"picked":"SKIP","floor":44.0},{"not_picked":["Sweeping Beam+1","Double Energy"],"picked":"Aggregate","floor":45.0},{"not_picked":["Steam","Genetic Algorithm","Redo"],"picked":"SKIP","floor":47.0}],"player_experience":563390,"relics_obtained":[{"floor":8.0,"key":"Dead Branch"},{"floor":9.0,"key":"War Paint"},{"floor":10.0,"key":"Turnip"},{"floor":13.0,"key":"WingedGreaves"},{"floor":17.0,"key":"Omamori"},{"floor":17.0,"key":"Mercury Hourglass"},{"floor":17.0,"key":"Gambling Chip"},{"floor":25.0,"key":"Lantern"},{"floor":26.0,"key":"Torii"},{"floor":27.0,"key":"Ginger"},{"floor":27.0,"key":"Blue Candle"},{"floor":38.0,"key":"Thread and Needle"},{"floor":41.0,"key":"The Courier"},{"floor":45.0,"key":"DataDisk"},{"floor":47.0,"key":"Cables"}],"event_choices":[{"cards_removed":["Strike_B"],"damage_healed":0.0,"max_hp_gain":0.0,"max_hp_loss":0.0,"gold_gain":0.0,"event_name":"Golden Wing","player_choice":"Card Removal","floor":3.0,"gold_loss":0.0,"damage_taken":7.0},{"damage_healed":0.0,"max_hp_gain":5.0,"max_hp_loss":0.0,"gold_gain":0.0,"event_name":"Big Fish","player_choice":"Donut","floor":5.0,"gold_loss":0.0,"damage_taken":0.0},{"damage_healed":0.0,"max_hp_gain":0.0,"max_hp_loss":0.0,"gold_gain":0.0,"event_name":"Scrap Ooze","player_choice":"Success","floor":7.0,"gold_loss":0.0,"damage_taken":5.0,"relics_obtained":["Molten Egg 2"]},{"damage_healed":0.0,"max_hp_gain":0.0,"max_hp_loss":0.0,"gold_gain":0.0,"event_name":"Liars Game","player_choice":"Ignored","floor":11.0,"gold_loss":0.0,"damage_taken":0.0},{"damage_healed":0.0,"max_hp_gain":0.0,"max_hp_loss":0.0,"gold_gain":0.0,"event_name":"The Mausoleum","player_choice":"Opened","floor":21.0,"gold_loss":0.0,"damage_taken":0.0,"relics_obtained":["Potion Belt"],"cards_obtained":["Writhe"]},{"damage_healed":0.0,"max_hp_gain":0.0,"max_hp_loss":0.0,"gold_gain":0.0,"event_name":"Masked Bandits","player_choice":"Paid Fearfully","floor":22.0,"gold_loss":17.0,"damage_taken":0.0},{"damage_healed":0.0,"max_hp_gain":0.0,"max_hp_loss":0.0,"gold_gain":0.0,"event_name":"Colosseum","player_choice":"Fight","floor":27.0,"gold_loss":0.0,"damage_taken":0.0},{"damage_healed":0.0,"max_hp_gain":0.0,"max_hp_loss":0.0,"gold_gain":0.0,"event_name":"Colosseum","player_choice":"Fought Nobs","floor":27.0,"gold_loss":0.0,"damage_taken":0.0},{"damage_healed":0.0,"max_hp_gain":0.0,"max_hp_loss":0.0,"gold_gain":0.0,"cards_transformed":["Strike_B","Strike_B"],"event_name":"Drug Dealer","player_choice":"Became Test Subject","floor":31.0,"gold_loss":0.0,"damage_taken":0.0,"cards_obtained":["Darkness","Scrape"]},{"damage_healed":0.0,"max_hp_gain":0.0,"max_hp_loss":0.0,"gold_gain":0.0,"event_name":"Mysterious Sphere","player_choice":"Fight","floor":38.0,"gold_loss":0.0,"damage_taken":0.0},{"damage_healed":15.0,"max_hp_gain":0.0,"max_hp_loss":0.0,"gold_gain":0.0,"event_name":"Winding Halls","player_choice":"Writhe","floor":46.0,"gold_loss":0.0,"damage_taken":0.0,"cards_obtained":["Writhe"]},{"cards_removed":["Hologram"],"damage_healed":0.0,"max_hp_gain":0.0,"max_hp_loss":0.0,"gold_gain":0.0,"event_name":"Falling","player_choice":"Removed Skill","floor":48.0,"gold_loss":0.0,"damage_taken":0.0}],"is_beta":false,"boss_relics":[{"not_picked":["Tiny House","Cursed Key"],"picked":"Calling Bell"},{"not_picked":["Inserter","FrozenCore"],"picked":"Pandora\u0027s Box"}],"items_purged_floors":[4,20],"is_endless":false,"potions_floor_spawned":[1,2,10,13,16,18,27,29,30,38,47],"killed_by":"Awakened One","ascension_level":18}}