{"host":"ob0o70duo5yv7mfq","time":1613171539,"event":{"mods":["BaseMod","Minty Spire (QoL Compilation)"],"gold_per_floor":[112,27,40,56,69,95,45,45,45,45,59,59,84,102,102,197,247,259,259,269,45,58,86,86,118,118,118,118,134,166,181,181,279,279,291,309,20,20,37,37,56,56,102,114,126,155,192,204,216,228,240,252,2,29,29],"floor_reached":56,"language":"ENG","playtime":3818,"items_purged":["Strike_G"],"score":1509,"play_id":"1cfa90af-4324-4c1e-9775-5523e83b7345","local_time":"20210213001219","is_ascension_mode":true,"campfire_choices":[{"data":"Blade Dance","floor":8,"key":"SMITH"},{"data":"Blur","floor":12,"key":"SMITH"},{"data":"Cloak And Dagger","floor":15,"key":"SMITH"},{"data":"Night Terror","floor":24,"key":"SMITH"},{"data":"Noxious Fumes","floor":27,"key":"SMITH"},{"floor":32,"key":"REST"},{"data":"Accuracy","floor":40,"key":"SMITH"},{"floor":42,"key":"RECALL"},{"data":"Blade Dance","floor":44,"key":"SMITH"},{"data":"Cloak And Dagger","floor":49,"key":"SMITH"},{"data":"Backflip","floor":52,"key":"SMITH"}],"circlet_count":0,"master_deck":["Strike_G+1","Strike_G","Strike_G+1","Defend_G","Defend_G","Defend_G","Defend_G","Survivor","Neutralize+1","Flying Knee","Blade Dance+1","Dodge and Roll+1","Sucker Punch","Blur+1","Masterful Stab","Cloak And Dagger+1","Night Terror+1","Acrobatics","Well Laid Plans+1","Backflip+1","Noxious Fumes+1","Dash","Quick Slash","Slice+1","Blade Dance+1","Prepared","Bullet Time","Blade Dance+1","Cloak And Dagger+1","Accuracy+1","Finesse","Calculated Gamble","Parasite","Infinite Blades+1","Parasite","Blur+1"],"relics":["Ring of the Snake","Whetstone","Lantern","Question Card","Mercury Hourglass","Kunai","Tiny House","MutagenicStrength","ClockworkSouvenir","Shuriken","Happy Flower","Ornamental Fan","Matryoshka","Cursed Key","MawBank","TungstenRod","Pantograph","Toy Ornithopter"],"acts_visited":["Exordium","TheCity","TheBeyond","TheEnding"],"potions_floor_usage":[13,18,23,25,25,30,39,55,55],"damage_taken":[{"damage":0,"enemies":"Cultist","floor":1,"turns":3},{"damage":2,"enemies":"Jaw Worm","floor":3,"turns":3},{"damage":0,"enemies":"Small Slimes","floor":4,"turns":3},{"damage":7,"enemies":"Exordium Thugs","floor":5,"turns":4},{"damage":13,"enemies":"3 Sentries","floor":6,"turns":8},{"damage":4,"enemies":"3 Louse","floor":11,"turns":2},{"damage":8,"enemies":"Lagavulin","floor":13,"turns":6},{"damage":0,"enemies":"Looter","floor":14,"turns":2},{"damage":14,"enemies":"Hexaghost","floor":16,"turns":11},{"damage":5,"enemies":"2 Thieves","floor":18,"turns":3},{"damage":0,"enemies":"3 Byrds","floor":20,"turns":4},{"damage":0,"enemies":"Centurion and Healer","floor":22,"turns":5},{"damage":0,"enemies":"Book of Stabbing","floor":23,"turns":4},{"damage":5,"enemies":"Gremlin Leader","floor":25,"turns":5},{"damage":0,"enemies":"Snecko","floor":29,"turns":3},{"damage":47,"enemies":"Slavers","floor":30,"turns":5},{"damage":0,"enemies":"Cultist and Chosen","floor":31,"turns":4},{"damage":0,"enemies":"Champ","floor":33,"turns":8},{"damage":0,"enemies":"3 Darklings","floor":35,"turns":4},{"damage":18,"enemies":"3 Shapes","floor":36,"turns":3},{"damage":2,"enemies":"Writhing Mass","floor":39,"turns":5},{"damage":0,"enemies":"4 Shapes","floor":41,"turns":3},{"damage":0,"enemies":"3 Darklings","floor":46,"turns":3},{"damage":0,"enemies":"Nemesis","floor":47,"turns":5},{"damage":0,"enemies":"Donu and Deca","floor":50,"turns":7},{"damage":0,"enemies":"Shield and Spear","floor":54,"turns":4},{"damage":37,"enemies":"The Heart","floor":55,"turns":11}],"seed_played":"5089785914371481804","potions_obtained":[{"floor":4,"key":"GamblersBrew"},{"floor":6,"key":"Regen Potion"},{"floor":14,"key":"FearPotion"},{"floor":16,"key":"LiquidBronze"},{"floor":17,"key":"EssenceOfSteel"},{"floor":18,"key":"Strength Potion"},{"floor":23,"key":"AttackPotion"},{"floor":25,"key":"Swift Potion"},{"floor":30,"key":"FairyPotion"},{"floor":35,"key":"SteroidPotion"},{"floor":46,"key":"SkillPotion"}],"is_trial":false,"path_per_floor":["M","?","M","M","M","E","?","R","T","?","M","R","E","M","R","B",null,"M","?","M","$","M","E","R","E","T","R","?","M","E","M","R","B",null,"M","M","$","?","M","R","M","R","T","R","?","M","E","?","R","B",null,"R","$","E","B",null],"character_chosen":"THE_SILENT","items_purchased":["Noxious Fumes","ClockworkSouvenir","Accuracy","Finesse","Calculated Gamble","Pantograph"],"campfire_rested":1,"item_purchase_floors":[21,21,37,37,37,53],"current_hp_per_floor":[70,70,68,68,61,48,48,48,48,48,44,44,51,51,51,37,75,70,70,70,70,70,70,70,65,65,65,65,65,18,18,40,40,75,75,57,57,57,55,55,55,55,55,55,55,55,55,55,55,55,71,71,71,71,39],"gold":29,"neow_bonus":"RANDOM_COMMON_RELIC","is_daily":false,"chose_seed":false,"campfire_upgraded":9,"win_rate":0.0,"timestamp":1613171539,"path_taken":["M","?","?","M","M","E","?","R","T","?","?","R","E","M","R","BOSS","M","?","M","$","M","E","R","E","T","R","?","M","E","?","R","BOSS","M","M","$","?","M","R","M","R","T","R","?","M","E","?","R","BOSS","R","$","E","BOSS"],"items_purchased_type":["Card","Relic","Card","Card","Card","Relic"],"build_version":"2020-12-22","purchased_purges":1,"victory":true,"max_hp_per_floor":[70,70,70,70,70,70,70,70,70,70,70,70,70,70,70,70,75,75,75,75,75,75,75,75,75,75,75,75,75,75,75,75,75,75,75,75,75,71,71,71,71,71,71,71,71,71,71,71,71,71,71,71,71,71,71],"card_choices":[{"not_picked":["Sucker Punch","Prepared"],"picked":"Flying Knee","floor":1},{"not_picked":["Sucker Punch","Quick Slash"],"picked":"Blade Dance","floor":3},{"not_picked":["Slice","Dagger Throw"],"picked":"Flying Knee","floor":4},{"not_picked":["Slice","Predator"],"picked":"Dodge and Roll","floor":5},{"not_picked":["Envenom","Underhanded Strike"],"picked":"Sucker Punch","floor":6},{"not_picked":["Backflip","Flying Knee","Outmaneuver"],"picked":"Blur","floor":11},{"not_picked":["Calculated Gamble","Deadly Poison","Escape Plan"],"picked":"Masterful Stab","floor":13},{"not_picked":["Choke","Terror","Heel Hook"],"picked":"Cloak And Dagger","floor":14},{"not_picked":["Phantasmal Killer","Die Die Die","Envenom"],"picked":"Night Terror","floor":16},{"not_picked":["Sucker Punch","Bouncing Flask","Expertise"],"picked":"Acrobatics","floor":17},{"not_picked":["Eviscerate","Heel Hook","PiercingWail"],"picked":"Well Laid Plans+1","floor":18},{"not_picked":["Deadly Poison","Poisoned Stab+1","Prepared"],"picked":"Backflip","floor":20},{"not_picked":["Choke","Deadly Poison+1","Sucker Punch"],"picked":"Dash","floor":22},{"not_picked":["Glass Knife","Acrobatics","Poisoned Stab"],"picked":"Quick Slash","floor":23},{"not_picked":["Dodge and Roll","Eviscerate+1","Outmaneuver"],"picked":"Slice+1","floor":25},{"not_picked":["Sucker Punch","Outmaneuver+1","Backflip","Quick Slash+1"],"picked":"SKIP","floor":29},{"not_picked":["Slice+1","Choke","Sucker Punch"],"picked":"Blade Dance","floor":30},{"not_picked":["Dodge and Roll","Choke+1","Expertise"],"picked":"Prepared","floor":31},{"not_picked":["Malaise","Doppelganger","Adrenaline"],"picked":"Bullet Time","floor":33},{"not_picked":["Choke+1","Catalyst+1","Poisoned Stab+1"],"picked":"Blade Dance+1","floor":35},{"not_picked":["Slice+1","Bane","Dodge and Roll+1"],"picked":"Cloak And Dagger","floor":36},{"not_picked":["Bane","Dash+1","Leg Sweep+1","Deflect"],"picked":"SKIP","floor":39},{"not_picked":["Blade Dance","Bullet Time","Dodge and Roll+1"],"picked":"Infinite Blades+1","floor":41},{"not_picked":["Dagger Spray","Eviscerate","PiercingWail"],"picked":"Blur+1","floor":46},{"not_picked":["Slice","Deadly Poison+1","Prepared+1","Backstab+1"],"picked":"SKIP","floor":47},{"not_picked":["Heel Hook","All Out Attack+1","Corpse Explosion","Outmaneuver"],"picked":"SKIP","floor":54}],"player_experience":293277,"relics_obtained":[{"floor":6,"key":"Question Card"},{"floor":9,"key":"Mercury Hourglass"},{"floor":13,"key":"Kunai"},{"floor":23,"key":"Shuriken"},{"floor":25,"key":"Happy Flower"},{"floor":26,"key":"Ornamental Fan"},{"floor":30,"key":"Matryoshka"},{"floor":43,"key":"MawBank"},{"floor":47,"key":"TungstenRod"},{"floor":54,"key":"Toy Ornithopter"}],"event_choices":[{"damage_healed":0,"gold_gain":0,"player_choice":"Paid Gold","damage_taken":0,"relics_obtained":["Lantern"],"max_hp_gain":0,"max_hp_loss":0,"event_name":"WeMeetAgain","floor":2,"gold_loss":85},{"cards_removed":["Strike_G"],"damage_healed":0,"gold_gain":0,"player_choice":"Card Removal","damage_taken":0,"max_hp_gain":0,"max_hp_loss":0,"event_name":"The Cleric","floor":7,"gold_loss":50},{"cards_removed":["Defend_G"],"damage_healed":0,"gold_gain":0,"player_choice":"Offered Basic","damage_taken":0,"max_hp_gain":0,"max_hp_loss":0,"event_name":"Bonfire Elementals","floor":10,"gold_loss":0},{"damage_healed":0,"gold_gain":0,"player_choice":"Inject Mutagens","damage_taken":0,"relics_obtained":["MutagenicStrength"],"max_hp_gain":0,"max_hp_loss":0,"event_name":"Drug Dealer","floor":19,"gold_loss":0},{"damage_healed":0,"gold_gain":0,"player_choice":"Upgraded","damage_taken":0,"max_hp_gain":0,"max_hp_loss":0,"event_name":"Upgrade Shrine","floor":28,"gold_loss":0,"cards_upgraded":["Dodge and Roll"]},{"damage_healed":0,"gold_gain":0,"player_choice":"Max HP","damage_taken":0,"max_hp_gain":0,"max_hp_loss":4,"event_name":"Winding Halls","floor":38,"gold_loss":0},{"damage_healed":0,"gold_gain":0,"player_choice":"Memory 1","damage_taken":0,"max_hp_gain":0,"max_hp_loss":0,"event_name":"SensoryStone","floor":45,"gold_loss":0},{"cards_removed":["Flying Knee"],"damage_healed":0,"gold_gain":0,"player_choice":"Removed Attack","damage_taken":0,"max_hp_gain":0,"max_hp_loss":0,"event_name":"Falling","floor":48,"gold_loss":0}],"is_beta":false,"boss_relics":[{"not_picked":["Pandora\u0027s Box","Runic Dome"],"picked":"Tiny House"},{"not_picked":["SacredBark","Astrolabe"],"picked":"Cursed Key"}],"items_purged_floors":[37],"is_endless":false,"potions_floor_spawned":[4,6,14,16,18,23,25,30,35,46,54],"ascension_level":2}}