{"host":"a76kj1hq3s7111r2","time":1613098326,"event":{"mods":["Alarm Clock","BaseMod","GifTheSpireLib","Gold Saver","Hermit","Koishi","Marisa????????","Marked Mod","Minty Spire (QoL Compilation)","Rare Cards Sparkle","Shop Mod","StSLib","The Cursed","The Marked","The Servant 0.9.4"],"gold_per_floor":[321,199,214,232,251,279,279,305,329,347,359,381,392,463,463,559,559,579,579,594,668,668,668,682,682,682,194,214,230,230,259,259,361,361,379,396,396,396,24,34,45,61,130,130,130,59,77,92,92,92,92,92,20,53,53,53],"floor_reached":55,"language":"ENG","playtime":7661,"items_purged":["Injury","Writhe","Defend_B"],"score":703,"play_id":"e2694e84-101e-48a0-bd98-956233039434","local_time":"20210211215206","is_ascension_mode":false,"campfire_choices":[{"floor":7,"key":"RECALL"},{"floor":15,"key":"REST"},{"data":"Fusion","floor":23,"key":"SMITH"},{"floor":25,"key":"REST"},{"data":"Buffer","floor":30,"key":"SMITH"},{"floor":32,"key":"REST"},{"data":"Apotheosis","floor":45,"key":"SMITH"},{"data":"Tempest","floor":49,"key":"SMITH"},{"data":"Bite","floor":52,"key":"SMITH"}],"circlet_count":0,"master_deck":["Defend_B","Defend_B","Defend_B","Zap","Dualcast","Sunder","Coolheaded","Cold Snap","Conserve Battery","Cold Snap","Go for the Eyes","Multi-Cast","Ball Lightning","Fusion+1","Conserve Battery","Recycle","Buffer+1","CurseOfTheBell","Bite","Bite+1","Bite","Bite","Bite","Self Repair+1","Capacitor+1","Core Surge","BootSequence","Machine Learning+1","Cold Snap+1","Ball Lightning","Apotheosis+1","Tempest+1","Chill","Defragment+1","Chill+1","Loop+1"],"relics":["Cracked Core","Ice Cream","TungstenRod","Nunchaku","Odd Mushroom","Sundial","Calling Bell","Orichalcum","Blue Candle","Pocketwatch","Frozen Egg 2","Happy Flower","Ornamental Fan","Calipers","Omamori","Cursed Key","HornCleat","Gremlin Horn","Emotion Chip"],"acts_visited":["Exordium","TheCity","TheBeyond","TheEnding"],"potions_floor_usage":[8,8,10,16,24,31,33,33,33,41,50,50],"damage_taken":[{"damage":12,"enemies":"Small Slimes","floor":1,"turns":4},{"damage":1,"enemies":"Jaw Worm","floor":3,"turns":3},{"damage":0,"enemies":"Cultist","floor":4,"turns":4},{"damage":5,"enemies":"Exordium Wildlife","floor":5,"turns":6},{"damage":7,"enemies":"3 Sentries","floor":6,"turns":10},{"damage":12,"enemies":"Gremlin Nob","floor":8,"turns":4},{"damage":7,"enemies":"3 Louse","floor":10,"turns":3},{"damage":6,"enemies":"Exordium Thugs","floor":11,"turns":5},{"damage":5,"enemies":"The Mushroom Lair","floor":12,"turns":5},{"damage":0,"enemies":"Red Slaver","floor":13,"turns":3},{"damage":10,"enemies":"The Guardian","floor":16,"turns":12},{"damage":36,"enemies":"2 Thieves","floor":18,"turns":5},{"damage":9,"enemies":"3 Byrds","floor":20,"turns":8},{"damage":36,"enemies":"3 Cultists","floor":24,"turns":6},{"damage":10,"enemies":"Shelled Parasite and Fungi","floor":28,"turns":8},{"damage":18,"enemies":"Sentry and Sphere","floor":29,"turns":6},{"damage":41,"enemies":"Gremlin Leader","floor":31,"turns":10},{"damage":55,"enemies":"Champ","floor":33,"turns":17},{"damage":9,"enemies":"Orb Walker","floor":35,"turns":5},{"damage":14,"enemies":"3 Darklings","floor":36,"turns":7},{"damage":0,"enemies":"Maw","floor":40,"turns":8},{"damage":13,"enemies":"Spire Growth","floor":41,"turns":5},{"damage":2,"enemies":"3 Darklings","floor":42,"turns":7},{"damage":0,"enemies":"Writhing Mass","floor":47,"turns":5},{"damage":3,"enemies":"Spire Growth","floor":48,"turns":5},{"damage":4,"enemies":"Time Eater","floor":50,"turns":11},{"damage":39,"enemies":"Shield and Spear","floor":54,"turns":8},{"damage":83,"enemies":"The Heart","floor":55,"turns":8}],"seed_played":"815264743467278732","potions_obtained":[{"floor":4,"key":"Explosive Potion"},{"floor":5,"key":"Weak Potion"},{"floor":8,"key":"Regen Potion"},{"floor":11,"key":"FearPotion"},{"floor":16,"key":"FearPotion"},{"floor":18,"key":"Fire Potion"},{"floor":24,"key":"PotionOfCapacity"},{"floor":28,"key":"Strength Potion"},{"floor":29,"key":"AttackPotion"},{"floor":31,"key":"Weak Potion"},{"floor":35,"key":"Swift Potion"},{"floor":41,"key":"FairyPotion"},{"floor":42,"key":"Strength Potion"},{"floor":48,"key":"EssenceOfSteel"}],"is_trial":false,"path_per_floor":["M","$","M","M","M","E","R","E","T","M","M","?","M","T","R","B",null,"M","?","M","T","?","R","M","R","T","$","M","M","R","E","R","B",null,"M","M","?","?","$","M","M","M","T","$","R","$","M","M","R","B",null,"R","$","E","B"],"character_chosen":"DEFECT","items_purchased":["Coolheaded","Calipers","Capacitor+1","HornCleat","Defragment+1","Loop+1"],"campfire_rested":3,"item_purchase_floors":[2,27,27,39,46,53],"current_hp_per_floor":[63,63,62,62,57,50,50,38,38,40,34,29,29,29,51,41,75,39,39,46,46,46,46,16,31,31,31,47,50,50,43,52,23,52,52,52,52,52,52,52,49,52,52,52,52,52,52,52,52,52,52,52,52,47,0,0],"gold":53,"neow_bonus":"ONE_RARE_RELIC","is_daily":false,"chose_seed":false,"campfire_upgraded":5,"win_rate":0.0,"timestamp":1613098326,"path_taken":["M","$","M","M","M","E","R","E","T","M","M","?","M","?","R","BOSS","M","?","M","?","?","R","M","R","T","$","M","?","R","E","R","BOSS","M","M","?","?","$","M","?","M","T","?","R","$","M","M","R","BOSS","R","$","E","BOSS"],"items_purchased_type":["Card","Relic","Card","Relic","Card","Card"],"build_version":"2020-12-22","purchased_purges":3,"victory":false,"max_hp_per_floor":[75,75,75,75,75,75,75,75,75,75,75,75,75,75,75,75,75,75,52,52,52,52,52,52,52,52,52,52,52,52,52,52,52,52,52,52,52,52,52,52,52,52,52,52,52,52,52,52,52,52,52,52,52,52,52,52],"card_choices":[{"not_picked":["Streamline","Steam"],"picked":"Sunder","floor":1},{"not_picked":["Turbo","Redo"],"picked":"Cold Snap","floor":3},{"not_picked":["Stack","Compile Driver"],"picked":"Conserve Battery","floor":4},{"not_picked":["Ball Lightning","Conserve Battery"],"picked":"Cold Snap","floor":5},{"not_picked":["Compile Driver","Stack"],"picked":"Go for the Eyes","floor":6},{"not_picked":["Reinforced Body","Redo"],"picked":"Multi-Cast","floor":8},{"not_picked":["Stack","Undo"],"picked":"Ball Lightning","floor":10},{"not_picked":["FTL","Go for the Eyes"],"picked":"Fusion","floor":11},{"not_picked":["Redo","Ball Lightning"],"picked":"Conserve Battery","floor":12},{"not_picked":["Go for the Eyes","Coolheaded"],"picked":"Recycle","floor":13},{"not_picked":["Electrodynamics","All For One"],"picked":"Buffer","floor":16},{"not_picked":["Auto Shields+1","Compile Driver+1","Heatsinks+1"],"picked":"SKIP","floor":18},{"not_picked":["Rebound","Ball Lightning","FTL"],"picked":"SKIP","floor":20},{"not_picked":["Leap","Conserve Battery+1"],"picked":"Self Repair+1","floor":24},{"not_picked":["Beam Cell+1","Go for the Eyes"],"picked":"Core Surge","floor":28},{"not_picked":["Coolheaded+1","Streamline+1"],"picked":"BootSequence","floor":29},{"not_picked":["Stack","Beam Cell","Undo+1"],"picked":"SKIP","floor":31},{"not_picked":["Electrodynamics+1","Hyperbeam"],"picked":"Machine Learning+1","floor":33},{"not_picked":["Rebound","Sweeping Beam+1"],"picked":"Cold Snap+1","floor":35},{"not_picked":["Conserve Battery","Leap+1"],"picked":"Ball Lightning","floor":36},{"not_picked":["Master of Strategy","Chrysalis"],"picked":"Apotheosis","floor":38},{"not_picked":["Leap","Steam"],"picked":"Tempest","floor":40},{"not_picked":["Heatsinks+1","Hello World+1"],"picked":"Chill","floor":41},{"not_picked":["Redo","Beam Cell","Steam+1"],"picked":"SKIP","floor":42},{"not_picked":["Sweeping Beam+1","Undo+1","Melter+1"],"picked":"SKIP","floor":47},{"not_picked":["Darkness","Turbo"],"picked":"Chill+1","floor":48},{"not_picked":["Electrodynamics+1","Barrage","Turbo+1"],"picked":"SKIP","floor":54}],"player_experience":422846,"relics_obtained":[{"floor":6,"key":"TungstenRod"},{"floor":8,"key":"Nunchaku"},{"floor":12,"key":"Odd Mushroom"},{"floor":14,"key":"Sundial"},{"floor":17,"key":"Orichalcum"},{"floor":17,"key":"Blue Candle"},{"floor":17,"key":"Pocketwatch"},{"floor":21,"key":"Frozen Egg 2"},{"floor":26,"key":"Ornamental Fan"},{"floor":31,"key":"Omamori"},{"floor":43,"key":"Gremlin Horn"},{"floor":54,"key":"Emotion Chip"}],"event_choices":[{"damage_healed":0,"gold_gain":0,"player_choice":"Fought Mushrooms","damage_taken":0,"max_hp_gain":0,"max_hp_loss":0,"event_name":"Mushrooms","floor":12,"gold_loss":0},{"damage_healed":0,"gold_gain":0,"player_choice":"Became a vampire","damage_taken":0,"max_hp_gain":0,"max_hp_loss":23,"event_name":"Vampires","floor":19,"gold_loss":0,"cards_obtained":["Bite","Bite","Bite","Bite","Bite"]},{"damage_healed":0,"gold_gain":0,"player_choice":"Opened","damage_taken":0,"relics_obtained":["Happy Flower"],"max_hp_gain":0,"max_hp_loss":0,"event_name":"The Mausoleum","floor":22,"gold_loss":0,"cards_obtained":["Writhe"]},{"damage_healed":0,"gold_gain":0,"player_choice":"Ignored","damage_taken":0,"max_hp_gain":0,"max_hp_loss":0,"event_name":"OrinTheCat","floor":37,"gold_loss":0},{"damage_healed":0,"gold_gain":0,"player_choice":"Memory 1","damage_taken":0,"max_hp_gain":0,"max_hp_loss":0,"event_name":"SensoryStone","floor":38,"gold_loss":0}],"is_beta":false,"boss_relics":[{"not_picked":["Coffee Dripper","Velvet Choker"],"picked":"Calling Bell"},{"not_picked":["Astrolabe","SacredBark"],"picked":"Cursed Key"}],"items_purged_floors":[2,27,39],"is_endless":false,"potions_floor_spawned":[4,5,8,11,16,18,24,28,29,31,35,41,42,48],"killed_by":"The Heart","ascension_level":0}}