{"host":"m4t16jh7hwzim8re","time":1613104740,"event":{"mods":["BaseMod","CapriCore","Friendly Minions","Lobotomy","Minty Spire (QoL Compilation)","StSLib"],"gold_per_floor":[114,126,136,154,171,171,181,181,207,207,207,236,248,264,264,361,361,374,40,50,50,70,70,70,85,131,165,165,165,165],"floor_reached":29,"language":"KOR","playtime":1409,"items_purged":["Defend_R"],"score":274,"play_id":"b1babaeb-405f-4eb7-bad7-3b928845bcfe","local_time":"20210212133900","is_ascension_mode":false,"campfire_choices":[{"data":"Rampage","floor":6,"key":"SMITH"},{"data":"Spot Weakness","floor":8,"key":"SMITH"},{"floor":10,"key":"REST"},{"data":"Pommel Strike","floor":15,"key":"SMITH"},{"floor":23,"key":"REST"}],"circlet_count":0,"master_deck":["Strike_R+1","Strike_R+1","Strike_R+1","Strike_R+1","Strike_R+1","Defend_R+1","Defend_R+1","Defend_R+1","Bash","Scorched","Rampage+1","Cleave+1","LaLuna","Wild Strike","UniverseFragment","Pommel Strike+1","Spot Weakness+1","Sword Boomerang+1","LongBird","Reaper","BlackSwan","Demon Form","RedShoes","Second Wind","HeroicMonk","Twin Strike+1","SilentOrchestra","OSAHOGD","Evolve","MeltingLove","Pummel","Impervious"],"relics":["Burning Blood","CogitoBucket","SkinProphecy","Whetstone","Torii","Unceasing Top","SlaversCollar","TreeSap","StrikeDummy","Oddly Smooth Stone","MealTicket"],"acts_visited":["Exordium","TheCity"],"potions_floor_usage":[7,14,16,18,18,25,29],"damage_taken":[{"damage":6,"enemies":"Cultist","floor":1,"turns":3},{"damage":6,"enemies":"Jaw Worm","floor":2,"turns":2},{"damage":10,"enemies":"Small Slimes","floor":3,"turns":3},{"damage":22,"enemies":"Exordium Thugs","floor":4,"turns":4},{"damage":10,"enemies":"Looter","floor":5,"turns":2},{"damage":16,"enemies":"3 Louse","floor":7,"turns":2},{"damage":9,"enemies":"3 Sentries","floor":12,"turns":3},{"damage":0,"enemies":"Exordium Wildlife","floor":13,"turns":1},{"damage":19,"enemies":"Gremlin Gang","floor":14,"turns":3},{"damage":57,"enemies":"Hexaghost","floor":16,"turns":8},{"damage":87,"enemies":"2 Thieves","floor":18,"turns":6},{"damage":7,"enemies":"3 Byrds","floor":20,"turns":2},{"damage":4,"enemies":"Cultist and Chosen","floor":22,"turns":5},{"damage":15,"enemies":"Snake Plant","floor":25,"turns":4},{"damage":33,"enemies":"Book of Stabbing","floor":27,"turns":5},{"damage":40,"enemies":"Shelled Parasite and Fungi","floor":29,"turns":11}],"seed_played":"-6772624590932086403","potions_obtained":[{"floor":1,"key":"FearPotion"},{"floor":2,"key":"BloodPotion"},{"floor":4,"key":"Regen Potion"},{"floor":7,"key":"BloodPotion"},{"floor":16,"key":"Strength Potion"},{"floor":18,"key":"SpeedPotion"},{"floor":25,"key":"Energy Potion"}],"is_trial":false,"path_per_floor":["M","M","M","M","M","R","M","R","T","R","T","E","M","M","R","B",null,"M","$","M","?","M","R","?","M","T","E","$","M"],"character_chosen":"IRONCLAD","items_purchased":["StrikeDummy"],"campfire_rested":2,"item_purchase_floors":[19],"current_hp_per_floor":[80,80,76,60,56,56,51,51,51,75,75,68,70,67,67,29,88,17,17,12,12,33,61,61,48,48,28,43,0,0],"gold":165,"neow_bonus":"","is_daily":false,"chose_seed":false,"campfire_upgraded":3,"win_rate":0.0,"timestamp":1613104740,"path_taken":["M","M","M","?","M","R","M","R","T","R","?","E","M","M","R","BOSS","M","$","M","?","M","R","?","M","T","E","$","M"],"items_purchased_type":["Relic"],"build_version":"2020-12-22","purchased_purges":1,"victory":false,"max_hp_per_floor":[80,80,80,80,80,80,80,80,80,80,80,82,84,86,86,88,88,92,92,94,94,96,96,96,98,98,100,100,104,104],"card_choices":[{"not_picked":["PunishingBird","Bloodbath"],"picked":"Scorched","floor":1},{"not_picked":["Clothesline","Infernal Blade"],"picked":"Rampage","floor":1},{"not_picked":["Shockwave","Perfected Strike"],"picked":"Cleave","floor":2},{"not_picked":["Alriune","MHz"],"picked":"LaLuna","floor":2},{"not_picked":["MeatLantern","FairyFestival","SpiderBud"],"picked":"Singing Bowl","floor":3},{"not_picked":["Heavy Blade","Hemokinesis"],"picked":"Wild Strike","floor":3},{"not_picked":["BigBadWolf","OldLady"],"picked":"UniverseFragment","floor":4},{"not_picked":["Clothesline","Iron Wave"],"picked":"Pommel Strike","floor":4},{"not_picked":["Rage","True Grit"],"picked":"Spot Weakness","floor":5},{"not_picked":["Cleave","Dark Embrace"],"picked":"Sword Boomerang","floor":7},{"not_picked":["MHz","Funeral"],"picked":"LongBird","floor":7},{"not_picked":["Cleave","Clothesline"],"picked":"Reaper","floor":12},{"not_picked":["VoidDream","Laetitia"],"picked":"BlackSwan","floor":12},{"not_picked":["Clothesline","Anger","True Grit"],"picked":"SKIP","floor":13},{"not_picked":["Thunderclap","Havoc","True Grit"],"picked":"SKIP","floor":14},{"not_picked":["Reaper","Fiend Fire"],"picked":"Demon Form","floor":16},{"not_picked":["BlueStar","SilentOrchestra"],"picked":"RedShoes","floor":16},{"not_picked":["Iron Wave","Clash+1"],"picked":"Second Wind","floor":18},{"not_picked":["MHz","CherryBlossoms"],"picked":"HeroicMonk","floor":18},{"not_picked":["Anger","Pommel Strike"],"picked":"Twin Strike+1","floor":20},{"not_picked":["Mercenary","CrumblingArmor"],"picked":"SilentOrchestra","floor":20},{"not_picked":["BeautyBeast","ShyLook"],"picked":"OSAHOGD","floor":22},{"not_picked":["Wild Strike","Rupture"],"picked":"Evolve","floor":22},{"not_picked":["Rudolta","HappyTeddy"],"picked":"MeltingLove","floor":25},{"not_picked":["Warcry","Wild Strike"],"picked":"Pummel","floor":25},{"not_picked":["Headbutt","Dropkick+1"],"picked":"Impervious","floor":27}],"player_experience":854293,"relics_obtained":[{"floor":9,"key":"Whetstone"},{"floor":11,"key":"Torii"},{"floor":12,"key":"Unceasing Top"},{"floor":26,"key":"Oddly Smooth Stone"},{"floor":27,"key":"MealTicket"}],"event_choices":[{"damage_healed":0,"gold_gain":0,"player_choice":"Simplicity","damage_taken":0,"max_hp_gain":0,"max_hp_loss":0,"event_name":"Back to Basics","floor":24,"gold_loss":0,"cards_upgraded":["Strike_R","Strike_R","Strike_R","Strike_R","Strike_R","Defend_R","Defend_R","Defend_R"]}],"is_beta":false,"boss_relics":[{"not_picked":["Tiny House","Black Star"],"picked":"SlaversCollar"}],"items_purged_floors":[19],"is_endless":false,"potions_floor_spawned":[1,2,4,7,13,16,18,25],"killed_by":"Shelled Parasite and Fungi","ascension_level":0}}