{"host":"5hsgormuu0lj4iiq","time":1613091539,"event":{"mods":["AchievementEnabler","BaseMod","Colored Map","Colored Powertips","Minty Spire (QoL Compilation)","Quick Restart","Relic Stats","SuperFastMode","everything is the same but u backflip on backflip","slay the spire mod where everything is the same but ironclad has a cowboy hat"],"gold_per_floor":[364,364,364,427,451,451,521,521,573,573,598,598,613,613,613],"floor_reached":14,"language":"ENG","playtime":208,"items_purged":[],"score":131,"play_id":"4d5a0589-26c7-469e-8f5d-36693b1dcb34","local_time":"20210211195859","is_ascension_mode":true,"campfire_choices":[{"data":"Ball Lightning","floor":6,"key":"SMITH"},{"data":"Rip and Tear","floor":8,"key":"SMITH"},{"data":"Zap","floor":10,"key":"SMITH"},{"data":"Glacier","floor":12,"key":"SMITH"}],"circlet_count":0,"master_deck":["AscendersBane","Strike_B","Strike_B","Strike_B","Strike_B","Defend_B","Defend_B","Defend_B","Defend_B","Zap+1","Dualcast","Parasite","Ball Lightning+1","Rip and Tear+1","Glacier+1"],"relics":["Cracked Core","Golden Idol","SsserpentHead","Oddly Smooth Stone"],"acts_visited":["Exordium"],"potions_floor_usage":[7],"damage_taken":[{"damage":9,"enemies":"2 Louse","floor":1,"turns":3},{"damage":7,"enemies":"Jaw Worm","floor":4,"turns":3},{"damage":1,"enemies":"Cultist","floor":5,"turns":3},{"damage":15,"enemies":"Gremlin Gang","floor":7,"turns":2},{"damage":2,"enemies":"Blue Slaver","floor":11,"turns":3},{"damage":8,"enemies":"3 Louse","floor":13,"turns":2},{"damage":28,"enemies":"3 Sentries","floor":14,"turns":6}],"seed_played":"-6962515098283430890","potions_obtained":[{"floor":1,"key":"Explosive Potion"},{"floor":5,"key":"Regen Potion"},{"floor":11,"key":"PotionOfCapacity"}],"is_trial":false,"path_per_floor":["M","?","?","M","M","R","M","R","T","R","M","R","M","E"],"character_chosen":"DEFECT","items_purchased":[],"campfire_rested":0,"item_purchase_floors":[],"current_hp_per_floor":[59,59,59,52,51,51,36,36,36,36,34,34,26,0,0],"gold":613,"neow_bonus":"TWO_FIFTY_GOLD","is_daily":false,"chose_seed":false,"campfire_upgraded":4,"win_rate":0.0,"timestamp":1613091539,"path_taken":["M","?","?","?","M","R","?","R","T","R","M","R","M","E"],"items_purchased_type":[],"build_version":"2020-12-22","purchased_purges":0,"victory":false,"max_hp_per_floor":[75,69,69,69,69,69,69,69,69,69,69,69,69,69,69],"relic_stats":{"SsserpentHead":100,"counters":[7,22],"Golden Idol":20,"obtain_stats":[{"SsserpentHead":3,"Golden Idol":2,"Oddly Smooth Stone":9,"Cracked Core":0},{"SsserpentHead":1,"Golden Idol":1,"Oddly Smooth Stone":4,"Cracked Core":0},{"SsserpentHead":3,"Golden Idol":3,"Oddly Smooth Stone":11,"Cracked Core":0}]},"card_choices":[{"not_picked":["Steam Power","FTL"],"picked":"Ball Lightning","floor":1},{"not_picked":["Aggregate","Hologram","Turbo"],"picked":"SKIP","floor":4},{"not_picked":["Conserve Battery","Barrage","Tempest"],"picked":"SKIP","floor":5},{"not_picked":["Redo","Compile Driver"],"picked":"Rip and Tear","floor":7},{"not_picked":["Turbo","Undo"],"picked":"Glacier","floor":11},{"not_picked":["Recycle","Force Field","Barrage"],"picked":"SKIP","floor":13}],"player_experience":731814,"relics_obtained":[{"floor":9,"key":"Oddly Smooth Stone"}],"event_choices":[{"damage_healed":0,"gold_gain":0,"player_choice":"Lose Max HP","damage_taken":0,"relics_obtained":["Golden Idol"],"max_hp_gain":0,"max_hp_loss":6,"event_name":"Golden Idol","floor":2,"gold_loss":0},{"damage_healed":0,"gold_gain":0,"player_choice":"Trade","damage_taken":0,"relics_obtained":["SsserpentHead"],"max_hp_gain":0,"max_hp_loss":0,"event_name":"FaceTrader","floor":3,"gold_loss":0}],"is_beta":false,"boss_relics":[],"items_purged_floors":[],"is_endless":false,"potions_floor_spawned":[1,5,11],"killed_by":"3 Sentries","ascension_level":12}}