{"host":"4rvakrj1idbgia3f","time":1613098139,"event":{"mods":["BaseMod","Colored Map","Colored Powertips","DeckTracker","Highlight Path","Minty Spire (QoL Compilation)","Random Character Button","StSLib"],"gold_per_floor":[364,374,374,57,74,74,104,104,186,203,232,232,245,260,260,333,333,345,364,378,78,128,128,142,162,162,47,47,63,63,73,73,73,73],"floor_reached":33,"language":"JPN","playtime":1317,"items_purged":["Strike_G","Strike_G"],"score":522,"play_id":"4d9fd485-35f5-4101-9d08-b2fb06cc38c8","local_time":"20210212114859","is_ascension_mode":true,"campfire_choices":[{"data":"Flying Knee","floor":6,"key":"SMITH"},{"data":"Crippling Poison","floor":12,"key":"SMITH"},{"data":"Noxious Fumes","floor":15,"key":"SMITH"},{"data":"Footwork","floor":23,"key":"SMITH"},{"floor":28,"key":"REST"},{"floor":30,"key":"REST"},{"data":"Footwork","floor":32,"key":"SMITH"}],"circlet_count":0,"master_deck":["AscendersBane","Strike_G","Strike_G","Strike_G","Defend_G","Defend_G","Defend_G","Defend_G","Defend_G","Survivor","Neutralize","Crippling Poison+1","Flying Knee+1","Dagger Spray+1","Backstab+1","Backstab+1","Well Laid Plans","Noxious Fumes+1","Flechettes+1","Sucker Punch+1","Corpse Explosion","CurseOfTheBell","Tactician","Footwork+1","Footwork+1","PiercingWail","PiercingWail","Blur"],"relics":["Ring of the Snake","Molten Egg 2","Oddly Smooth Stone","The Courier","Lizard Tail","Calling Bell","Strawberry","Mercury Hourglass","CaptainsWheel","TwistedFunnel"],"acts_visited":["Exordium","TheCity"],"potions_floor_usage":[7,19,24,33],"damage_taken":[{"damage":12,"enemies":"Small Slimes","floor":1,"turns":5},{"damage":0,"enemies":"2 Louse","floor":2,"turns":3},{"damage":0,"enemies":"Jaw Worm","floor":5,"turns":5},{"damage":11,"enemies":"3 Sentries","floor":7,"turns":6},{"damage":0,"enemies":"Lots of Slimes","floor":10,"turns":1},{"damage":6,"enemies":"Gremlin Nob","floor":11,"turns":3},{"damage":0,"enemies":"2 Fungi Beasts","floor":13,"turns":2},{"damage":4,"enemies":"Red Slaver","floor":14,"turns":2},{"damage":8,"enemies":"Hexaghost","floor":16,"turns":9},{"damage":0,"enemies":"Chosen","floor":18,"turns":4},{"damage":5,"enemies":"2 Thieves","floor":19,"turns":3},{"damage":17,"enemies":"Centurion and Healer","floor":20,"turns":4},{"damage":24,"enemies":"Shelled Parasite and Fungi","floor":24,"turns":3},{"damage":0,"enemies":"Snake Plant","floor":25,"turns":5},{"damage":0,"enemies":"Cultist and Chosen","floor":29,"turns":5},{"damage":0,"enemies":"Sentry and Sphere","floor":31,"turns":4},{"damage":98,"enemies":"Champ","floor":33,"turns":18}],"seed_played":"-1011842670791988829","potions_obtained":[{"floor":1,"key":"GamblersBrew"},{"floor":2,"key":"SneckoOil"},{"floor":13,"key":"Explosive Potion"},{"floor":20,"key":"ColorlessPotion"},{"floor":25,"key":"FearPotion"},{"floor":29,"key":"PowerPotion"}],"is_trial":false,"path_per_floor":["M","M","?","$","M","R","E","?","T","M","E","R","M","M","R","B",null,"M","M","M","$","?","R","M","M","T","$","R","M","R","M","R","B"],"character_chosen":"THE_SILENT","items_purchased":["Molten Egg 2","Dagger Spray+1","TwistedFunnel","Footwork","PiercingWail","Blur"],"campfire_rested":2,"item_purchase_floors":[4,4,21,21,21,27],"current_hp_per_floor":[32,32,32,32,32,32,21,21,21,21,15,15,15,11,11,3,57,57,52,35,35,35,35,11,11,11,11,32,32,53,53,53,0,0],"gold":73,"neow_bonus":"TWO_FIFTY_GOLD","is_daily":false,"chose_seed":false,"campfire_upgraded":5,"win_rate":0.0,"timestamp":1613098139,"path_taken":["M","M","?","$","M","R","E","?","T","?","E","R","M","M","R","BOSS","M","?","M","$","?","R","M","M","T","$","R","?","R","M","R","BOSS"],"items_purchased_type":["Relic","Card","Relic","Card","Card","Card"],"build_version":"2020-12-22","purchased_purges":2,"victory":false,"max_hp_per_floor":[66,66,66,66,66,66,66,66,66,66,66,66,66,66,66,66,73,73,73,73,73,73,73,73,73,73,73,73,73,73,73,73,73,73],"card_choices":[{"not_picked":["Outmaneuver","Flying Knee"],"picked":"Crippling Poison","floor":1},{"not_picked":["Masterful Stab","Slice"],"picked":"Flying Knee","floor":2},{"not_picked":["Quick Slash+1","Catalyst"],"picked":"Backstab+1","floor":5},{"not_picked":["Acrobatics","Prepared"],"picked":"Backstab+1","floor":7},{"not_picked":["Quick Slash+1","Prepared"],"picked":"Well Laid Plans","floor":10},{"not_picked":["Wraith Form v2","Tactician"],"picked":"Noxious Fumes","floor":11},{"not_picked":["Endless Agony+1","Slice+1"],"picked":"Flechettes+1","floor":13},{"not_picked":["Blade Dance","Flying Knee+1"],"picked":"Sucker Punch+1","floor":14},{"not_picked":["Envenom","Wraith Form v2"],"picked":"Corpse Explosion","floor":16},{"not_picked":["Outmaneuver","Dagger Throw+1"],"picked":"Tactician","floor":18},{"not_picked":["Deflect","Expertise","Flechettes+1"],"picked":"SKIP","floor":19},{"not_picked":["Tactician","Backstab+1"],"picked":"Footwork","floor":20},{"not_picked":["Bane+1","Tactician"],"picked":"PiercingWail","floor":24},{"not_picked":["Outmaneuver","Endless Agony+1","Deflect"],"picked":"SKIP","floor":25},{"not_picked":["Distraction","Underhanded Strike+1","Blade Dance"],"picked":"SKIP","floor":29},{"not_picked":["Calculated Gamble","Terror+1","Riddle With Holes+1"],"picked":"SKIP","floor":31}],"player_experience":2307120,"relics_obtained":[{"floor":7,"key":"Oddly Smooth Stone"},{"floor":9,"key":"The Courier"},{"floor":11,"key":"Lizard Tail"},{"floor":17,"key":"Strawberry"},{"floor":17,"key":"Mercury Hourglass"},{"floor":17,"key":"CaptainsWheel"}],"event_choices":[{"damage_healed":0,"gold_gain":0,"player_choice":"Ignored","damage_taken":0,"max_hp_gain":0,"max_hp_loss":0,"event_name":"Shining Light","floor":3,"gold_loss":0},{"damage_healed":0,"gold_gain":0,"player_choice":"Ignored","damage_taken":0,"max_hp_gain":0,"max_hp_loss":0,"event_name":"Liars Game","floor":8,"gold_loss":0},{"damage_healed":0,"gold_gain":50,"player_choice":"Pray","damage_taken":0,"max_hp_gain":0,"max_hp_loss":0,"event_name":"Golden Shrine","floor":22,"gold_loss":0}],"is_beta":false,"boss_relics":[{"not_picked":["Empty Cage","SacredBark"],"picked":"Calling Bell"}],"items_purged_floors":[21,27],"is_endless":false,"potions_floor_spawned":[1,2,13,16,20,25,29,31],"killed_by":"Champ","ascension_level":20}}