{"host":"4pckc3u5mqcilakq","time":1613166050,"event":{"mods":["AchievementEnabler","BaseMod","Bestiary","Colored Map","Colored Powertips","Highlight Path","Minty Spire (QoL Compilation)","Quick Restart","Relic Stats"],"gold_per_floor":[110,126,138,153,153,153,184,184,184,36,64,76,86,119,119,217,217,234,234,6,6,24,54,65,98,98,98,131,144,169,180,180,278,278,278],"floor_reached":34,"language":"ENG","playtime":2698,"items_purged":["Defend_P"],"score":703,"play_id":"17b9eeab-cf7a-48c2-be49-3631a2c3c5a1","local_time":"20210213004050","is_ascension_mode":true,"campfire_choices":[{"data":"Eruption","floor":6.0,"key":"SMITH"},{"floor":15.0,"key":"REST"},{"data":"Wallop","floor":27.0,"key":"SMITH"},{"floor":32.0,"key":"REST"}],"circlet_count":0,"master_deck":["Strike_P+1","Strike_P+1","Strike_P+1","Defend_P","Defend_P+1","Defend_P","Eruption+1","Vigilance+1","Panache+1","Evaluate","Consecrate","LessonLearned+1","Wallop+1","FearNoEvil+1","Evaluate+1","FlurryOfBlows+1","SignatureMove+1","BowlingBash+1","Brilliance+1","FlurryOfBlows+1","BattleHymn+1","WindmillStrike+1","Sanctity+1","Evaluate+1","DeusExMachina"],"relics":["PureWater","Ornamental Fan","Thread and Needle","StoneCalendar","Centennial Puzzle","Philosopher\u0027s Stone","Sling","Nilry\u0027s Codex","Whetstone","Gambling Chip","Frozen Egg 2","Regal Pillow","Sundial"],"acts_visited":["Exordium","TheCity"],"potions_floor_usage":[],"damage_taken":[{"damage":0.0,"enemies":"Cultist","floor":1.0,"turns":4.0},{"damage":0.0,"enemies":"Jaw Worm","floor":2.0,"turns":5.0},{"damage":3.0,"enemies":"2 Louse","floor":3.0,"turns":2.0},{"damage":3.0,"enemies":"Blue Slaver","floor":4.0,"turns":3.0},{"damage":32.0,"enemies":"Lagavulin","floor":7.0,"turns":7.0},{"damage":3.0,"enemies":"3 Sentries","floor":11.0,"turns":6.0},{"damage":0.0,"enemies":"2 Fungi Beasts","floor":12.0,"turns":2.0},{"damage":3.0,"enemies":"Exordium Thugs","floor":13.0,"turns":4.0},{"damage":0.0,"enemies":"Lagavulin","floor":14.0,"turns":5.0},{"damage":23.0,"enemies":"Hexaghost","floor":16.0,"turns":8.0},{"damage":10.0,"enemies":"2 Thieves","floor":18.0,"turns":4.0},{"damage":1.0,"enemies":"Chosen","floor":22.0,"turns":4.0},{"damage":2.0,"enemies":"Slavers","floor":23.0,"turns":5.0},{"damage":0.0,"enemies":"Snecko","floor":24.0,"turns":1.0},{"damage":6.0,"enemies":"Book of Stabbing","floor":25.0,"turns":3.0},{"damage":0.0,"enemies":"Gremlin Leader","floor":28.0,"turns":4.0},{"damage":2.0,"enemies":"Shelled Parasite and Fungi","floor":29.0,"turns":5.0},{"damage":9.0,"enemies":"Slavers","floor":30.0,"turns":7.0},{"damage":0.0,"enemies":"Snake Plant","floor":31.0,"turns":2.0},{"damage":16.0,"enemies":"Champ","floor":33.0,"turns":7.0}],"seed_played":"8557332498267782730","potions_obtained":[{"floor":1.0,"key":"SpeedPotion"},{"floor":4.0,"key":"FearPotion"},{"floor":11.0,"key":"SkillPotion"},{"floor":13.0,"key":"PowerPotion"},{"floor":16.0,"key":"ColorlessPotion"},{"floor":18.0,"key":"LiquidMemories"},{"floor":30.0,"key":"EntropicBrew"},{"floor":31.0,"key":"BottledMiracle"},{"floor":33.0,"key":"ColorlessPotion"}],"is_trial":false,"path_per_floor":["M","M","M","M","?","R","E","?","T","$","E","M","M","E","R","B",null,"M","?","$","?","M","E","M","E","T","R","E","M","E","M","R","B",null],"character_chosen":"WATCHER","items_purchased":["FearNoEvil","BattleHymn","Sling"],"campfire_rested":2,"item_purchase_floors":[10,20,20],"current_hp_per_floor":[47,47,44,41,46,46,14,14,14,14,11,11,8,8,31,8,60,50,50,50,34,33,31,31,25,25,25,25,23,14,14,52,36,36,36],"gold":278,"neow_bonus":"RANDOM_COLORLESS_2","is_daily":false,"chose_seed":false,"campfire_upgraded":2,"win_rate":0.0,"timestamp":1613166050,"path_taken":["M","M","M","M","?","R","E","?","T","?","E","M","M","E","R","BOSS","M","?","$","?","M","E","M","E","T","R","E","M","E","M","R","BOSS"],"items_purchased_type":["Card","Card","Relic"],"build_version":"2020-12-22","purchased_purges":1,"victory":false,"max_hp_per_floor":[72,72,72,72,77,77,77,77,77,77,77,77,77,77,77,77,77,77,77,77,77,77,77,77,77,77,77,77,77,77,77,77,77,77,77],"relic_stats":{"Centennial Puzzle":[24],"Regal Pillow":15,"counters":[20,88],"Ornamental Fan":[160],"Sundial":[0],"Gambling Chip":[12],"StoneCalendar":[52],"Whetstone":["SignatureMove","LessonLearned"],"obtain_stats":[{"Regal Pillow":28,"Nilry\u0027s Codex":21,"Thread and Needle":9,"StoneCalendar":11,"Whetstone":23,"Frozen Egg 2":26,"Sling":20,"Centennial Puzzle":14,"Ornamental Fan":7,"Sundial":30,"Gambling Chip":25,"Philosopher\u0027s Stone":17,"PureWater":0},{"Regal Pillow":16,"Nilry\u0027s Codex":11,"Thread and Needle":5,"StoneCalendar":6,"Whetstone":13,"Frozen Egg 2":15,"Sling":11,"Centennial Puzzle":9,"Ornamental Fan":5,"Sundial":18,"Gambling Chip":15,"Philosopher\u0027s Stone":10,"PureWater":0},{"Regal Pillow":67,"Nilry\u0027s Codex":50,"Thread and Needle":21,"StoneCalendar":27,"Whetstone":59,"Frozen Egg 2":63,"Sling":50,"Centennial Puzzle":38,"Ornamental Fan":21,"Sundial":79,"Gambling Chip":63,"Philosopher\u0027s Stone":46,"PureWater":0}]},"card_choices":[{"not_picked":["Master of Strategy","Magnetism"],"picked":"Panache","floor":0.0},{"not_picked":["BowlingBash","FlyingSleeves"],"picked":"Evaluate","floor":1.0},{"not_picked":["Indignation","Pray"],"picked":"Consecrate","floor":2.0},{"not_picked":["Worship","Evaluate"],"picked":"LessonLearned","floor":3.0},{"not_picked":["Halt","Vengeance","WaveOfTheHand"],"picked":"SKIP","floor":4.0},{"not_picked":["CrushJoints","ForeignInfluence"],"picked":"Wallop","floor":7.0},{"not_picked":["Meditate","Protect"],"picked":"Evaluate","floor":11.0},{"not_picked":["SashWhip","Protect"],"picked":"FlurryOfBlows","floor":12.0},{"not_picked":["SashWhip","Halt"],"picked":"SignatureMove","floor":13.0},{"not_picked":["FlurryOfBlows","Crescendo"],"picked":"BowlingBash","floor":14.0},{"not_picked":["SpiritShield","ConjureBlade"],"picked":"Brilliance","floor":16.0},{"not_picked":["ReachHeaven","PathToVictory"],"picked":"FlurryOfBlows+1","floor":18.0},{"not_picked":["Protect+1","Weave+1"],"picked":"WindmillStrike+1","floor":22.0},{"not_picked":["FlurryOfBlows","WheelKick+1"],"picked":"Sanctity+1","floor":23.0},{"not_picked":["WaveOfTheHand","CrushJoints+1","FollowUp"],"picked":"SKIP","floor":24.0},{"not_picked":["SashWhip","JustLucky","FlurryOfBlows"],"picked":"SKIP","floor":25.0},{"not_picked":["Nirvana+1","EmptyMind"],"picked":"Evaluate+1","floor":28.0},{"not_picked":["FlyingSleeves","ConjureBlade","Evaluate+1"],"picked":"SKIP","floor":29.0},{"not_picked":["InnerPeace","EmptyFist","ThirdEye"],"picked":"SKIP","floor":30.0},{"not_picked":["Swivel+1","Meditate","PathToVictory+1"],"picked":"SKIP","floor":31.0},{"not_picked":["Wish","Scrawl"],"picked":"DeusExMachina","floor":33.0}],"player_experience":264251,"relics_obtained":[{"floor":7.0,"key":"Ornamental Fan"},{"floor":9.0,"key":"Thread and Needle"},{"floor":11.0,"key":"StoneCalendar"},{"floor":14.0,"key":"Centennial Puzzle"},{"floor":21.0,"key":"Nilry\u0027s Codex"},{"floor":23.0,"key":"Whetstone"},{"floor":25.0,"key":"Gambling Chip"},{"floor":26.0,"key":"Frozen Egg 2"},{"floor":28.0,"key":"Regal Pillow"},{"floor":30.0,"key":"Sundial"}],"event_choices":[{"damage_healed":0.0,"max_hp_gain":5.0,"max_hp_loss":0.0,"gold_gain":0.0,"event_name":"Big Fish","player_choice":"Donut","floor":5.0,"gold_loss":0.0,"damage_taken":0.0},{"damage_healed":0.0,"max_hp_gain":0.0,"max_hp_loss":0.0,"gold_gain":0.0,"event_name":"Shining Light","player_choice":"Ignored","floor":8.0,"gold_loss":0.0,"damage_taken":0.0},{"cards_removed":["Strike_P"],"damage_healed":0.0,"max_hp_gain":0.0,"max_hp_loss":0.0,"gold_gain":0.0,"event_name":"Back to Basics","player_choice":"Elegance","floor":19.0,"gold_loss":0.0,"damage_taken":0.0},{"damage_healed":0.0,"max_hp_gain":0.0,"max_hp_loss":0.0,"gold_gain":0.0,"event_name":"Cursed Tome","player_choice":"Obtained Book","floor":21.0,"gold_loss":0.0,"damage_taken":16.0}],"is_beta":false,"boss_relics":[{"not_picked":["Runic Dome","SacredBark"],"picked":"Philosopher\u0027s Stone"}],"items_purged_floors":[10],"is_endless":false,"potions_floor_spawned":[1,4,11,13,16,18,30,31,33],"ascension_level":8}}