{"host":"uyrebrj0204enqpc","time":1613169653,"event":{"mods":["Act Like it!","Bard","BaseMod","Block Reminder","Challenge The Spire","Colored Map","Colored Powertips","DeckTracker","Downfall","GifTheSpireLib","HexUI Lib","Highlight Path","Hubris","Minty Spire (QoL Compilation)","Pale of the Ancients","Quick Restart","Random Character Button","Relic Sorter","Relic Stats","Shop Mod","StSLib","The Blue Laboratory","The Bug Knight","The Cursed","The Jungle","The Marked","Wandering Minibosses"],"gold_per_floor":[113,131,131,101,117,117,64,64,118,118,137,62,62,95,95,95,95],"floor_reached":16,"language":"ENG","playtime":648,"items_purged":["theMarked:Strike"],"score":142,"play_id":"4e115386-d270-4751-a68d-a56ff51155a4","local_time":"20210212174053","is_ascension_mode":true,"campfire_choices":[{"data":"theMarked:OneWithTheBlade","floor":6.0,"key":"SMITH"},{"data":"theMarked:AttractMetal","floor":8.0,"key":"SMITH"},{"data":"theMarked:SoldierOfQuellstein","floor":10.0,"key":"SMITH"},{"data":"theMarked:Defend","floor":15.0,"key":"SMITH"}],"circlet_count":0,"master_deck":["theMarked:Strike","theMarked:Strike+1","theMarked:Strike","theMarked:Defend","theMarked:Defend","theMarked:Defend+1","theMarked:Defend+1","theMarked:SoldierOfQuellstein+1","theMarked:OneWithTheBlade+1","theMarked:AttractMetal+1","theMarked:Frustration"],"relics":["theMarked:ArtifactOfAir","hubris:Potato","Tiny Chest","Centennial Puzzle"],"acts_visited":["Exordium"],"potions_floor_usage":[16,16],"damage_taken":[{"damage":5.0,"enemies":"Small Slimes","floor":1.0,"turns":3.0},{"damage":7.0,"enemies":"Jaw Worm","floor":2.0,"turns":3.0},{"damage":1.0,"enemies":"Cultist","floor":5.0,"turns":3.0},{"damage":0.0,"enemies":"3 Louse","floor":11.0,"turns":3.0},{"damage":10.0,"enemies":"3 Sentries","floor":14.0,"turns":8.0},{"damage":37,"enemies":"The Guardian","floor":16,"turns":8}],"seed_played":"2600840171922463361","potions_obtained":[{"floor":1.0,"key":"Slimebound:ThreeZeroPotion"},{"floor":4.0,"key":"Slimebound:ThreeZeroPotion"},{"floor":4.0,"key":"theMarked:HoverShot"}],"is_trial":false,"path_per_floor":["M","M","?","?","M","R","?","R","T","R","M","$","?","E","R","B"],"character_chosen":"THE_DEFAULT","items_purchased":[],"campfire_rested":0,"item_purchase_floors":[],"current_hp_per_floor":[65,58,43,43,42,42,42,42,42,42,42,42,42,32,32,0,0],"gold":95,"neow_bonus":"TEN_PERCENT_HP_BONUS","is_daily":false,"chose_seed":false,"campfire_upgraded":4,"win_rate":0.0,"timestamp":1613169653,"path_taken":["M","M","?","?","?","R","?","R","T","R","M","?","?","E","R","BOSS"],"items_purchased_type":[],"build_version":"2020-12-22","purchased_purges":1,"victory":false,"max_hp_per_floor":[77,77,77,77,77,77,77,77,77,77,77,77,77,77,77,77,77],"relic_stats":{"Centennial Puzzle":[3],"counters":[6,28],"Tiny Chest":0,"obtain_stats":[{"theMarked:ArtifactOfAir":0,"Centennial Puzzle":14,"Tiny Chest":9,"hubris:Potato":7},{"theMarked:ArtifactOfAir":0,"Centennial Puzzle":5,"Tiny Chest":3,"hubris:Potato":3},{"theMarked:ArtifactOfAir":0,"Centennial Puzzle":20,"Tiny Chest":9,"hubris:Potato":9}]},"card_choices":[{"not_picked":["theMarked:Improvise","theMarked:TheMission"],"picked":"theMarked:OneWithTheBlade","floor":1.0},{"not_picked":["theMarked:WardOff","theMarked:Memento"],"picked":"theMarked:AttractMetal","floor":2.0},{"not_picked":["theMarked:RepellingDischarge","theMarked:ComboAttacks","theMarked:TunnelVision"],"picked":"SKIP","floor":5.0},{"not_picked":["theMarked:SwordAndMagic","theMarked:ResourceFulStrike","theMarked:RogueSparks"],"picked":"SKIP","floor":11.0},{"not_picked":["theMarked:KeepCalmAndFight","theMarked:Improvise","theMarked:ResourceFulStrike"],"picked":"SKIP","floor":14.0}],"player_experience":1120348,"relics_obtained":[{"floor":9.0,"key":"Tiny Chest"},{"floor":14.0,"key":"Centennial Puzzle"}],"event_choices":[{"damage_healed":0.0,"max_hp_gain":0.0,"max_hp_loss":0.0,"gold_gain":0.0,"event_name":"Shining Light","player_choice":"Entered Light","floor":3.0,"gold_loss":0.0,"damage_taken":15.0,"cards_upgraded":["theMarked:Strike","theMarked:Defend"]},{"damage_healed":0.0,"max_hp_gain":0.0,"max_hp_loss":0.0,"gold_gain":0.0,"event_name":"The Woman in Blue","player_choice":"Bought 2 Potions","floor":4.0,"gold_loss":0.0,"damage_taken":0.0},{"damage_healed":0.0,"max_hp_gain":0.0,"max_hp_loss":0.0,"gold_gain":0.0,"event_name":"WeMeetAgain","player_choice":"Paid Gold","floor":7.0,"gold_loss":53.0,"damage_taken":0.0,"relics_obtained":["hubris:Potato"]},{"damage_healed":0.0,"max_hp_gain":0.0,"max_hp_loss":0.0,"gold_gain":0.0,"cards_transformed":["theMarked:Strike"],"event_name":"Transmorgrifier","player_choice":"Transformed","floor":13.0,"gold_loss":0.0,"damage_taken":0.0,"cards_obtained":["theMarked:Frustration"]}],"is_beta":false,"boss_relics":[],"items_purged_floors":[12],"is_endless":false,"potions_floor_spawned":[1,5],"killed_by":"The Guardian","ascension_level":9}}