{"host":"lv7etzzgwahaenh9","time":1613149118,"event":{"mods":["AchievementEnabler","BaseMod","Colored Map","Colored Powertips","Highlight Path","Minty Spire (QoL Compilation)","Permanent Neow","Quick Restart","Random Character Button","StSLib"],"gold_per_floor":[109,122,133,133,194,194,221,221,221,248,264,293,5,20,20,115,115,131,150,150,150,150,181,206,234,261,68,68,87,87,87,87,186,186,203,27,40,90,104,130,130,143,143,143,173,188,208,236,236,236,236,236,0,25,25,25],"floor_reached":55,"language":"ENG","playtime":3271,"items_purged":["Strike_B","Strike_B","Defend_B"],"score":1507,"play_id":"adef130a-c19f-4cdf-ac7b-e8d7938c66a5","local_time":"20210212085838","is_ascension_mode":true,"campfire_choices":[{"data":"Streamline","floor":6.0,"key":"SMITH"},{"floor":8.0,"key":"REST"},{"floor":15,"key":"REST"},{"data":"Ghostly","floor":28,"key":"SMITH"},{"data":"Ghostly","floor":30,"key":"SMITH"},{"data":"Ghostly","floor":32,"key":"SMITH"},{"data":"Buffer","floor":41,"key":"SMITH"},{"data":"Biased Cognition","floor":44,"key":"SMITH"},{"floor":49,"key":"RECALL"},{"data":"Hologram","floor":52,"key":"SMITH"}],"circlet_count":0,"master_deck":["AscendersBane","Defend_B+1","Defend_B+1","Defend_B","Zap+1","Dualcast+1","Rebound","Hologram+1","Streamline+1","Stack+1","Barrage","Ball Lightning","The Bomb","Good Instincts","Core Surge","Buffer+1","Gash","Chill","Gash","Ghostly+1","Ghostly","Ghostly","Ghostly+1","Ghostly+1","Skim+1","Static Discharge","Cold Snap","Biased Cognition+1","Glacier","Blizzard","Undo","Cold Snap","Storm","Mayhem","Multi-Cast"],"relics":["Cracked Core","Darkstone Periapt","Cables","Omamori","Bag of Preparation","Membership Card","Calling Bell","War Paint","Ornamental Fan","Ice Cream","Blood Vial","Emotion Chip","Anchor","Bronze Scales","Boot","Strawberry","Oddly Smooth Stone","Matryoshka","Busted Crown","Mummified Hand","Peace Pipe","HornCleat","Regal Pillow","PreservedInsect","Ancient Tea Set","Happy Flower"],"acts_visited":["Exordium","TheCity","TheBeyond","TheEnding"],"potions_floor_usage":[16,19,25,33,40,42,48,50,55,55],"damage_taken":[{"damage":1.0,"enemies":"Cultist","floor":1.0,"turns":3.0},{"damage":10.0,"enemies":"Small Slimes","floor":2.0,"turns":3.0},{"damage":0.0,"enemies":"Jaw Worm","floor":3.0,"turns":3.0},{"damage":8.0,"enemies":"Gremlin Nob","floor":7.0,"turns":3.0},{"damage":10.0,"enemies":"3 Sentries","floor":10.0,"turns":5.0},{"damage":9.0,"enemies":"Large Slime","floor":11.0,"turns":4.0},{"damage":21.0,"enemies":"Lagavulin","floor":12.0,"turns":4.0},{"damage":0,"enemies":"Looter","floor":14,"turns":3},{"damage":0,"enemies":"Slime Boss","floor":16,"turns":5},{"damage":6,"enemies":"Shell Parasite","floor":18,"turns":7},{"damage":8,"enemies":"3 Byrds","floor":19,"turns":4},{"damage":3,"enemies":"Book of Stabbing","floor":23,"turns":6},{"damage":0,"enemies":"Gremlin Leader","floor":25,"turns":8},{"damage":4,"enemies":"Centurion and Healer","floor":29,"turns":9},{"damage":7,"enemies":"Champ","floor":33,"turns":11},{"damage":1,"enemies":"Orb Walker","floor":35,"turns":3},{"damage":0,"enemies":"3 Shapes","floor":37,"turns":3},{"damage":0,"enemies":"Mind Bloom Boss Battle","floor":38,"turns":7},{"damage":16,"enemies":"Maw","floor":39,"turns":8},{"damage":0,"enemies":"Reptomancer","floor":40,"turns":7},{"damage":0,"enemies":"Writhing Mass","floor":42,"turns":6},{"damage":0,"enemies":"Nemesis","floor":45,"turns":9},{"damage":0,"enemies":"Transient","floor":46,"turns":5},{"damage":0,"enemies":"4 Shapes","floor":47,"turns":8},{"damage":0,"enemies":"Reptomancer","floor":48,"turns":5},{"damage":10,"enemies":"Time Eater","floor":50,"turns":15},{"damage":0,"enemies":"Shield and Spear","floor":54,"turns":6},{"damage":46,"enemies":"The Heart","floor":55,"turns":9}],"seed_played":"-3178774788086487980","potions_obtained":[{"floor":3.0,"key":"DistilledChaos"},{"floor":7.0,"key":"ColorlessPotion"},{"floor":11.0,"key":"SteroidPotion"},{"floor":16,"key":"DistilledChaos"},{"floor":23,"key":"ColorlessPotion"},{"floor":25,"key":"LiquidMemories"},{"floor":33,"key":"Fire Potion"},{"floor":39,"key":"FearPotion"},{"floor":40,"key":"Weak Potion"},{"floor":42,"key":"GamblersBrew"},{"floor":48,"key":"Energy Potion"},{"floor":54,"key":"EssenceOfDarkness"}],"is_trial":false,"path_per_floor":["M","M","M","?","?","R","E","R","T","E","M","E","$","M","R","B",null,"M","M","?","?","?","E","T","E","T","$","R","M","R","T","R","B",null,"M","$","M","?","M","E","R","M","T","R","E","M","M","E","R","B",null,"R","$","E","B"],"character_chosen":"DEFECT","items_purchased":["Membership Card","The Bomb","Good Instincts","Strawberry","Oddly Smooth Stone","Mummified Hand","EssenceOfDarkness","Storm","Mayhem","ColorlessPotion"],"campfire_rested":2,"item_purchase_floors":[13,13,13,27,27,36,53,53,53,53],"current_hp_per_floor":[67,57,57,42,42,42,34,56,56,46,37,16,16,16,38,38,66,60,52,52,52,37,34,34,36,36,43,43,40,40,40,40,35,42,43,43,44,44,28,30,30,32,32,32,34,36,38,40,40,32,41,41,41,43,0,0],"gold":25,"neow_bonus":"UPGRADE_CARD","is_daily":false,"chose_seed":false,"campfire_upgraded":7,"win_rate":0.0,"timestamp":1613149118,"path_taken":["M","M","M","?","?","R","E","R","T","E","M","E","$","M","R","BOSS","M","M","?","?","?","E","?","E","T","?","R","M","R","?","R","BOSS","M","$","M","?","M","E","R","M","T","R","E","M","M","E","R","BOSS","R","$","E","BOSS"],"items_purchased_type":["Relic","Card","Card","Relic","Relic","Relic","Potion","Card","Card","Potion"],"build_version":"2020-12-22","purchased_purges":3,"victory":false,"max_hp_per_floor":[75,75,75,75,75,75,75,75,75,75,75,75,75,75,75,75,75,75,75,75,75,37,37,37,37,37,44,44,44,44,44,44,44,44,44,44,44,44,44,44,44,44,44,44,44,44,44,44,44,44,44,44,44,44,44,44],"card_choices":[{"not_picked":["Redo","Coolheaded"],"picked":"Rebound","floor":1.0},{"not_picked":["Compile Driver","Chaos"],"picked":"Hologram","floor":2.0},{"not_picked":["Chaos","Double Energy"],"picked":"Streamline","floor":3.0},{"not_picked":["Lockon","Gash"],"picked":"Stack","floor":7.0},{"not_picked":["Rip and Tear","Streamline"],"picked":"Barrage","floor":10.0},{"not_picked":["Beam Cell","Steam Power"],"picked":"Ball Lightning","floor":11.0},{"not_picked":["Melter","Rip and Tear","Compile Driver"],"picked":"SKIP","floor":12.0},{"not_picked":["Go for the Eyes","Rebound"],"picked":"Core Surge","floor":14},{"not_picked":["Reboot","Machine Learning"],"picked":"Buffer","floor":16},{"not_picked":["Turbo","Tempest"],"picked":"Gash","floor":18},{"not_picked":["Stack","Storm","Go for the Eyes"],"picked":"SKIP","floor":19},{"not_picked":["Scrape+1","Recycle"],"picked":"Skim+1","floor":23},{"not_picked":["Coolheaded","Steam Power"],"picked":"Static Discharge","floor":25},{"not_picked":["Rebound","Beam Cell"],"picked":"Cold Snap","floor":29},{"not_picked":["Seek","Rainbow"],"picked":"Biased Cognition","floor":33},{"not_picked":["Sunder"],"picked":"SKIP","floor":35},{"not_picked":["Hello World+1"],"picked":"SKIP","floor":37},{"not_picked":[],"picked":"Glacier","floor":38},{"not_picked":["Steam Power"],"picked":"SKIP","floor":39},{"not_picked":[],"picked":"Blizzard","floor":40},{"not_picked":[],"picked":"Undo","floor":42},{"not_picked":[],"picked":"Cold Snap","floor":45},{"not_picked":["Go for the Eyes+1"],"picked":"SKIP","floor":46},{"not_picked":["Leap+1"],"picked":"SKIP","floor":47},{"not_picked":["Steam+1"],"picked":"SKIP","floor":48},{"not_picked":[],"picked":"Multi-Cast","floor":54}],"player_experience":333070,"relics_obtained":[{"floor":7.0,"key":"Darkstone Periapt"},{"floor":9.0,"key":"Cables"},{"floor":10.0,"key":"Omamori"},{"floor":12.0,"key":"Bag of Preparation"},{"floor":17,"key":"War Paint"},{"floor":17,"key":"Ornamental Fan"},{"floor":17,"key":"Ice Cream"},{"floor":23,"key":"Emotion Chip"},{"floor":24,"key":"Anchor"},{"floor":25,"key":"Bronze Scales"},{"floor":26,"key":"Boot"},{"floor":31,"key":"Matryoshka"},{"floor":38,"key":"Peace Pipe"},{"floor":40,"key":"HornCleat"},{"floor":43,"key":"Regal Pillow"},{"floor":45,"key":"PreservedInsect"},{"floor":48,"key":"Ancient Tea Set"},{"floor":54,"key":"Happy Flower"}],"event_choices":[{"damage_healed":0.0,"max_hp_gain":0.0,"max_hp_loss":0.0,"gold_gain":0.0,"event_name":"Shining Light","player_choice":"Entered Light","floor":4.0,"gold_loss":0.0,"damage_taken":15.0,"cards_upgraded":["Dualcast","Defend_B"]},{"damage_healed":0.0,"max_hp_gain":0.0,"max_hp_loss":0.0,"gold_gain":61.0,"event_name":"Golden Wing","player_choice":"Gained Gold","floor":5.0,"gold_loss":0.0,"damage_taken":0.0},{"damage_healed":0,"gold_gain":0,"player_choice":"Stole Relic","damage_taken":0,"relics_obtained":["Blood Vial"],"max_hp_gain":0,"max_hp_loss":0,"event_name":"Addict","floor":20,"gold_loss":0,"cards_obtained":["Shame"]},{"damage_healed":0,"gold_gain":0,"cards_transformed":["Strike_B","Strike_B"],"player_choice":"Became Test Subject","damage_taken":0,"max_hp_gain":0,"max_hp_loss":0,"event_name":"Drug Dealer","floor":21,"gold_loss":0,"cards_obtained":["Chill","Gash"]},{"damage_healed":0,"gold_gain":0,"player_choice":"Became a Ghost","damage_taken":0,"max_hp_gain":0,"max_hp_loss":38,"event_name":"Ghosts","floor":22,"gold_loss":0,"cards_obtained":["Ghostly","Ghostly","Ghostly","Ghostly","Ghostly"]},{"damage_healed":0,"gold_gain":0,"player_choice":"Fight","damage_taken":0,"max_hp_gain":0,"max_hp_loss":0,"event_name":"MindBloom","floor":38,"gold_loss":0}],"is_beta":false,"boss_relics":[{"not_picked":["Nuclear Battery","Snecko Eye"],"picked":"Calling Bell"},{"not_picked":["FrozenCore","SacredBark"],"picked":"Busted Crown"}],"items_purged_floors":[27,36,53],"is_endless":false,"potions_floor_spawned":[3,7,11,16,23,25,33,39,40,42,48,54],"killed_by":"The Heart","ascension_level":10}}