{"host":"dvdvdvm357cut69v","time":1613149501,"event":{"mods":["BaseMod","Minty Spire (QoL Compilation)","StSLib"],"gold_per_floor":[111,111,123,143,9,9,9,50,50,50,65,99,99,120,120,211,211,235,82,102,102,57,57,82,82,82,102,127,127,166,181,181,181,181],"floor_reached":33,"language":"ENG","playtime":1477,"items_purged":["Injury"],"score":512,"play_id":"1d3ac4b7-5302-4c18-b006-ef96aa943fb0","local_time":"20210212200501","is_ascension_mode":true,"campfire_choices":[{"floor":6,"key":"REST"},{"floor":10,"key":"REST"},{"data":"Echo Form","floor":15,"key":"SMITH"},{"floor":23,"key":"REST"},{"data":"Fission","floor":25,"key":"SMITH"},{"floor":29,"key":"REST"},{"floor":32,"key":"REST"}],"circlet_count":0,"master_deck":["AscendersBane","Strike_B","Strike_B","Strike_B","Strike_B","Defend_B","Defend_B","Defend_B","Defend_B+1","Zap","Dualcast","Electrodynamics","Darkness","Conserve Battery","Beam Cell","Echo Form+1","Redo","Leap","Stack","Glacier","Fission+1","Self Repair+1","Leap+1","Aggregate","Rainbow","White Noise","Stack"],"relics":["Cracked Core","Golden Idol","Frozen Egg 2","White Beast Statue","Du-Vu Doll","Snecko Eye","War Paint","Dream Catcher"],"acts_visited":["Exordium","TheCity"],"potions_floor_usage":[8,16,18,20,27,30,30,33,33],"damage_taken":[{"damage":16,"enemies":"Jaw Worm","floor":1,"turns":4},{"damage":5,"enemies":"Small Slimes","floor":3,"turns":3},{"damage":7,"enemies":"2 Louse","floor":4,"turns":2},{"damage":28,"enemies":"Gremlin Nob","floor":8,"turns":4},{"damage":16,"enemies":"Lots of Slimes","floor":11,"turns":3},{"damage":12,"enemies":"Lagavulin","floor":12,"turns":6},{"damage":1,"enemies":"2 Fungi Beasts","floor":14,"turns":3},{"damage":35,"enemies":"Hexaghost","floor":16,"turns":15},{"damage":20,"enemies":"2 Thieves","floor":18,"turns":3},{"damage":2,"enemies":"Shell Parasite","floor":20,"turns":7},{"damage":15,"enemies":"Centurion and Healer","floor":24,"turns":14},{"damage":14,"enemies":"Snake Plant","floor":27,"turns":5},{"damage":30,"enemies":"Cultist and Chosen","floor":28,"turns":8},{"damage":33,"enemies":"Book of Stabbing","floor":30,"turns":7},{"damage":3,"enemies":"Snecko","floor":31,"turns":6},{"damage":64,"enemies":"Collector","floor":33,"turns":22}],"seed_played":"-949745697965211624","potions_obtained":[{"floor":1,"key":"LiquidBronze"},{"floor":3,"key":"SteroidPotion"},{"floor":11,"key":"Ancient Potion"},{"floor":14,"key":"Regen Potion"},{"floor":16,"key":"Swift Potion"},{"floor":18,"key":"ColorlessPotion"},{"floor":20,"key":"EssenceOfSteel"},{"floor":27,"key":"Swift Potion"},{"floor":30,"key":"DuplicationPotion"},{"floor":31,"key":"FearPotion"}],"is_trial":false,"path_per_floor":["M","?","M","M","$","R","?","E","T","R","M","E","?","M","R","B",null,"M","$","M","?","$","R","M","R","T","M","M","R","E","M","R","B"],"character_chosen":"DEFECT","items_purchased":["Echo Form","Redo","Self Repair+1","Aggregate"],"campfire_rested":5,"item_purchase_floors":[5,5,19,22],"current_hp_per_floor":[48,48,43,36,36,57,57,29,29,50,34,22,22,21,21,1,54,34,34,42,36,36,57,52,52,52,48,38,59,46,43,64,0,0],"gold":181,"neow_bonus":"ONE_RANDOM_RARE_CARD","is_daily":false,"chose_seed":false,"campfire_upgraded":2,"win_rate":0.0,"timestamp":1613149501,"path_taken":["M","?","M","M","$","R","?","E","T","R","M","E","?","M","R","BOSS","M","$","M","?","$","R","?","R","T","M","M","R","E","M","R","BOSS"],"items_purchased_type":["Card","Card","Card","Card"],"build_version":"2020-12-13","purchased_purges":1,"victory":false,"max_hp_per_floor":[71,71,71,71,71,71,71,71,71,71,71,71,71,71,71,71,71,71,71,71,71,71,71,71,71,71,71,71,71,71,71,71,71,71],"card_choices":[{"not_picked":["Force Field","Compile Driver"],"picked":"Darkness","floor":1},{"not_picked":["Stack","Cold Snap"],"picked":"Conserve Battery","floor":3},{"not_picked":["Streamline","Gash"],"picked":"Beam Cell","floor":4},{"not_picked":["Hello World+1","Redo"],"picked":"Leap","floor":8},{"not_picked":["Hologram","Consume"],"picked":"Stack","floor":11},{"not_picked":["All For One","Tempest"],"picked":"Glacier","floor":12},{"not_picked":["Redo","Hologram","Sweeping Beam"],"picked":"SKIP","floor":14},{"not_picked":["All For One","Echo Form+1"],"picked":"Fission","floor":16},{"not_picked":["Darkness","Coolheaded","Gash"],"picked":"SKIP","floor":18},{"not_picked":["Ball Lightning+1","Darkness"],"picked":"Leap","floor":20},{"not_picked":["Compile Driver","Consume","Steam"],"picked":"SKIP","floor":24},{"not_picked":["Compile Driver","Consume","Steam"],"picked":"SKIP","floor":24},{"not_picked":["Rebound","Steam Power"],"picked":"Rainbow","floor":27},{"not_picked":["Rebound","Turbo"],"picked":"White Noise","floor":28},{"not_picked":["Thunder Strike","Steam"],"picked":"Stack","floor":30},{"not_picked":["Genetic Algorithm","Hologram","Conserve Battery"],"picked":"SKIP","floor":31}],"player_experience":133019,"relics_obtained":[{"floor":8,"key":"Frozen Egg 2"},{"floor":9,"key":"White Beast Statue"},{"floor":12,"key":"Du-Vu Doll"},{"floor":26,"key":"War Paint"},{"floor":30,"key":"Dream Catcher"}],"event_choices":[{"damage_healed":0,"gold_gain":0,"player_choice":"Ignored","damage_taken":0,"max_hp_gain":0,"max_hp_loss":0,"event_name":"Golden Wing","floor":2,"gold_loss":0},{"damage_healed":0,"gold_gain":0,"player_choice":"Take Wound","damage_taken":0,"relics_obtained":["Golden Idol"],"max_hp_gain":0,"max_hp_loss":0,"event_name":"Golden Idol","floor":7,"gold_loss":0,"cards_obtained":["Injury"]},{"damage_healed":0,"gold_gain":0,"player_choice":"Fled","damage_taken":0,"max_hp_gain":0,"max_hp_loss":0,"event_name":"Scrap Ooze","floor":13,"gold_loss":0},{"damage_healed":0,"gold_gain":0,"player_choice":"","damage_taken":6,"max_hp_gain":0,"max_hp_loss":0,"event_name":"Knowing Skull","floor":21,"potions_obtained":[],"gold_loss":0,"cards_obtained":[]}],"is_beta":false,"boss_relics":[{"not_picked":["Busted Crown","Runic Pyramid"],"picked":"Snecko Eye"}],"items_purged_floors":[19],"is_endless":false,"potions_floor_spawned":[1,3,11,12,14,16,18,20,24,27,28,30,31],"killed_by":"Collector","ascension_level":17}}