{"host":"f2zkc2gsfwbibc34","time":1613156752,"event":{"mods":["AchievementEnabler","BaseMod","Better Note","Colored Map","Colored Powertips","Defuse TimeMaze Blight","Minty Spire (QoL Compilation)","Permanent Neow","StSLib","SuperFastMode","The Servant 0.9.4"],"gold_per_floor":[109,109,129,129,142,172,172,206,233,233,252,262,279,294,294,394,394,407,425,625,511,511,511,511],"floor_reached":23,"language":"ENG","playtime":875,"items_purged":["Defend_S"],"score":203,"play_id":"47a34c3b-da2b-4569-a5e1-2d14f4014a66","local_time":"20210212200552","is_ascension_mode":false,"campfire_choices":[{"data":"SilverBlades","floor":7,"key":"SMITH"},{"data":"Revamp","floor":10,"key":"SMITH"},{"floor":15,"key":"REST"}],"circlet_count":0,"master_deck":["Strike_S","Strike_S","Strike_S","Strike_S","Defend_S","Defend_S","Defend_S","KidneyShot","Exchange","Comet","Defy+1","KidneyShot","SilverBlades+1","FastForward+1","Revamp+1","KillingDoll","SpecialFormula","Luminosity","Advance","Sunlight","Luminosity","BestPractice"],"relics":["Uniform","Bronze Scales","Broom","Strawberry","War Paint","SlaversCollar"],"acts_visited":["Exordium","TheCity"],"potions_floor_usage":[8,13],"damage_taken":[{"damage":0,"enemies":"2 Louse","floor":1,"turns":3},{"damage":0,"enemies":"Cultist","floor":3,"turns":4},{"damage":0,"enemies":"Small Slimes","floor":5,"turns":4},{"damage":7,"enemies":"Lagavulin","floor":6,"turns":7},{"damage":24,"enemies":"3 Sentries","floor":8,"turns":9},{"damage":0,"enemies":"Blue Slaver","floor":11,"turns":2},{"damage":15,"enemies":"2 Fungi Beasts","floor":12,"turns":5},{"damage":2,"enemies":"3 Louse","floor":13,"turns":2},{"damage":10,"enemies":"Lots of Slimes","floor":14,"turns":3},{"damage":25,"enemies":"The Guardian","floor":16,"turns":11},{"damage":22,"enemies":"Spheric Guardian","floor":18,"turns":7},{"damage":8,"enemies":"Chosen","floor":19,"turns":5},{"damage":58,"enemies":"Slavers","floor":23,"turns":3}],"seed_played":"-720775187268348435","potions_obtained":[{"floor":3,"key":"DistilledChaos"},{"floor":5,"key":"ColorlessPotion"},{"floor":8,"key":"Energy Potion"},{"floor":12,"key":"Explosive Potion"}],"is_trial":false,"path_per_floor":["M","?","M","?","M","E","R","E","T","R","M","M","M","M","R","B",null,"M","M","?","$","?","E"],"character_chosen":"THE_SERVANT","items_purchased":["Luminosity"],"campfire_rested":1,"item_purchase_floors":[21],"current_hp_per_floor":[65,65,65,65,65,58,58,41,41,41,41,31,29,19,40,20,72,55,52,52,52,52,0,0],"gold":511,"neow_bonus":"THREE_CARDS","is_daily":false,"chose_seed":false,"campfire_upgraded":2,"win_rate":0.0,"timestamp":1613156752,"path_taken":["M","?","?","?","M","E","R","E","T","R","M","M","M","M","R","BOSS","M","?","?","$","?","E"],"items_purchased_type":["Card"],"build_version":"2020-12-22","purchased_purges":1,"victory":false,"max_hp_per_floor":[65,65,65,65,65,65,65,72,72,72,72,72,72,72,72,72,72,72,72,72,72,72,72,72],"card_choices":[{"not_picked":["Defy","Replace"],"picked":"Comet","floor":0},{"not_picked":["BottledTime","Rewind"],"picked":"Defy","floor":1},{"not_picked":["BottledTime","Comet"],"picked":"SilverBlades","floor":3},{"not_picked":["Ricochet","Potential"],"picked":"FastForward","floor":5},{"not_picked":["Starlight","Replace"],"picked":"Revamp","floor":6},{"not_picked":["Starlight","Spin"],"picked":"KillingDoll","floor":8},{"not_picked":["Revamp","ReturningBlade"],"picked":"SpecialFormula","floor":11},{"not_picked":["Alleviate","ShatteredReality","Shuttle"],"picked":"SKIP","floor":12},{"not_picked":["Replace","Barrier"],"picked":"Luminosity","floor":13},{"not_picked":["Rearm","ShatteredReality"],"picked":"Advance","floor":14},{"not_picked":["Deny","PendulumOfEternity"],"picked":"Sunlight","floor":16},{"not_picked":["FanOfKnives+1","Unruled","Starlight"],"picked":"SKIP","floor":18},{"not_picked":["Starlight","Revamp","Spin+1"],"picked":"SKIP","floor":19}],"player_experience":99029,"relics_obtained":[{"floor":6,"key":"Broom"},{"floor":8,"key":"Strawberry"},{"floor":9,"key":"War Paint"}],"event_choices":[{"damage_healed":0,"gold_gain":0,"player_choice":"1 cards matched","damage_taken":0,"max_hp_gain":0,"max_hp_loss":0,"event_name":"Match and Keep!","floor":2,"gold_loss":0,"cards_obtained":["KidneyShot"]},{"damage_healed":0,"gold_gain":0,"player_choice":"Gave Potion","damage_taken":0,"relics_obtained":["Bronze Scales"],"max_hp_gain":0,"max_hp_loss":0,"event_name":"WeMeetAgain","floor":4,"gold_loss":0},{"damage_healed":0,"gold_gain":200,"player_choice":"Gold","damage_taken":0,"max_hp_gain":0,"max_hp_loss":0,"event_name":"Wheel of Change","floor":20,"gold_loss":0},{"damage_healed":0,"gold_gain":0,"player_choice":"1 cards matched","damage_taken":0,"max_hp_gain":0,"max_hp_loss":0,"event_name":"Match and Keep!","floor":22,"gold_loss":0,"cards_obtained":["BestPractice"]}],"is_beta":false,"boss_relics":[{"not_picked":["Calling Bell","Cursed Key"],"picked":"SlaversCollar"}],"items_purged_floors":[21],"is_endless":false,"potions_floor_spawned":[3,5,8,12],"killed_by":"Slavers","ascension_level":0}}