{"host":"a464imauj9yqom7y","time":1613097780,"event":{"mods":["AchievementEnabler","BaseMod","Better Altar","Better Match","Better Note","Better Sensory Stone","Better Skull","BetterRewards","ChefMod","Colored Map","Colored Powertips","Hermit","Minty Spire (QoL Compilation)","Rare Cards Sparkle","Robot Space Explorer","Somnambulant","StSLib","The Marked","The Runesmith","TheBandit"],"gold_per_floor":[117,129,144,157,168,198,198,211,211,223,235,264,276,301,313,425,437,466,478,415,427,451,463,486,498,537,561,573,601,624,652,664,771,783,811,823,849,861,923,935,758,758,784,799,799,799,294,323,323,323],"floor_reached":51,"language":"ENG","playtime":2824,"items_purged":["Survivor","Regret"],"score":783,"play_id":"1cfd4450-4c7a-4c90-a173-c0864d508f69","local_time":"20210211204300","is_ascension_mode":false,"campfire_choices":[{"data":"Predator","floor":7,"key":"SMITH"},{"floor":10,"key":"DIG"},{"floor":15,"key":"REST"},{"data":"Blade Dance","floor":23,"key":"SMITH"},{"data":"Cloak And Dagger","floor":25,"key":"SMITH"},{"data":"Blade Dance","floor":28,"key":"SMITH"},{"floor":32,"key":"REST"},{"data":"Storm of Steel","floor":40,"key":"SMITH"},{"data":"Glass Knife","floor":42,"key":"SMITH"},{"floor":46,"key":"REST"},{"data":"Apotheosis","floor":49,"key":"SMITH"}],"circlet_count":0,"master_deck":["Strike_G+1","Strike_G+1","Strike_G+1","Strike_G+1","Defend_G+1","Defend_G+1","Defend_G+1","Defend_G+1","Neutralize","Sucker Punch","Unload","Backflip","Calculated Gamble","Dagger Spray","Predator+1","Dagger Throw","Flying Knee","Glass Knife+1","Blade Dance+1","Tools of the Trade","Blade Dance+1","Cloak And Dagger+1","Dagger Throw+1","Flying Knee+1","Venomology","Dash+1","Storm of Steel+1","Prepared+1","Flying Knee+1","Apotheosis+1","Finisher+1","Quick Slash+1","Distraction","Prepared","Finesse","Cloak And Dagger+1"],"relics":["Ring of the Snake","Nunchaku","Shovel","MawBank","Mummified Hand","WristBlade","Regal Pillow","Cursed Key","Incense Burner","Membership Card","MealTicket","Orrery","Vajra","FossilizedHelix","Potion Belt"],"acts_visited":["Exordium","TheCity","TheBeyond"],"potions_floor_usage":[6,16,24,31,31,33,33,37,37,45,48,50,50],"damage_taken":[{"damage":0,"enemies":"2 Louse","floor":1,"turns":4},{"damage":0,"enemies":"Small Slimes","floor":2,"turns":4},{"damage":0,"enemies":"Jaw Worm","floor":3,"turns":4},{"damage":0,"enemies":"Looter","floor":4,"turns":4},{"damage":5,"enemies":"Exordium Wildlife","floor":5,"turns":5},{"damage":26,"enemies":"3 Sentries","floor":6,"turns":6},{"damage":10,"enemies":"Large Slime","floor":8,"turns":5},{"damage":11,"enemies":"3 Louse","floor":12,"turns":2},{"damage":18,"enemies":"Exordium Wildlife","floor":14,"turns":3},{"damage":0,"enemies":"Slime Boss","floor":16,"turns":8},{"damage":5,"enemies":"3 Byrds","floor":18,"turns":4},{"damage":0,"enemies":"Spheric Guardian","floor":22,"turns":2},{"damage":12,"enemies":"Centurion and Healer","floor":24,"turns":3},{"damage":3,"enemies":"Snecko","floor":27,"turns":3},{"damage":8,"enemies":"Snake Plant","floor":29,"turns":4},{"damage":3,"enemies":"Cultist and Chosen","floor":30,"turns":4},{"damage":4,"enemies":"Snecko","floor":31,"turns":4},{"damage":48,"enemies":"Champ","floor":33,"turns":9},{"damage":26,"enemies":"3 Darklings","floor":35,"turns":4},{"damage":0,"enemies":"Orb Walker","floor":37,"turns":2},{"damage":0,"enemies":"Mind Bloom Boss Battle","floor":39,"turns":6},{"damage":0,"enemies":"Transient","floor":44,"turns":5},{"damage":0,"enemies":"4 Shapes","floor":45,"turns":1},{"damage":0,"enemies":"Giant Head","floor":48,"turns":5},{"damage":36,"enemies":"Donu and Deca","floor":50,"turns":7}],"seed_played":"2336885849797934197","potions_obtained":[{"floor":1,"key":"FearPotion"},{"floor":3,"key":"Regen Potion"},{"floor":8,"key":"LiquidMemories"},{"floor":12,"key":"PowerPotion"},{"floor":24,"key":"Block Potion"},{"floor":30,"key":"SmokeBomb"},{"floor":31,"key":"SteroidPotion"},{"floor":35,"key":"ColorlessPotion"},{"floor":48,"key":"Weak Potion"}],"is_trial":false,"path_per_floor":["M","M","M","M","M","E","R","M","T","R","$","M","?","M","R","B",null,"M","?","?","?","M","R","M","R","T","M","R","M","M","M","R","B",null,"M","$","M","?","?","R","$","R","T","M","M","R","$","E","R","B",null],"character_chosen":"THE_SILENT","items_purchased":["Membership Card","Apotheosis","Orrery","Vajra","AttackPotion","Finesse","FossilizedHelix"],"campfire_rested":3,"item_purchase_floors":[41,47,47,47,47,47,47],"current_hp_per_floor":[70,70,70,70,65,51,51,41,41,41,41,30,30,12,33,33,70,65,65,65,65,65,65,53,53,53,50,50,42,39,35,70,22,70,44,44,44,44,44,44,44,44,44,44,44,66,66,66,66,30],"gold":323,"neow_bonus":"RANDOM_COMMON_RELIC","is_daily":false,"chose_seed":false,"campfire_upgraded":7,"win_rate":0.0,"timestamp":1613097780,"path_taken":["M","M","M","M","M","E","R","M","T","R","$","M","?","M","R","BOSS","M","?","?","?","M","R","M","R","T","M","R","?","M","M","R","BOSS","M","$","M","?","?","R","?","R","T","?","M","R","$","E","R","BOSS"],"items_purchased_type":["Relic","Card","Relic","Relic","Potion","Card","Relic"],"build_version":"2020-12-22","purchased_purges":2,"victory":true,"max_hp_per_floor":[70,70,70,70,70,70,70,70,70,70,70,70,70,70,70,70,70,70,70,70,70,70,70,70,70,70,70,70,70,70,70,70,70,70,70,70,70,66,66,66,66,66,66,66,66,66,66,66,66,66],"card_choices":[{"not_picked":["Leg Sweep","Footwork"],"picked":"Sucker Punch","floor":1},{"not_picked":["Deflect","Dagger Throw"],"picked":"Unload","floor":2},{"not_picked":["Bouncing Flask","All Out Attack"],"picked":"Backflip","floor":3},{"not_picked":["Well Laid Plans","PiercingWail"],"picked":"Calculated Gamble","floor":4},{"not_picked":["Well Laid Plans","Caltrops"],"picked":"Dagger Spray","floor":5},{"not_picked":["Dodge and Roll","Prepared"],"picked":"Predator","floor":6},{"not_picked":["Blade Dance","Deflect"],"picked":"Dagger Throw","floor":8},{"not_picked":["Sucker Punch","Cloak And Dagger"],"picked":"Flying Knee","floor":12},{"not_picked":["Endless Agony","Footwork"],"picked":"Blade Dance","floor":14},{"not_picked":["Bullet Time","After Image"],"picked":"Tools of the Trade","floor":16},{"not_picked":["Sucker Punch","Poisoned Stab"],"picked":"Blade Dance","floor":18},{"not_picked":["Poisoned Stab","Leg Sweep","Expertise"],"picked":"SKIP","floor":22},{"not_picked":["Poisoned Stab","Predator+1"],"picked":"Cloak And Dagger","floor":24},{"not_picked":["Deflect","Eviscerate"],"picked":"Dagger Throw+1","floor":27},{"not_picked":["Deflect","Deadly Poison"],"picked":"Flying Knee+1","floor":29},{"not_picked":["Dodge and Roll","PiercingWail"],"picked":"Venomology","floor":30},{"not_picked":["Outmaneuver","Slice"],"picked":"Dash+1","floor":31},{"not_picked":["Bullet Time","Tools of the Trade"],"picked":"Storm of Steel","floor":33},{"not_picked":["Dagger Spray","Dagger Throw"],"picked":"Prepared+1","floor":35},{"not_picked":["Riddle With Holes","Prepared","Footwork"],"picked":"SKIP","floor":37},{"not_picked":["Poisoned Stab","Dagger Spray"],"picked":"Flying Knee+1","floor":39},{"not_picked":["Outmaneuver","Flying Knee+1","Leg Sweep"],"picked":"SKIP","floor":44},{"not_picked":["Underhanded Strike+1","Skewer"],"picked":"Finisher+1","floor":47},{"not_picked":["Well Laid Plans","Prepared+1"],"picked":"Quick Slash+1","floor":47},{"not_picked":["PiercingWail","Well Laid Plans"],"picked":"Distraction","floor":47},{"not_picked":["Heel Hook+1","Bane+1"],"picked":"Prepared","floor":47},{"not_picked":["Blur+1","Prepared"],"picked":"Cloak And Dagger+1","floor":48}],"player_experience":65177,"relics_obtained":[{"floor":6,"key":"Shovel"},{"floor":9,"key":"MawBank"},{"floor":10,"key":"Mummified Hand"},{"floor":26,"key":"Regal Pillow"},{"floor":39,"key":"Incense Burner"},{"floor":43,"key":"MealTicket"},{"floor":48,"key":"Potion Belt"}],"event_choices":[{"damage_healed":0,"gold_gain":0,"cards_transformed":["Defend_G"],"player_choice":"Change","damage_taken":0,"max_hp_gain":0,"max_hp_loss":0,"event_name":"Living Wall","floor":13,"gold_loss":0,"cards_obtained":["Glass Knife"]},{"damage_healed":0,"gold_gain":0,"player_choice":"Ignored","damage_taken":0,"max_hp_gain":0,"max_hp_loss":0,"event_name":"betterNote:BetterNote","floor":19,"gold_loss":0,"cards_obtained":["Strike_P"]},{"cards_removed":["Strike_G"],"damage_healed":0,"gold_gain":0,"player_choice":"Gave Gold","damage_taken":0,"max_hp_gain":0,"max_hp_loss":0,"event_name":"Beggar","floor":20,"gold_loss":75},{"damage_healed":0,"gold_gain":0,"player_choice":"Simplicity","damage_taken":0,"max_hp_gain":0,"max_hp_loss":0,"event_name":"Back to Basics","floor":21,"gold_loss":0,"cards_upgraded":["Strike_G","Strike_G","Strike_G","Strike_G","Defend_G","Defend_G","Defend_G","Defend_G"]},{"damage_healed":0,"gold_gain":0,"player_choice":"Max HP","damage_taken":0,"max_hp_gain":0,"max_hp_loss":4,"event_name":"Winding Halls","floor":38,"gold_loss":0},{"damage_healed":0,"gold_gain":0,"player_choice":"Fight","damage_taken":0,"max_hp_gain":0,"max_hp_loss":0,"event_name":"MindBloom","floor":39,"gold_loss":0}],"is_beta":false,"boss_relics":[{"not_picked":["Black Star","Astrolabe"],"picked":"WristBlade"},{"not_picked":["Runic Dome","Snecko Eye"],"picked":"Cursed Key"}],"items_purged_floors":[41,47],"is_endless":false,"potions_floor_spawned":[1,3,8,12,14,24,30,31,35,48],"ascension_level":0}}