{"host":"hpn0uxah5qjr7pa6","time":1613113695,"event":{"mods":["2.2 Compatiblity","Act Like it!","Aspiration","BaseMod","Better Third Choice","BetterRewards","Challenge The Spire","Colored Powertips","Conspire","DeckTracker","Downfall","Energized Spire","Hallownest","Hermit","Highlight Path","Hubris","Infinite Spire","Minty Spire (QoL Compilation)","Permanent Neow","Quick Restart","Rare Cards Sparkle","Replay The Spire","Spicy Shops","StSLib","The Bug Knight","The Jungle"],"gold_per_floor":[113,129,147,157,157,172,172,172,172,96,111,111,143,128,128,230,230,248,262,279,279,264,264,264,264,280,311,324,324,474,489,489,489,489,489],"floor_reached":33,"language":"ENG","playtime":1087,"items_purged":[],"score":412,"play_id":"88d1b0de-901a-4c64-8acf-70690866a085","local_time":"20210211230815","is_ascension_mode":true,"campfire_choices":[{"floor":9,"key":"REST"},{"floor":12,"key":"REST"},{"data":"bronze:ChosenStrike","floor":15,"key":"SMITH"},{"floor":23,"key":"REST"},{"floor":29,"key":"REST"},{"floor":32,"key":"REST"}],"circlet_count":0,"master_deck":["bronze:Strike","bronze:Strike","bronze:Strike","bronze:Strike","bronze:Defend","bronze:Defend","bronze:Defend","bronze:Defend","bronze:Replicate","bronze:Branch","bronze:Shield","bronze:OilSpill","bronze:DigitalCarnage+1","bronze:ChosenStrike+1","bronze:BronzeOrb","bronze:OilSpill"],"relics":["bronze:BronzeCore","conspire:Dentures","Snecko Heart","Letter Opener","Omamori"],"acts_visited":["Exordium","TheCity"],"potions_floor_usage":[11,16,16,20,22,27,31,33],"damage_taken":[{"damage":3,"enemies":"Jaw Worm","floor":1,"turns":6},{"damage":9,"enemies":"Small Slimes","floor":2,"turns":4},{"damage":0,"enemies":"Cultist","floor":3,"turns":4},{"damage":8,"enemies":"Blue Slaver","floor":4,"turns":3},{"damage":0,"enemies":"Large Slime","floor":6,"turns":6},{"damage":0,"enemies":"downfall:FleeingMerchant","floor":10,"turns":4},{"damage":14,"enemies":"Red Slaver","floor":11,"turns":5},{"damage":0,"enemies":"Gremlin Nob","floor":13,"turns":3},{"damage":0,"enemies":"downfall:FleeingMerchant","floor":14,"turns":4},{"damage":34,"enemies":"DF_ARCHETYPE_STREAMLINE","floor":16,"turns":8},{"damage":4,"enemies":"Chosen","floor":18,"turns":2},{"damage":16,"enemies":"Centurion and Healer","floor":19,"turns":4},{"damage":10,"enemies":"Snecko","floor":20,"turns":5},{"damage":0,"enemies":"downfall:FleeingMerchant","floor":22,"turns":4},{"damage":13,"enemies":"3 Cultists","floor":26,"turns":4},{"damage":28,"enemies":"conspire:Head Lice","floor":27,"turns":4},{"damage":20,"enemies":"Chosen and Byrds","floor":28,"turns":5},{"damage":22,"enemies":"Snake Plant","floor":31,"turns":4},{"damage":34,"enemies":"SI_MIRROR_ARCHETYPE","floor":33,"turns":8}],"seed_played":"789735567186201476","potions_obtained":[{"floor":6,"key":"PowerPotion"},{"floor":11,"key":"hexamod:SoulburnPotion"},{"floor":13,"key":"SpeedPotion"},{"floor":18,"key":"Adrenaline Potion"},{"floor":19,"key":"Block Potion"},{"floor":26,"key":"LiquidBronze"},{"floor":28,"key":"Weak Potion"},{"floor":31,"key":"GamblersBrew"}],"is_trial":false,"path_per_floor":["M","M","M","M","?","M","T","?","R","$","M","R","E","$","R","B",null,"M","M","M","?","$","R","T","?","M","E","M","R","?","M","R","B"],"character_chosen":"THE_AUTOMATON","items_purchased":["bronze:DigitalCarnage+1"],"campfire_rested":5,"item_purchase_floors":[10],"current_hp_per_floor":[67,58,58,50,50,50,50,50,73,73,59,77,77,77,77,43,69,65,49,39,39,39,62,62,65,52,24,4,28,28,6,30,0,0,0],"gold":489,"neow_bonus":"TEN_PERCENT_HP_BONUS","is_daily":false,"chose_seed":false,"campfire_upgraded":1,"win_rate":0.0,"timestamp":1613113695,"path_taken":["M","M","M","M","?","M","T","?","R","$","M","R","E","$","R","BOSS","M","M","M","?","$","R","T","?","M","E","M","R","?","M","R","BOSS"],"items_purchased_type":["Card"],"build_version":"2020-12-22","purchased_purges":0,"victory":false,"max_hp_per_floor":[77,77,77,77,77,77,77,77,77,77,77,77,77,77,77,77,77,77,77,77,77,77,77,77,80,80,80,80,80,80,80,80,80,80,80],"card_choices":[{"not_picked":["bronze:CloningBeam","bronze:DelayedGuard","bronze:Return"],"picked":"SKIP","floor":1},{"not_picked":["bronze:ChildClass","bronze:CloningBeam"],"picked":"bronze:Branch","floor":2},{"not_picked":["bronze:WildBeam","bronze:BugBarrage","bronze:Repair"],"picked":"SKIP","floor":3},{"not_picked":["bronze:ForceShield","bronze:ChildClass","bronze:Turbo"],"picked":"SKIP","floor":4},{"not_picked":["bronze:Assembly","bronze:GetLatest","bronze:DelayedSlice"],"picked":"SKIP","floor":6},{"not_picked":["bronze:Repair","bronze:AlphaBuild"],"picked":"bronze:OilSpill","floor":10},{"not_picked":["bronze:DelayedGuard","bronze:WhirlingStrike","bronze:Repair"],"picked":"SKIP","floor":11},{"not_picked":["bronze:BuggyMess","bronze:MaxOutput"],"picked":"bronze:ChosenStrike","floor":13},{"not_picked":["bronze:CutThrough","bronze:BuggyMess","bronze:Refactor"],"picked":"SKIP","floor":14},{"not_picked":["bronze:CutThrough","bronze:Separator","bronze:Refactor"],"picked":"SKIP","floor":18},{"not_picked":["bronze:Overheat","bronze:Repair"],"picked":"bronze:BronzeOrb","floor":19},{"not_picked":["bronze:Iterate+1","bronze:Shield+1"],"picked":"bronze:OilSpill","floor":20},{"not_picked":["bronze:Constructor","bronze:CutThrough","bronze:Separator"],"picked":"SKIP","floor":22},{"not_picked":["bronze:Constructor","bronze:Deprecate+1","bronze:BitShift"],"picked":"SKIP","floor":26},{"not_picked":["bronze:MaxOutput","bronze:Terminator","bronze:Frontload"],"picked":"SKIP","floor":27},{"not_picked":["bronze:DigitalCarnage","bronze:CloningBeam+1","bronze:CutThrough"],"picked":"SKIP","floor":28},{"not_picked":["bronze:GetLatest","bronze:Boost","bronze:Overload"],"picked":"SKIP","floor":31}],"player_experience":225407,"relics_obtained":[{"floor":7,"key":"conspire:Dentures"},{"floor":13,"key":"Orichalcum"},{"floor":24,"key":"Letter Opener"},{"floor":27,"key":"Omamori"}],"event_choices":[{"damage_healed":0,"gold_gain":0,"cards_transformed":["bronze:Goto"],"player_choice":"Change","damage_taken":0,"max_hp_gain":0,"max_hp_loss":0,"event_name":"Living Wall","floor":5,"gold_loss":0,"cards_obtained":["bronze:Shield"]},{"damage_healed":0,"gold_gain":0,"player_choice":"Leave","damage_taken":0,"max_hp_gain":0,"max_hp_loss":0,"event_name":"conspire:Investor","floor":8,"gold_loss":0}],"is_beta":false,"boss_relics":[{"not_picked":["hubris:TerracottaHorce","aspiration:RitualDagger"],"picked":"Snecko Heart"}],"items_purged_floors":[],"is_endless":false,"potions_floor_spawned":[6,11,13,18,19,26,28,31],"killed_by":"SI_MIRROR_ARCHETYPE","ascension_level":8}}