{"host":"8is2j71l4wmybkoi","time":1613134242,"event":{"mods":["AchievementEnabler","BaseMod","Colored Map","DeckTracker","Minty Spire (QoL Compilation)","Rare Cards Sparkle","Relic Stats","Replay The Spire","StSLib","SuperFastMode"],"gold_per_floor":[114,124,138,155,155,155,11,11,36,46,70,70,88,98,131,148,148,244,244,256,267,55,154,168,198,198,198,198,213,223,223,237,251,251,348,348,359,359,371,386,396,396,396],"floor_reached":42,"language":"KOR","playtime":1943,"items_purged":["Strike_R"],"score":513,"play_id":"21595f6c-c3ba-4656-a5c7-5de99559225e","local_time":"20210212215042","is_ascension_mode":false,"campfire_choices":[{"data":"Bludgeon","floor":8,"key":"SMITH"},{"data":"Eruption","floor":17,"key":"SMITH"},{"floor":26,"key":"REST"},{"floor":31,"key":"REST"},{"data":"1","floor":34,"key":"LIFT"}],"circlet_count":0,"master_deck":["Strike_R","Strike_R","Strike_R","Strike_R","Defend_R","Defend_R","Defend_R","Defend_R","Survivor","Defend_R","ReplayTheSpireMod:Strike From Hell","ReplayTheSpireMod:Stacked","Bludgeon+1","Demon Form","Shrug It Off","Eruption+1","Replay:Undeath\u0027s Touch","Immolate","Limit Break","CommonCold","Amnesia","Clumsy","Heavy Blade+1","Power Through","Mayhem+1","Eclipse","Bloodletting","Reaper","Flex+1","Inflame","Rupture+1"],"relics":["Blue Doll","Replay:Bottled Flurry","Regal Pillow","Replay:M_SmolderingBlood","King of Hearts","Replay:Ancient Bell","Happy Flower","Blue Candle","Girya","Blood Vial","Ice Cream","Painkiller Herb"],"acts_visited":["Exordium","TheCity","TheBeyond"],"potions_floor_usage":[10,14,15,16,20,21,24,30,33,35,42],"damage_taken":[{"damage":5.0,"enemies":"Small Slimes","floor":1.0,"turns":4.0},{"damage":1.0,"enemies":"2 Louse","floor":2.0,"turns":3.0},{"damage":3,"enemies":"Jaw Worm","floor":3,"turns":3},{"damage":15,"enemies":"Exordium Thugs","floor":4,"turns":4},{"damage":16,"enemies":"Replay:BlueRogue","floor":9,"turns":4},{"damage":14,"enemies":"Gremlin Gang","floor":10,"turns":5},{"damage":0,"enemies":"Red Slaver","floor":13,"turns":3},{"damage":6,"enemies":"Exordium Thugs","floor":14,"turns":4},{"damage":0,"enemies":"Gremlin Nob","floor":15,"turns":2},{"damage":16,"enemies":"Lots of Slimes","floor":16,"turns":3},{"damage":6,"enemies":"The Guardian","floor":18,"turns":10},{"damage":5,"enemies":"Chosen","floor":20,"turns":4},{"damage":15,"enemies":"3 Byrds","floor":21,"turns":5},{"damage":28,"enemies":"Cultist and Chosen","floor":24,"turns":7},{"damage":38,"enemies":"Book of Stabbing","floor":25,"turns":6},{"damage":20,"enemies":"3 Cultists","floor":29,"turns":5},{"damage":22,"enemies":"Shelled Parasite and Fungi","floor":30,"turns":5},{"damage":11,"enemies":"Centurion and Healer","floor":32,"turns":5},{"damage":7,"enemies":"3 Cultists","floor":33,"turns":4},{"damage":62,"enemies":"Champ","floor":35,"turns":11},{"damage":32,"enemies":"3 Darklings","floor":37,"turns":5},{"damage":4,"enemies":"Orb Walker","floor":39,"turns":2},{"damage":28,"enemies":"Sphere and 2 Shapes","floor":40,"turns":6},{"damage":73,"enemies":"Transient","floor":41,"turns":5},{"damage":27,"enemies":"Nemesis","floor":42,"turns":3}],"seed_played":"3877439009481602713","potions_obtained":[{"floor":2.0,"key":"Fruit Juice"},{"floor":4,"key":"PowerPotion"},{"floor":10,"key":"Flashbang"},{"floor":13,"key":"SkillPotion"},{"floor":14,"key":"Swift Potion"},{"floor":16,"key":"Cursed Concoction"},{"floor":18,"key":"SkillPotion"},{"floor":20,"key":"DuplicationPotion"},{"floor":21,"key":"Elixir"},{"floor":29,"key":"Explosive Potion"},{"floor":33,"key":"BloodPotion"},{"floor":41,"key":"DistilledChaos"}],"is_trial":false,"path_per_floor":["M","M","M","M","PTL","PTL","$","R","E","M","T","?","M","M","E","M","R","B",null,"M","M","$","?","M","E","R","?","T","M","M","R","M","M","R","B",null,"?","?","?","?","?","E"],"character_chosen":"IRONCLAD","items_purchased":["Blue Doll","Mayhem+1"],"campfire_rested":2,"item_purchase_floors":[7,22],"current_hp_per_floor":[96,96,96,87,87,87,87,87,77,69,69,69,69,68,68,52,52,46,101,96,81,81,81,53,15,60,60,60,42,22,67,58,53,53,13,101,93,93,91,73,16,0,0],"gold":396,"neow_bonus":"TWENTY_PERCENT_HP_BONUS","is_daily":false,"chose_seed":false,"campfire_upgraded":2,"win_rate":0.0,"timestamp":1613134242,"path_taken":["M","M","M","M","PTL","PTL","$","R","E","M","T","?","M","M","E","M","R","BOSS","M","M","$","?","M","E","R","?","T","M","M","R","M","M","R","BOSS","?","?","?","?","?","E"],"items_purchased_type":["Relic","Card"],"build_version":"2020-12-22","purchased_purges":1,"victory":false,"max_hp_per_floor":[96,96,96,96,96,96,96,96,96,96,96,96,96,101,101,101,101,101,101,101,101,101,101,101,101,101,101,101,101,101,101,101,101,101,101,101,101,101,101,101,101,101,101],"relic_stats":{"Blood Vial":18,"Regal Pillow":30,"Happy Flower":[24],"counters":[25,118],"Blue Candle":[20],"obtain_stats":[{"Ice Cream":28,"Girya":19,"Regal Pillow":11,"Happy Flower":19,"Blue Candle":19,"Blue Doll":7,"Painkiller Herb":36,"King of Hearts":15,"Replay:Ancient Bell":19,"Burning Blood":0,"Blood Vial":25,"Replay:M_SmolderingBlood":12,"Replay:Bottled Flurry":9},{"Ice Cream":15,"Girya":11,"Regal Pillow":6,"Happy Flower":11,"Blue Candle":11,"Blue Doll":4,"Painkiller Herb":20,"King of Hearts":9,"Replay:Ancient Bell":11,"Burning Blood":0,"Blood Vial":15,"Replay:M_SmolderingBlood":6,"Replay:Bottled Flurry":5},{"Ice Cream":67,"Girya":45,"Regal Pillow":23,"Happy Flower":45,"Blue Candle":45,"Blue Doll":14,"Painkiller Herb":97,"King of Hearts":32,"Replay:Ancient Bell":45,"Burning Blood":0,"Blood Vial":67,"Replay:M_SmolderingBlood":23,"Replay:Bottled Flurry":18}]},"card_choices":[{"not_picked":["Iron Wave","Pommel Strike"],"picked":"ReplayTheSpireMod:Strike From Hell","floor":1.0},{"not_picked":["ReplayTheSpireMod:Strike From Hell","Perfected Strike"],"picked":"ReplayTheSpireMod:Stacked","floor":2.0},{"not_picked":["Anger","ReplayTheSpireMod:Strike From Hell"],"picked":"Bludgeon","floor":3},{"not_picked":["Heavy Blade","Armaments","Iron Wave"],"picked":"SKIP","floor":4},{"not_picked":["Flex","Massacre"],"picked":"Demon Form","floor":9},{"not_picked":["Feel No Pain","Wild Strike"],"picked":"Shrug It Off","floor":10},{"not_picked":["Clash","True Grit"],"picked":"Replay:Undeath\u0027s Touch","floor":13},{"not_picked":["ReplayTheSpireMod:Strike From Hell","Havoc","Halt"],"picked":"SKIP","floor":14},{"not_picked":["Flex","Clothesline"],"picked":"Immolate","floor":15},{"not_picked":["Rupture","True Grit","Searing Blow"],"picked":"SKIP","floor":16},{"not_picked":["Exhume","Brutality"],"picked":"Limit Break","floor":18},{"not_picked":["Spreading Infection","Normality"],"picked":"CommonCold","floor":19},{"not_picked":["Injury","Writhe"],"picked":"Amnesia","floor":19},{"not_picked":["Parasite","ReplayTheSpireMod:Doomed"],"picked":"Clumsy","floor":19},{"not_picked":["Pummel","Wild Strike"],"picked":"Heavy Blade+1","floor":20},{"not_picked":["Thunderclap","ReplayTheSpireMod:Muscle Training"],"picked":"Power Through","floor":21},{"not_picked":["ReplayTheSpireMod:Stacked","Twin Strike"],"picked":"Eclipse","floor":24},{"not_picked":["Cleave","Heavy Blade+1","Perfected Strike"],"picked":"SKIP","floor":25},{"not_picked":["Perfected Strike","Headbutt+1","Heavy Blade"],"picked":"SKIP","floor":29},{"not_picked":["Flame Barrier","Feel No Pain"],"picked":"Bloodletting","floor":30},{"not_picked":["Hemokinesis","Headbutt+1","Thunderclap"],"picked":"SKIP","floor":32},{"not_picked":["Metallicize+1","Flex","Iron Wave+1"],"picked":"SKIP","floor":33},{"not_picked":["Immolate","Fiend Fire"],"picked":"Reaper","floor":35},{"not_picked":["Body Slam+1","Heavy Blade"],"picked":"Flex+1","floor":37},{"not_picked":["Clothesline+1","Anger+1"],"picked":"Inflame","floor":39},{"not_picked":["Bloodletting+1","Replay:Undeath\u0027s Touch","Run Through"],"picked":"SKIP","floor":40},{"not_picked":["ReplayTheSpireMod:Strike From Hell","Replay:Undeath\u0027s Touch+1"],"picked":"Rupture+1","floor":41}],"player_experience":1156571,"relics_obtained":[{"floor":9,"key":"Replay:Bottled Flurry"},{"floor":11,"key":"Regal Pillow"},{"floor":15,"key":"King of Hearts"},{"floor":25,"key":"Blood Vial"},{"floor":28,"key":"Ice Cream"}],"event_choices":[{"damage_healed":0,"gold_gain":99,"player_choice":"Stole From Cult","damage_taken":0,"max_hp_gain":0,"max_hp_loss":0,"event_name":"Nest","floor":23,"gold_loss":0},{"damage_healed":0,"gold_gain":0,"player_choice":"Ignored","damage_taken":0,"max_hp_gain":0,"max_hp_loss":0,"event_name":"Ghosts","floor":27,"gold_loss":0},{"damage_healed":0,"gold_gain":0,"player_choice":"Ignored","damage_taken":0,"max_hp_gain":0,"max_hp_loss":0,"event_name":"Tomb of Lord Red Mask","floor":38,"gold_loss":0}],"is_beta":false,"boss_relics":[{"not_picked":["Astrolabe","Ectoplasm"],"picked":"Replay:Ancient Bell"},{"not_picked":["Replay:Mystery Machine","Juzu Bracelet"],"picked":"Happy Flower"},{"not_picked":["Self Forming Clay","The Courier"],"picked":"Blue Candle"},{"not_picked":["CaptainsWheel","Pocketwatch"],"picked":"Girya"},{"not_picked":["Runic Dome","Replay:Drink Me"],"picked":"Painkiller Herb"}],"items_purged_floors":[22],"is_endless":false,"potions_floor_spawned":[2,4,10,13,14,16,18,20,21,29,33,41],"killed_by":"Nemesis","ascension_level":0}}