{"host":"hi7fki77kkmhrce8","time":1613159684,"event":{"mods":["AchievementEnabler","BaseMod","Colored Map","Colored Powertips","Downfall","Minty Spire (QoL Compilation)","Relic Stats","StSLib","SuperFastMode"],"gold_per_floor":[99,110,110,121,134,17,17,51,9,39,64,75,75,105,122,221,221,221,240,76,76,76,88,88,98,131,131,131,131],"floor_reached":27,"language":"ENG","playtime":1969,"items_purged":[],"score":264,"play_id":"c2c83bc5-b2b3-4d9e-8f8a-5cea1e065989","local_time":"20210212145444","is_ascension_mode":true,"campfire_choices":[{"data":"Slimebound:Split","floor":1,"key":"SMITH"},{"data":"Slimebound:TagTeam","floor":13,"key":"SMITH"},{"data":"Slimebound:Overexert","floor":18,"key":"SMITH"}],"circlet_count":0,"master_deck":["Slimebound:Strike_Slimebound","Slimebound:Strike_Slimebound","Slimebound:Tackle","Slimebound:Defend_Slimebound","Slimebound:Defend_Slimebound","Slimebound:Defend_Slimebound","Slimebound:Defend_Slimebound","Slimebound:Split+1","Slimebound:CorrosiveSpit","Slimebound:Gluttony","Slimebound:LivingWall","Slimebound:TagTeam+1","Slimebound:Schlurp","Slimebound:Prepare","Slimebound:FinishingTackle","Slimebound:ItLooksTasty","Slimebound:GoopSpray","Slimebound:Dissolve","Slimebound:DivideAndConquer","Slimebound:SplitLeeching","Slimebound:FormOfPuddle","Slimebound:Overexert+1","Slimebound:Darklings+1","Slimebound:FlameTackle+1","Slimebound:LeechingTouch+1","Slimebound:ForwardTackle","Slimebound:LeadByExample","Slimebound:SplitBruiser","Slimebound:ServeAndProtect+1","Slimebound:RallyTheTroops","Pride","Slimebound:SlimeSpikes"],"relics":["Slimebound:AbsorbEndCombat","Blue Candle","Bottled Lightning","Letter Opener","Torii","Bag of Marbles","Centennial Puzzle","Astrolabe","Orrery","Vajra","Mummified Hand"],"acts_visited":["Exordium","TheCity"],"potions_floor_usage":[26],"damage_taken":[{"damage":2,"enemies":"Cultist","floor":2,"turns":4},{"damage":6,"enemies":"Jaw Worm","floor":4,"turns":4},{"damage":5,"enemies":"Small Slimes","floor":5,"turns":4},{"damage":13,"enemies":"downfall:FleeingMerchant","floor":6,"turns":4},{"damage":8,"enemies":"Lagavulin","floor":8,"turns":8},{"damage":8,"enemies":"downfall:FleeingMerchant","floor":9,"turns":4},{"damage":7,"enemies":"3 Sentries","floor":10,"turns":7},{"damage":1,"enemies":"Exordium Thugs","floor":12,"turns":4},{"damage":29,"enemies":"Lagavulin","floor":14,"turns":5},{"damage":1,"enemies":"Blue Slaver","floor":15,"turns":2},{"damage":9,"enemies":"WA_ARCHETYPE_RETAIN","floor":16,"turns":6},{"damage":0,"enemies":"Chosen","floor":19,"turns":4},{"damage":0,"enemies":"downfall:FleeingMerchant","floor":20,"turns":4},{"damage":16,"enemies":"Snecko","floor":23,"turns":4},{"damage":12,"enemies":"Centurion and Healer","floor":25,"turns":6},{"damage":37,"enemies":"Gremlin Leader","floor":26,"turns":8},{"damage":16,"enemies":"Snake Plant","floor":27,"turns":1}],"seed_played":"-660908648295384377","potions_obtained":[{"floor":4,"key":"SteroidPotion"},{"floor":8,"key":"LiquidBronze"},{"floor":12,"key":"SmokeBomb"},{"floor":14,"key":"LiquidBronze"},{"floor":16,"key":"LiquidMemories"},{"floor":23,"key":"Dexterity Potion"},{"floor":25,"key":"Strength Potion"}],"is_trial":false,"path_per_floor":["R","M","?","M","M","$","T","E","$","E","T","M","R","E","M","B",null,"R","M","$","?","?","M","T","M","E","M"],"character_chosen":"SLIMEBOUND","items_purchased":["Slimebound:Schlurp","Slimebound:Prepare","Slimebound:GoopSpray","Orrery"],"campfire_rested":0,"item_purchase_floors":[6,6,9,20],"current_hp_per_floor":[65,65,60,56,55,44,44,44,42,43,43,48,48,23,24,23,65,65,65,65,65,65,51,51,45,16,0,0,0],"gold":131,"neow_bonus":"ONE_RANDOM_RARE_CARD","is_daily":false,"chose_seed":false,"campfire_upgraded":3,"win_rate":0.0,"timestamp":1613159684,"path_taken":["R","M","?","M","M","$","T","E","$","E","?","M","R","E","M","BOSS","R","M","$","?","?","?","T","M","E","M"],"items_purchased_type":["Card","Card","Card","Relic"],"build_version":"2020-12-22","purchased_purges":0,"victory":false,"max_hp_per_floor":[65,65,65,65,65,65,65,65,65,65,65,65,65,65,65,65,65,65,65,65,65,65,65,65,65,65,65,65,65],"relic_stats":{"Centennial Puzzle":[18],"Torii":11,"counters":[17,76],"Mummified Hand":[0],"Blue Candle":[4],"Astrolabe":["Slimebound:Darklings","Slimebound:FlameTackle","Slimebound:LeechingTouch"],"Letter Opener":[151],"obtain_stats":[{"Centennial Puzzle":14,"Torii":10,"Mummified Hand":26,"Blue Candle":3,"Astrolabe":17,"Orrery":20,"Vajra":21,"Slimebound:AbsorbEndCombat":0,"Bag of Marbles":11,"Bottled Lightning":7,"Letter Opener":8},{"Centennial Puzzle":9,"Torii":7,"Mummified Hand":16,"Blue Candle":1,"Astrolabe":11,"Orrery":13,"Vajra":13,"Slimebound:AbsorbEndCombat":0,"Bag of Marbles":7,"Bottled Lightning":4,"Letter Opener":5},{"Centennial Puzzle":42,"Torii":34,"Mummified Hand":75,"Blue Candle":4,"Astrolabe":50,"Orrery":57,"Vajra":57,"Slimebound:AbsorbEndCombat":0,"Bag of Marbles":34,"Bottled Lightning":15,"Letter Opener":23}]},"card_choices":[{"not_picked":["Slimebound:GoopTackle","Slimebound:SplitMire"],"picked":"Slimebound:Grow","floor":2},{"not_picked":["Slimebound:SplitLeeching","Slimebound:SlimeSpikes"],"picked":"Slimebound:Gluttony","floor":4},{"not_picked":["Slimebound:Prepare","Slimebound:FinishingTackle"],"picked":"Slimebound:LivingWall","floor":5},{"not_picked":["Slimebound:ItLooksTasty","Slimebound:LivingWall"],"picked":"Slimebound:TagTeam","floor":6},{"not_picked":["Slimebound:SlimeSpikes","Slimebound:GoopTackle"],"picked":"Slimebound:FinishingTackle","floor":8},{"not_picked":["Slimebound:Equalize","Slimebound:PressTheAttack"],"picked":"Slimebound:ItLooksTasty","floor":9},{"not_picked":["Slimebound:LevelUp","Slimebound:SplitAcid"],"picked":"Slimebound:Dissolve","floor":10},{"not_picked":["Slimebound:OneTwoCombo","Slimebound:SlimeBarrage"],"picked":"Slimebound:DivideAndConquer","floor":12},{"not_picked":["Slimebound:ItLooksTasty","Slimebound:GoopTackle"],"picked":"Slimebound:SplitLeeching","floor":14},{"not_picked":["Slimebound:LeechingTouch","Slimebound:FinishingTackle"],"picked":"Slimebound:FormOfPuddle","floor":15},{"not_picked":["Slimebound:Recycling","Slimebound:OneTwoCombo"],"picked":"Slimebound:Overexert","floor":16},{"not_picked":["Slimebound:LeechingTouch","Slimebound:Grow","Slimebound:BestDefense+1"],"picked":"SKIP","floor":19},{"not_picked":["Slimebound:SamplingLick","Slimebound:GrowthPunch+1"],"picked":"Slimebound:ForwardTackle","floor":20},{"not_picked":["Slimebound:LeechEnergy","Slimebound:DisruptingSlam"],"picked":"Slimebound:LeadByExample","floor":20},{"not_picked":["Slimebound:GoopTackle","Slimebound:Replication"],"picked":"Slimebound:SplitBruiser","floor":20},{"not_picked":["Slimebound:MegaLick","Slimebound:Schlurp"],"picked":"Slimebound:ServeAndProtect+1","floor":20},{"not_picked":["Slimebound:ComboTackle","Slimebound:LeechEnergy"],"picked":"Slimebound:RallyTheTroops","floor":20},{"not_picked":["Slimebound:GoopSpray+1","Slimebound:LivingWall","Slimebound:PressTheAttack"],"picked":"SKIP","floor":23},{"not_picked":["Slimebound:GoopSpray+1","Slimebound:ComboTackle","Slimebound:Schlurp"],"picked":"SKIP","floor":25},{"not_picked":["Slimebound:LivingWall+1","Slimebound:Chomp"],"picked":"Slimebound:SlimeSpikes","floor":26}],"player_experience":150559,"relics_obtained":[{"floor":7,"key":"Bottled Lightning"},{"floor":8,"key":"Letter Opener"},{"floor":10,"key":"Torii"},{"floor":11,"key":"Bag of Marbles"},{"floor":14,"key":"Centennial Puzzle"},{"floor":26,"key":"Mummified Hand"}],"event_choices":[{"damage_healed":0,"gold_gain":0,"player_choice":"Stole Relic","damage_taken":0,"relics_obtained":["Vajra"],"max_hp_gain":0,"max_hp_loss":0,"event_name":"Addict","floor":21,"gold_loss":0,"cards_obtained":["Pride"]}],"is_beta":false,"boss_relics":[{"not_picked":["Tiny House","Black Star"],"picked":"Astrolabe"}],"items_purged_floors":[],"is_endless":false,"potions_floor_spawned":[4,8,12,14,16,23,25],"killed_by":"Snake Plant","ascension_level":1}}