{"host":"sc0o2qwpf9j16a4i","time":1613151198,"event":{"mods":["AchievementEnabler","BaseMod","BetterRewards","Block Reminder","Colored Map","Colored Powertips","Custom Start","Highlight Path","Minty Spire (QoL Compilation)","Relic Stats"],"gold_per_floor":[111,111,111,136,136,136,169,217,217,217,252,252,295,295,295,420,420,533,533,378,378,378,378,407,486,510,536,635,635,654,654,654,755,755,803,1802,1813,1419,1419,1507,1574,1615,1652,925,925,925,957,1004,1004,1004],"floor_reached":51,"language":"ENG","playtime":3008,"items_purged":["Normality","Normality"],"score":1050,"play_id":"94680684-c6dc-4308-9d17-a2f38bba42bf","local_time":"20210212193318","daily_mods":["Shiny","Purple Cards","Night Terrors"],"is_ascension_mode":false,"campfire_choices":[{"data":"Wish","floor":6.0,"key":"SMITH"},{"data":"Offering","floor":10.0,"key":"SMITH"},{"data":"Barricade","floor":15.0,"key":"SMITH"},{"data":"Omniscience","floor":23,"key":"SMITH"},{"data":"SpiritShield","floor":29,"key":"SMITH"},{"data":"Limit Break","floor":32,"key":"SMITH"},{"floor":46,"key":"REST"},{"data":"Demon Form","floor":49,"key":"SMITH"}],"circlet_count":0,"master_deck":["Judgement+1","ConjureBlade","MasterReality","Brilliance","Devotion","Blasphemy+1","Ragnarok","LessonLearned","Scrawl","Vault","Alpha","Wish+1","Omniscience+1","Establishment","SpiritShield","DevaForm","DeusExMachina","Double Tap","Demon Form+1","Bludgeon","Feed","Limit Break+1","Corruption","Barricade+1","Fiend Fire","Berserk","Impervious","Juggernaut","Brutality","Reaper+1","Exhume","Offering+1","Immolate+1","SpiritShield+1","Necronomicurse","Protect","Shrug It Off+1","Protect","Collect+1","Heavy Blade","Evolve"],"relics":["Burning Blood","Bloody Idol","Kunai","Paper Frog","Singing Bowl","Smiling Mask","Busted Crown","Necronomicon","Lantern","Oddly Smooth Stone","Regal Pillow","Turnip","Sozu","Chemical X","Blood Vial","MawBank","Champion Belt","Potion Belt","Whetstone","Toxic Egg 2","White Beast Statue","Art of War"],"acts_visited":["Exordium","TheCity","TheBeyond"],"potions_floor_usage":[16,27,50,50],"damage_taken":[{"damage":6.0,"enemies":"Cultist","floor":1.0,"turns":2.0},{"damage":12.0,"enemies":"Jaw Worm","floor":4.0,"turns":1.0},{"damage":9.0,"enemies":"Lagavulin","floor":7.0,"turns":4.0},{"damage":22.0,"enemies":"2 Louse","floor":8.0,"turns":5.0},{"damage":6.0,"enemies":"3 Sentries","floor":11.0,"turns":7.0},{"damage":0.0,"enemies":"Blue Slaver","floor":13.0,"turns":1.0},{"damage":18,"enemies":"The Guardian","floor":16,"turns":13},{"damage":36,"enemies":"Spheric Guardian","floor":18,"turns":11},{"damage":0,"enemies":"Slavers","floor":24,"turns":1},{"damage":10,"enemies":"Chosen","floor":25,"turns":4},{"damage":11,"enemies":"Book of Stabbing","floor":27,"turns":4},{"damage":0,"enemies":"Snake Plant","floor":30,"turns":2},{"damage":28,"enemies":"Automaton","floor":33,"turns":7},{"damage":40,"enemies":"Orb Walker","floor":35,"turns":7},{"damage":31,"enemies":"3 Darklings","floor":37,"turns":8},{"damage":20,"enemies":"Giant Head","floor":40,"turns":6},{"damage":96,"enemies":"2 Orb Walkers","floor":41,"turns":7},{"damage":27,"enemies":"Reptomancer","floor":42,"turns":8},{"damage":7,"enemies":"Nemesis","floor":47,"turns":6},{"damage":7,"enemies":"Spire Growth","floor":48,"turns":3},{"damage":38,"enemies":"Time Eater","floor":50,"turns":12}],"seed_played":"5010903150333735180","potions_obtained":[{"floor":1.0,"key":"ElixirPotion"},{"floor":4.0,"key":"Block Potion"},{"floor":8.0,"key":"ColorlessPotion"},{"floor":11.0,"key":"SneckoOil"},{"floor":25,"key":"ColorlessPotion"},{"floor":30,"key":"LiquidBronze"},{"floor":33,"key":"Dexterity Potion"}],"is_trial":true,"path_per_floor":["M","?","?","M","?","R","E","M","T","R","E","?","M","?","R","B",null,"M","?","$","?","?","R","E","M","T","E","?","R","M","?","R","B",null,"M","?","M","$","?","E","?","E","T","$","?","R","E","M","R","B",null],"character_chosen":"IRONCLAD","items_purchased":["Lantern","Chemical X","Blood Vial","Protect","Toxic Egg 2","Collect+1","White Beast Statue","Heavy Blade","Evolve"],"campfire_rested":1,"item_purchase_floors":[20,38,38,38,44,44,44,44,44],"current_hp_per_floor":[83,83,83,83,83,83,80,70,70,70,87,87,93,93,93,84,96,71,55,55,55,55,55,68,81,86,86,91,91,104,104,104,89,109,85,90,96,96,96,104,33,26,36,41,41,115,117,119,119,119],"gold":1004,"neow_bonus":"","is_daily":false,"chose_seed":false,"campfire_upgraded":7,"win_rate":0.0,"timestamp":1613151198,"path_taken":["M","?","?","?","?","R","E","M","T","R","E","?","M","?","R","BOSS","M","?","$","?","?","R","E","M","T","E","?","R","?","?","R","BOSS","M","?","M","$","?","E","?","E","T","$","?","R","E","M","R","BOSS"],"items_purchased_type":["Relic","Relic","Relic","Card","Relic","Card","Relic","Card","Card"],"build_version":"2020-12-22","purchased_purges":2,"victory":true,"max_hp_per_floor":[83,83,83,83,83,83,83,86,86,86,91,91,93,93,93,96,96,101,101,101,101,101,101,103,105,105,105,105,105,107,107,107,109,109,109,109,111,111,111,116,118,120,120,120,120,115,117,119,119,119],"relic_stats":{"Regal Pillow":0,"Singing Bowl":26,"counters":[21,119],"Whetstone":["Reaper","Immolate"],"Smiling Mask":75,"MawBank":48,"Burning Blood":108,"Sozu":5,"Blood Vial":6,"Busted Crown":26,"Bloody Idol":121,"Turnip":[2],"Necronomicon":[27],"Art of War":[9],"Kunai":[8],"Chemical X":[9],"Champion Belt":[0],"obtain_stats":[{"Potion Belt":42,"Lantern":20,"Regal Pillow":26,"Singing Bowl":11,"Golden Idol":2,"Oddly Smooth Stone":24,"Whetstone":43,"Smiling Mask":14,"MawBank":40,"Burning Blood":0,"White Beast Statue":44,"Sozu":34,"Blood Vial":38,"Busted Crown":17,"Bloody Idol":21,"Turnip":27,"Necronomicon":19,"Art of War":47,"Kunai":7,"Chemical X":38,"Champion Belt":41,"Toxic Egg 2":44,"Paper Frog":9},{"Potion Belt":18,"Lantern":8,"Regal Pillow":10,"Singing Bowl":5,"Golden Idol":1,"Oddly Smooth Stone":9,"Whetstone":18,"Smiling Mask":6,"MawBank":16,"Burning Blood":0,"White Beast Statue":18,"Sozu":13,"Blood Vial":15,"Busted Crown":7,"Bloody Idol":8,"Turnip":11,"Necronomicon":8,"Art of War":19,"Kunai":3,"Chemical X":15,"Champion Belt":17,"Toxic Egg 2":18,"Paper Frog":4},{"Potion Belt":98,"Lantern":44,"Regal Pillow":49,"Singing Bowl":19,"Golden Idol":2,"Oddly Smooth Stone":45,"Whetstone":98,"Smiling Mask":20,"MawBank":83,"Burning Blood":0,"White Beast Statue":98,"Sozu":62,"Blood Vial":77,"Busted Crown":33,"Bloody Idol":44,"Turnip":53,"Necronomicon":44,"Art of War":104,"Kunai":7,"Chemical X":77,"Champion Belt":90,"Toxic Egg 2":98,"Paper Frog":12}]},"card_choices":[{"not_picked":["Rupture","WaveOfTheHand"],"picked":"FearNoEvil","floor":1.0},{"not_picked":["FollowUp","Sword Boomerang","CrushJoints"],"picked":"SKIP","floor":4.0},{"not_picked":["Fire Breathing","Warcry","True Grit"],"picked":"SKIP","floor":7.0},{"not_picked":["SashWhip","Hemokinesis","Evolve"],"picked":"SKIP","floor":8.0},{"not_picked":["Crescendo","Second Wind","Clothesline"],"picked":"Singing Bowl","floor":11.0},{"not_picked":["Armaments","Heavy Blade","FlyingSleeves"],"picked":"Singing Bowl","floor":13.0},{"not_picked":["Judgement","Devotion"],"picked":"SpiritShield","floor":16},{"not_picked":["Body Slam"],"picked":"Singing Bowl","floor":18},{"not_picked":["Reckless Charge+1"],"picked":"Singing Bowl","floor":24},{"not_picked":["Metallicize"],"picked":"Singing Bowl","floor":25},{"not_picked":[],"picked":"Protect","floor":27},{"not_picked":["Wild Strike"],"picked":"Singing Bowl","floor":30},{"not_picked":["Demon Form"],"picked":"Singing Bowl","floor":33},{"not_picked":[],"picked":"Shrug It Off+1","floor":35},{"not_picked":["ForeignInfluence+1"],"picked":"Singing Bowl","floor":37},{"not_picked":["Havoc+1"],"picked":"Singing Bowl","floor":40},{"not_picked":["PathToVictory+1"],"picked":"Singing Bowl","floor":41},{"not_picked":["LikeWater+1"],"picked":"Singing Bowl","floor":42},{"not_picked":["Prostrate+1"],"picked":"Singing Bowl","floor":47},{"not_picked":["Rage+1"],"picked":"Singing Bowl","floor":48}],"player_experience":1374835,"relics_obtained":[{"floor":7.0,"key":"Kunai"},{"floor":9.0,"key":"Paper Frog"},{"floor":11.0,"key":"Singing Bowl"},{"floor":19,"key":"Necronomicon"},{"floor":24,"key":"Oddly Smooth Stone"},{"floor":26,"key":"Regal Pillow"},{"floor":27,"key":"Turnip"},{"floor":40,"key":"MawBank"},{"floor":41,"key":"Champion Belt"},{"floor":42,"key":"Potion Belt"},{"floor":43,"key":"Whetstone"},{"floor":47,"key":"Art of War"}],"event_choices":[{"damage_healed":0.0,"max_hp_gain":0.0,"max_hp_loss":0.0,"gold_gain":0.0,"event_name":"Golden Idol","player_choice":"Take Wound","floor":2.0,"gold_loss":0.0,"damage_taken":0.0,"relics_obtained":["Golden Idol"],"cards_obtained":["Injury"]},{"damage_healed":0.0,"max_hp_gain":0.0,"max_hp_loss":0.0,"gold_gain":0.0,"event_name":"Match and Keep!","player_choice":"0 cards matched","floor":3.0,"gold_loss":0.0,"damage_taken":0.0,"cards_obtained":[]},{"damage_healed":0.0,"max_hp_gain":0.0,"max_hp_loss":0.0,"gold_gain":0.0,"event_name":"The Cleric","player_choice":"Leave","floor":5.0,"gold_loss":0.0,"damage_taken":0.0},{"damage_healed":0.0,"max_hp_gain":0.0,"max_hp_loss":0.0,"gold_gain":0.0,"event_name":"Living Wall","player_choice":"Grow","floor":12.0,"gold_loss":0.0,"damage_taken":0.0,"cards_upgraded":["Blasphemy"]},{"damage_healed":0.0,"max_hp_gain":0.0,"max_hp_loss":0.0,"gold_gain":0.0,"event_name":"WeMeetAgain","player_choice":"Gave Potion","floor":14.0,"gold_loss":0.0,"damage_taken":0.0,"relics_obtained":["Smiling Mask"]},{"damage_healed":0,"gold_gain":0,"player_choice":"Obtained Book","damage_taken":16,"max_hp_gain":0,"max_hp_loss":0,"event_name":"Cursed Tome","floor":19,"gold_loss":0},{"damage_healed":0,"gold_gain":0,"player_choice":"Gave Idol","damage_taken":0,"relics_obtained":["Bloody Idol"],"max_hp_gain":0,"max_hp_loss":0,"event_name":"Forgotten Altar","floor":21,"relics_lost":["Golden Idol"],"gold_loss":0},{"damage_healed":0,"gold_gain":0,"player_choice":"Ignored","damage_taken":0,"max_hp_gain":0,"max_hp_loss":0,"event_name":"Ghosts","floor":22,"gold_loss":0},{"damage_healed":0,"gold_gain":99,"player_choice":"Stole From Cult","damage_taken":0,"max_hp_gain":0,"max_hp_loss":0,"event_name":"Nest","floor":28,"gold_loss":0},{"cards_removed":["Injury"],"damage_healed":0,"gold_gain":0,"player_choice":"Elegance","damage_taken":0,"max_hp_gain":0,"max_hp_loss":0,"event_name":"Back to Basics","floor":31,"gold_loss":0},{"damage_healed":0,"gold_gain":999,"player_choice":"Gold","damage_taken":0,"max_hp_gain":0,"max_hp_loss":0,"event_name":"MindBloom","floor":36,"gold_loss":0,"cards_obtained":["Normality","Normality"]},{"damage_healed":0,"gold_gain":0,"player_choice":"Ignored","damage_taken":0,"max_hp_gain":0,"max_hp_loss":0,"event_name":"Tomb of Lord Red Mask","floor":39,"gold_loss":0},{"damage_healed":0,"gold_gain":0,"player_choice":"Fight","damage_taken":0,"max_hp_gain":0,"max_hp_loss":0,"event_name":"Mysterious Sphere","floor":41,"gold_loss":0},{"cards_removed":["FearNoEvil"],"damage_healed":0,"gold_gain":0,"player_choice":"Removed Attack","damage_taken":0,"max_hp_gain":0,"max_hp_loss":0,"event_name":"Falling","floor":45,"gold_loss":0}],"is_beta":false,"boss_relics":[{"not_picked":["Runic Cube","SacredBark"],"picked":"Busted Crown"},{"not_picked":["Black Blood","Velvet Choker"],"picked":"Sozu"}],"items_purged_floors":[38,44],"is_endless":false,"potions_floor_spawned":[1,4,8,11,25,30,33,35,41,42,47,48],"ascension_level":0}}