{"host":"Ringo","time":1613126681,"event":{"mods":["BaseMod","Colored Map","Conspire","Dota2Spire","Hubris","Minty Spire (QoL Compilation)","Replay The Spire","StSLib","The Construct","[IsaacMod]ÒÔÈö¼âËþ","¡¾ÒÅÎï¿¨ÅÆ¡¿REMEMod"],"gold_per_floor":[109,124,135,149,163,197,222,254,254,254,280,314,314,341,341,412,412,430,444,457,505,505,538,570,601,601,629,115,144,171,187,187,264,264,293,304,304,357,382,409,503,212,259,364,453,560,667,737,737,793,889],"floor_reached":52,"language":"ZHS","playtime":1568,"items_purged":["Pot Of Greed"],"score":4135,"play_id":"d8384533-4d26-4cfe-9c12-a1a3274a0749","local_time":"20210212184441","daily_mods":["SealedDeck","Vintage","Colorless Cards","Heirloom","Time Dilation","Flight","DeadlyEvents","Elite Swarm","Lethality","Binary"],"is_ascension_mode":true,"campfire_choices":[{"data":"REME_Scribble","floor":10,"key":"SMITH"},{"data":"Ragnarok","floor":15,"key":"SMITH"},{"data":"Spot Weakness","floor":32,"key":"SMITH"},{"data":"Pot Of Greed","floor":49,"key":"SMITH"}],"circlet_count":0,"master_deck":["AscendersBane","Clash","Cleave","Headbutt","Anger","Armaments+1","Iron Wave","Shrug It Off","Twin Strike","Sword Boomerang","Replay:Undeath\u0027s Touch","Ragnarok+1","REME_Scribble+1","REME_ACTH+1","Metallicize+1","Spot Weakness+1","Pot Of Greed+1","hubris:ReadiedAction+1","Pummel+1","Thunderclap"],"relics":["Burning Blood","Busted Crown","HushsDoor","REME_ComplimentaryCards","replay:Trail_Library","Pocketwatch","PunchingBag","Vajra","Mango","Dota2Spire:MonkeyKingBar","Dota2Spire:PhaseBoots","hubris:TenFootPole","hubris:FunFungus","Tiny Chest","Golden Egg","Quantum Egg","ReplayTheSpireMod:Lightbulb","Bird Faced Urn","Dream Catcher","Ring of Chaos","Replay:Kaleidoscope","Replay:Rubber Ducky","Mercury Hourglass","Replay:Wax Seal","Dota2Spire:MagicBottle","Dota2Spire:ShadowBlade","hubris:MedicalManual","ReplayTheSpireMod:TigerMarble","Sundial","Grinning Jar","DeadEye","ClockworkSouvenir","Bronze Scales","Dota2Spire:Mjollnir","Dota2Spire:MantaStyle","ChampionBelt","GuppysHead","GuppysPaw","MealTicket","Dota2Spire:Vanguard","Bag of Preparation","hubris:GlazedTorus","Replay:Bandana","Oddly Smooth Stone","Dota2Spire:DrumOfEndurance","Toy Ornithopter","Gambling Chip","hubris:CuriousFeather","Red Skull","hubris:CrystalStatue","Dota2Spire:BladeMail"],"acts_visited":["Exordium","TheCity","TheBeyond"],"potions_floor_usage":[16,33,33,51,51],"damage_taken":[{"damage":0,"enemies":"Cultist","floor":1,"turns":1},{"damage":0,"enemies":"2 Louse","floor":2,"turns":1},{"damage":0,"enemies":"Small Slimes","floor":3,"turns":1},{"damage":1,"enemies":"conspire:2 RoseBushes","floor":4,"turns":2},{"damage":0,"enemies":"Gremlin Gang","floor":5,"turns":1},{"damage":0,"enemies":"Gremlin Nob","floor":6,"turns":1},{"damage":0,"enemies":"Lagavulin","floor":7,"turns":2},{"damage":0,"enemies":"Replay:BlueRogue","floor":8,"turns":1},{"damage":3,"enemies":"Gremlin Nob","floor":11,"turns":2},{"damage":3,"enemies":"Lagavulin","floor":12,"turns":2},{"damage":12,"enemies":"Replay:BlueRogue","floor":14,"turns":2},{"damage":3,"enemies":"Slime Boss","floor":16,"turns":2},{"damage":3,"enemies":"Spheric Guardian","floor":18,"turns":1},{"damage":3,"enemies":"conspire:FuzzyDice","floor":19,"turns":2},{"damage":0,"enemies":"Snake Plant","floor":20,"turns":1},{"damage":1,"enemies":"Book of Stabbing","floor":23,"turns":2},{"damage":3,"enemies":"conspire:Head Lice","floor":24,"turns":2},{"damage":3,"enemies":"Gremlin Leader","floor":25,"turns":1},{"damage":3,"enemies":"conspire:Head Lice","floor":27,"turns":1},{"damage":3,"enemies":"REME_1_Revenger","floor":29,"turns":2},{"damage":4,"enemies":"Book of Stabbing","floor":30,"turns":2},{"damage":9,"enemies":"conspire:HollyBat","floor":31,"turns":3},{"damage":3,"enemies":"Automaton","floor":33,"turns":2},{"damage":0,"enemies":"R_Hoarder","floor":35,"turns":2},{"damage":0,"enemies":"Orb Walker","floor":36,"turns":1},{"damage":0,"enemies":"Giant Head","floor":39,"turns":2},{"damage":0,"enemies":"Nemesis","floor":40,"turns":3},{"damage":0,"enemies":"R_Hoarder","floor":41,"turns":3},{"damage":0,"enemies":"Giant Head","floor":44,"turns":2},{"damage":0,"enemies":"R_Hoarder","floor":45,"turns":1},{"damage":0,"enemies":"Giant Head","floor":46,"turns":1},{"damage":0,"enemies":"R_Hoarder","floor":47,"turns":2},{"damage":0,"enemies":"Nemesis","floor":48,"turns":1},{"damage":0,"enemies":"Time Eater","floor":50,"turns":1},{"damage":3,"enemies":"Awakened One","floor":51,"turns":2}],"seed_played":"5229261712693662840","potions_obtained":[{"floor":4,"key":"Strength Potion"},{"floor":8,"key":"LiquidMemories"},{"floor":12,"key":"HeartOfIron"},{"floor":16,"key":"construct:ShiftPotion"},{"floor":23,"key":"FearPotion"},{"floor":35,"key":"PowerPotion"},{"floor":36,"key":"SpeedPotion"},{"floor":40,"key":"Adrenaline Potion"}],"is_trial":true,"path_per_floor":["M","M","M","M","M","E","E","E","T","R","E","E","?","E","R","B",null,"M","M","M","T","?","E","E","E","T","E","$","E","E","M","R","B",null,"M","M","?","T","E","E","M","$","T","E","E","E","E","E","R","B","B",null],"character_chosen":"IRONCLAD","items_purchased":["REME_ACTH","Metallicize","DeadEye","ClockworkSouvenir","GuppysHead","GuppysPaw","Dota2Spire:DrumOfEndurance","hubris:ReadiedAction+1","Pummel"],"campfire_rested":0,"item_purchase_floors":[17,17,28,28,34,34,42,42,42],"current_hp_per_floor":[74,89,89,89,89,89,89,89,89,89,92,95,95,92,92,98,95,98,101,101,101,94,101,104,107,107,110,110,113,116,119,119,122,90,93,96,91,91,94,97,100,100,100,103,103,109,112,115,115,115,118],"gold":889,"neow_bonus":"","is_daily":false,"chose_seed":false,"campfire_upgraded":4,"win_rate":0.0,"timestamp":1613126681,"path_taken":["M","M","M","?","M","E","E","E","T","R","E","E","?","?","R","BOSS","M","M","?","?","?","E","E","E","T","E","$","E","E","?","R","BOSS","M","M","?","?","?","E","M","$","T","E","E","E","E","E","R","BOSS","BOSS"],"items_purchased_type":["Card","Card","Relic","Relic","Relic","Relic","Relic","Card","Card"],"build_version":"2020-12-18","purchased_purges":1,"victory":true,"max_hp_per_floor":[75,89,89,89,89,89,89,89,89,89,92,95,95,98,98,101,95,98,101,101,101,101,101,104,107,107,110,110,113,116,119,119,122,90,93,96,91,91,94,97,100,100,100,103,103,109,112,115,115,115,118],"card_choices":[],"player_experience":677850,"relics_obtained":[{"floor":1,"key":"Vajra"},{"floor":2,"key":"Mango"},{"floor":3,"key":"Dota2Spire:MonkeyKingBar"},{"floor":4,"key":"Dota2Spire:PhaseBoots"},{"floor":5,"key":"hubris:TenFootPole"},{"floor":6,"key":"hubris:FunFungus"},{"floor":7,"key":"Tiny Chest"},{"floor":8,"key":"Golden Egg"},{"floor":9,"key":"Quantum Egg"},{"floor":11,"key":"ReplayTheSpireMod:Lightbulb"},{"floor":12,"key":"Bird Faced Urn"},{"floor":14,"key":"Dream Catcher"},{"floor":18,"key":"Replay:Kaleidoscope"},{"floor":19,"key":"Replay:Rubber Ducky"},{"floor":20,"key":"Mercury Hourglass"},{"floor":21,"key":"Replay:Wax Seal"},{"floor":23,"key":"Dota2Spire:ShadowBlade"},{"floor":24,"key":"hubris:MedicalManual"},{"floor":25,"key":"ReplayTheSpireMod:TigerMarble"},{"floor":26,"key":"Sundial"},{"floor":27,"key":"Grinning Jar"},{"floor":29,"key":"Bronze Scales"},{"floor":30,"key":"Dota2Spire:Mjollnir"},{"floor":31,"key":"Dota2Spire:MantaStyle"},{"floor":35,"key":"MealTicket"},{"floor":36,"key":"Dota2Spire:Vanguard"},{"floor":38,"key":"Bag of Preparation"},{"floor":39,"key":"hubris:GlazedTorus"},{"floor":40,"key":"Replay:Bandana"},{"floor":41,"key":"Oddly Smooth Stone"},{"floor":43,"key":"Toy Ornithopter"},{"floor":44,"key":"Gambling Chip"},{"floor":45,"key":"hubris:CuriousFeather"},{"floor":46,"key":"Red Skull"},{"floor":47,"key":"hubris:CrystalStatue"},{"floor":48,"key":"Dota2Spire:BladeMail"}],"event_choices":[{"damage_healed":0,"gold_gain":0,"player_choice":"Max HP","damage_taken":0,"max_hp_gain":0,"max_hp_loss":5,"event_name":"Winding Halls","floor":37,"gold_loss":0}],"is_beta":true,"boss_relics":[{"not_picked":["Ectoplasm","construct:ClawGrip"],"picked":"Ring of Chaos"},{"not_picked":[]},{"not_picked":["Replay:Grab Bag","conspire:RunicOctahedron"],"picked":"ChampionBelt"},{"not_picked":[]}],"items_purged_floors":[28],"is_endless":false,"potions_floor_spawned":[3,4,8,11,12,16,18,19,23,27,35,36,40,44,46,47],"ascension_level":20}}