{"host":"0v07cr0k93jhgkpm","time":1613121629,"event":{"mods":["BaseMod","Colored Map","DeckTracker","Minty Spire (QoL Compilation)","Quick Restart","SuperFastMode"],"gold_per_floor":[119,136,411,425,26,55,55,55,55,55,90,90,115,176,176,253,253,265,285,41,41,51,79,97,128,128,142,142,167,167,167,167],"floor_reached":31,"language":"KOR","playtime":1488,"items_purged":["Regret","Strike_R"],"score":622,"play_id":"29008363-006d-4fa0-a8f4-311d6cd22fb5","local_time":"20210212182029","is_ascension_mode":true,"campfire_choices":[{"data":"Body Slam","floor":7.0,"key":"SMITH"},{"floor":12.0,"key":"REST"},{"floor":15.0,"key":"REST"},{"floor":28,"key":"REST"}],"circlet_count":0,"master_deck":["AscendersBane","Strike_R","Strike_R","Defend_R","Defend_R+1","Defend_R","Bash","Feel No Pain","Havoc","Body Slam+1","Evolve+1","Dropkick","Flame Barrier","Seeing Red","Immolate","Disarm","Corruption+1","Pommel Strike+1","Shockwave+1","Whirlwind+1","Flex","Shrug It Off","Shockwave","Shame","Warcry","Body Slam+1","Battle Trance","Inflame+1","Dropkick+1","Sword Boomerang+1","Dark Embrace+1"],"relics":["Burning Blood","NeowsBlessing","Medical Kit","Frozen Egg 2","Juzu Bracelet","HornCleat","Dream Catcher","Pen Nib","Astrolabe","Blue Candle","Molten Egg 2","Smiling Mask","Paper Frog"],"acts_visited":["Exordium","TheCity"],"potions_floor_usage":[30,30],"damage_taken":[{"damage":0.0,"enemies":"Cultist","floor":1.0,"turns":1.0},{"damage":0.0,"enemies":"Jaw Worm","floor":2.0,"turns":1.0},{"damage":0.0,"enemies":"Small Slimes","floor":4.0,"turns":1.0},{"damage":54.0,"enemies":"Gremlin Nob","floor":6.0,"turns":5.0},{"damage":10.0,"enemies":"Lagavulin","floor":11.0,"turns":6.0},{"damage":13.0,"enemies":"3 Sentries","floor":13.0,"turns":12.0},{"damage":11.0,"enemies":"3 Sentries","floor":14.0,"turns":7.0},{"damage":17.0,"enemies":"The Guardian","floor":16.0,"turns":14.0},{"damage":10.0,"enemies":"Shell Parasite","floor":18.0,"turns":6.0},{"damage":2.0,"enemies":"3 Byrds","floor":19.0,"turns":3.0},{"damage":6.0,"enemies":"Snecko","floor":22.0,"turns":6.0},{"damage":20.0,"enemies":"Book of Stabbing","floor":23.0,"turns":5.0},{"damage":24.0,"enemies":"Centurion and Healer","floor":24.0,"turns":5.0},{"damage":27.0,"enemies":"Slavers","floor":25.0,"turns":6.0},{"damage":1.0,"enemies":"Sentry and Sphere","floor":27.0,"turns":4.0},{"damage":23,"enemies":"Book of Stabbing","floor":29,"turns":4},{"damage":11,"enemies":"Colosseum Slavers","floor":30,"turns":4},{"damage":19,"enemies":"Snake Plant","floor":31,"turns":1}],"seed_played":"-1259410103499641167","potions_obtained":[{"floor":1.0,"key":"Dexterity Potion"},{"floor":4.0,"key":"BloodPotion"},{"floor":10.0,"key":"Energy Potion"},{"floor":10.0,"key":"PowerPotion"},{"floor":11.0,"key":"Weak Potion"},{"floor":13.0,"key":"SteroidPotion"},{"floor":19.0,"key":"FearPotion"},{"floor":25.0,"key":"Dexterity Potion"}],"is_trial":false,"path_per_floor":["M","M","?","M","$","E","R","?","T","?","E","R","E","?","R","B",null,"M","M","$","?","M","E","M","E","T","M","R","E","?","M"],"character_chosen":"IRONCLAD","items_purchased":["Evolve","Dropkick","Medical Kit","Shrug It Off","Shockwave"],"campfire_rested":3,"item_purchase_floors":[5,5,5,20,20],"current_hp_per_floor":[74,75,75,75,75,27,27,19,19,19,15,37,30,25,47,36,65,61,65,65,65,65,51,33,12,12,17,39,22,17,0,0],"gold":167,"neow_bonus":"THREE_ENEMY_KILL","is_daily":false,"chose_seed":false,"campfire_upgraded":1,"win_rate":0.0,"timestamp":1613121629,"path_taken":["M","M","?","?","$","E","R","?","T","?","E","R","E","?","R","BOSS","M","M","$","?","M","E","M","E","T","M","R","E","?","M"],"items_purchased_type":["Card","Card","Relic","Card","Card"],"build_version":"2020-12-22","purchased_purges":2,"victory":false,"max_hp_per_floor":[75,75,75,75,75,75,75,75,75,75,75,75,75,75,75,75,75,75,75,75,75,75,75,75,75,75,75,75,75,75,75,75],"card_choices":[{"not_picked":["Sword Boomerang","Entrench"],"picked":"Feel No Pain","floor":1.0},{"not_picked":["Armaments","Iron Wave"],"picked":"Havoc","floor":2.0},{"not_picked":["Armaments","Dual Wield"],"picked":"Body Slam","floor":4.0},{"not_picked":["Clash","Iron Wave"],"picked":"Flame Barrier","floor":6.0},{"not_picked":["True Grit","Flame Barrier"],"picked":"Seeing Red","floor":11.0},{"not_picked":["Iron Wave","True Grit"],"picked":"Immolate","floor":13.0},{"not_picked":["Body Slam","Pommel Strike"],"picked":"Disarm","floor":15.0},{"not_picked":["Barricade+1","Demon Form+1"],"picked":"Corruption+1","floor":16.0},{"not_picked":["Headbutt","Cleave"],"picked":"Flex","floor":18.0},{"not_picked":["Flex","Iron Wave","Thunderclap"],"picked":"SKIP","floor":19.0},{"not_picked":["Metallicize+1","Havoc"],"picked":"Warcry","floor":22.0},{"not_picked":["Dual Wield","Cleave+1"],"picked":"Body Slam+1","floor":23.0},{"not_picked":["Cleave+1","Heavy Blade+1"],"picked":"Battle Trance","floor":24.0},{"not_picked":["Uppercut+1","Twin Strike+1"],"picked":"Inflame+1","floor":25.0},{"not_picked":["Infernal Blade","Entrench+1"],"picked":"Dropkick+1","floor":27},{"not_picked":["Warcry","Infernal Blade"],"picked":"Sword Boomerang+1","floor":28},{"not_picked":["Evolve+1","Bludgeon+1"],"picked":"Dark Embrace+1","floor":29}],"player_experience":2512028,"relics_obtained":[{"floor":6.0,"key":"Frozen Egg 2"},{"floor":9.0,"key":"Juzu Bracelet"},{"floor":11.0,"key":"HornCleat"},{"floor":13.0,"key":"Dream Catcher"},{"floor":14.0,"key":"Pen Nib"},{"floor":23.0,"key":"Molten Egg 2"},{"floor":25.0,"key":"Smiling Mask"},{"floor":29,"key":"Paper Frog"}],"event_choices":[{"damage_healed":0.0,"max_hp_gain":0.0,"max_hp_loss":0.0,"gold_gain":275.0,"event_name":"Golden Shrine","player_choice":"Desecrate","floor":3.0,"gold_loss":0.0,"damage_taken":0.0,"cards_obtained":["Regret"]},{"damage_healed":0.0,"max_hp_gain":0.0,"max_hp_loss":0.0,"gold_gain":0.0,"event_name":"Shining Light","player_choice":"Entered Light","floor":8.0,"gold_loss":0.0,"damage_taken":23.0,"cards_upgraded":["Evolve","Defend_R"]},{"damage_healed":0.0,"max_hp_gain":0.0,"max_hp_loss":0.0,"gold_gain":0.0,"event_name":"Lab","player_choice":"Got Potions","floor":10.0,"gold_loss":0.0,"damage_taken":0.0},{"damage_healed":0.0,"max_hp_gain":0.0,"max_hp_loss":0.0,"gold_gain":0.0,"event_name":"Dead Adventurer","player_choice":"Searched \u00272\u0027 times","floor":14.0,"gold_loss":0.0,"damage_taken":0.0},{"damage_healed":0.0,"max_hp_gain":0.0,"max_hp_loss":0.0,"gold_gain":0.0,"event_name":"Addict","player_choice":"Stole Relic","floor":21.0,"gold_loss":0.0,"damage_taken":0.0,"relics_obtained":["Blue Candle"],"cards_obtained":["Shame"]},{"damage_healed":0,"gold_gain":0,"player_choice":"Fight","damage_taken":0,"max_hp_gain":0,"max_hp_loss":0,"event_name":"Colosseum","floor":30,"gold_loss":0},{"damage_healed":0,"gold_gain":0,"player_choice":"Fled From Nobs","damage_taken":0,"max_hp_gain":0,"max_hp_loss":0,"event_name":"Colosseum","floor":30,"gold_loss":0}],"is_beta":false,"boss_relics":[{"not_picked":["Velvet Choker","Pandora\u0027s Box"],"picked":"Astrolabe"}],"items_purged_floors":[5,20],"is_endless":false,"potions_floor_spawned":[1,4,11,13,14,19,25,29,30],"killed_by":"Snake Plant","ascension_level":20}}