{"host":"a20qfyjn5xm2mdxh","time":1613139302,"event":{"mods":["BaseMod","Downfall","Minty Spire (QoL Compilation)","Relic Stats","Reliquary","Replay The Spire","StSLib"],"gold_per_floor":[99,99,113,58,58,71,71,105,30,30,30,30],"floor_reached":10,"language":"ZHS","playtime":807,"items_purged":[],"score":64,"play_id":"32e0b824-c52c-407c-bce3-a79046d199e0","local_time":"20210212221502","is_ascension_mode":false,"campfire_choices":[{"floor":1,"key":"RECALL"}],"circlet_count":0,"master_deck":["Slimebound:Strike_Slimebound","Slimebound:Strike_Slimebound","Slimebound:Strike_Slimebound","Slimebound:Tackle","Slimebound:Defend_Slimebound","Slimebound:Defend_Slimebound","Slimebound:Defend_Slimebound+1","Slimebound:Defend_Slimebound","Slimebound:Split","Slimebound:CorrosiveSpit","Slimebound:GrowthPunch","Slimebound:MegaLick","Slimebound:SpikyOuterGoop","Regret","Slimebound:ProtectTheBoss","Slimebound:RainOfGoop"],"relics":["Slimebound:AbsorbEndCombat","reliquary:TridentHead","Meat on the Bone","reliquary:IridiumChain","Slimebound:GreedOozeRelic"],"acts_visited":[],"potions_floor_usage":[],"damage_taken":[{"damage":15,"enemies":"Jaw Worm","floor":3,"turns":4},{"damage":3,"enemies":"downfall:FleeingMerchant","floor":4,"turns":4},{"damage":7,"enemies":"Small Slimes","floor":6,"turns":3},{"damage":41,"enemies":"3 Sentries","floor":8,"turns":9},{"damage":51,"enemies":"Gremlin Nob","floor":10,"turns":6}],"seed_played":"-7441900450697722096","potions_obtained":[],"is_trial":false,"path_per_floor":["R","?","M","$","?","M","T","E","?","E"],"character_chosen":"SLIMEBOUND","items_purchased":["Slimebound:SpikyOuterGoop"],"campfire_rested":0,"item_purchase_floors":[4],"current_hp_per_floor":[71,71,58,63,63,60,60,39,39,0,0,0],"gold":30,"neow_bonus":"TEN_PERCENT_HP_BONUS","is_daily":false,"chose_seed":false,"campfire_upgraded":0,"win_rate":0.0,"timestamp":1613139302,"path_taken":["R","?","M","$","?","M","T","E","?","E"],"items_purchased_type":["Card"],"build_version":"2020-12-22","purchased_purges":0,"victory":false,"max_hp_per_floor":[71,71,71,71,71,71,71,71,71,71,71,71],"relic_stats":{"counters":[5,26],"obtain_stats":[{"Slimebound:GreedOozeRelic":9,"reliquary:TridentHead":5,"Slimebound:AbsorbEndCombat":0,"reliquary:IridiumChain":8,"Meat on the Bone":7},{"Slimebound:GreedOozeRelic":4,"reliquary:TridentHead":2,"Slimebound:AbsorbEndCombat":0,"reliquary:IridiumChain":4,"Meat on the Bone":3},{"Slimebound:GreedOozeRelic":20,"reliquary:TridentHead":8,"Slimebound:AbsorbEndCombat":0,"reliquary:IridiumChain":20,"Meat on the Bone":11}],"Meat on the Bone":12},"card_choices":[{"not_picked":["Slimebound:LeechingTouch","Slimebound:ComboTackle"],"picked":"Slimebound:GrowthPunch","floor":3},{"not_picked":["Slimebound:Prepare","Slimebound:SamplingLick"],"picked":"Slimebound:MegaLick","floor":4},{"not_picked":["Slimebound:LeadByExample","Slimebound:SplitLeeching"],"picked":"Slimebound:ProtectTheBoss","floor":6},{"not_picked":["Slimebound:GoopTackle","Slimebound:SplitMire"],"picked":"Slimebound:RainOfGoop","floor":8}],"player_experience":244520,"relics_obtained":[{"floor":7,"key":"Meat on the Bone"},{"floor":8,"key":"reliquary:IridiumChain"}],"event_choices":[{"damage_healed":0,"gold_gain":0,"player_choice":"Box","damage_taken":0,"relics_obtained":["reliquary:TridentHead"],"max_hp_gain":0,"max_hp_loss":0,"event_name":"Big Fish","floor":5,"gold_loss":0,"cards_obtained":["Regret"]}],"is_beta":false,"boss_relics":[],"items_purged_floors":[],"is_endless":false,"potions_floor_spawned":[],"killed_by":"Gremlin Nob","ascension_level":0}}