{"host":"sian7qp8a9pc9xwd","time":1613156504,"event":{"mods":["BaseMod","Minty Spire (QoL Compilation)","StSLib","SuperFastMode"],"gold_per_floor":[109,34,34,34,34,34,73,97,97,5,24,24,40,79,79,202,202,223,123,139,152,176,176,191,210,237,237,237],"floor_reached":27,"language":"ENG","playtime":824,"items_purged":["Strike_P","Decay"],"score":413,"play_id":"5534d0c4-c4db-4769-a8a5-4855afe92c9f","local_time":"20210212140144","is_ascension_mode":true,"campfire_choices":[{"data":"Eruption","floor":6.0,"key":"SMITH"},{"data":"Devotion","floor":15.0,"key":"SMITH"},{"floor":23,"key":"REST"}],"circlet_count":0,"master_deck":["AscendersBane","Strike_P","Strike_P","Strike_P","Defend_P+1","Defend_P","Defend_P","Defend_P","Eruption+1","Vigilance","WindmillStrike","Prostrate","Good Instincts+1","Consecrate+1","Prostrate+1","Devotion+1","LessonLearned","Prostrate","CutThroughFate+1"],"relics":["HolyWater","NeowsBlessing","Golden Idol","Damaru","Boot","Yang","Bag of Marbles","Orichalcum"],"acts_visited":["Exordium","TheCity"],"potions_floor_usage":[25],"damage_taken":[{"damage":0.0,"enemies":"2 Louse","floor":1.0,"turns":1.0},{"damage":0.0,"enemies":"Gremlin Nob","floor":7.0,"turns":1.0},{"damage":0.0,"enemies":"Small Slimes","floor":8.0,"turns":2.0},{"damage":5.0,"enemies":"Cultist","floor":11.0,"turns":3.0},{"damage":9.0,"enemies":"Gremlin Gang","floor":13.0,"turns":5.0},{"damage":0.0,"enemies":"Lagavulin","floor":14.0,"turns":7.0},{"damage":5.0,"enemies":"Hexaghost","floor":16.0,"turns":8.0},{"damage":4.0,"enemies":"Shell Parasite","floor":18.0,"turns":3.0},{"damage":24.0,"enemies":"Spheric Guardian","floor":20.0,"turns":6.0},{"damage":18.0,"enemies":"Snake Plant","floor":21.0,"turns":3.0},{"damage":4,"enemies":"3 Cultists","floor":22,"turns":7},{"damage":20,"enemies":"Shelled Parasite and Fungi","floor":24,"turns":5},{"damage":0,"enemies":"Centurion and Healer","floor":25,"turns":2},{"damage":0,"enemies":"Gremlin Leader","floor":27,"turns":2}],"seed_played":"-5896750311159248222","potions_obtained":[{"floor":1.0,"key":"Ancient Potion"},{"floor":8.0,"key":"LiquidBronze"},{"floor":16.0,"key":"CultistPotion"},{"floor":20.0,"key":"SteroidPotion"},{"floor":24,"key":"SteroidPotion"}],"is_trial":false,"path_per_floor":["M","$","?","?","?","R","E","M","T","$","M","?","M","E","R","B",null,"M","$","M","M","M","R","M","M","T","E"],"character_chosen":"WATCHER","items_purchased":["Good Instincts"],"campfire_rested":1,"item_purchase_floors":[10],"current_hp_per_floor":[65,65,70,51,39,39,39,39,39,39,34,34,25,25,25,20,63,59,59,35,17,13,36,16,16,16,16,16],"gold":237,"neow_bonus":"THREE_ENEMY_KILL","is_daily":false,"chose_seed":false,"campfire_upgraded":2,"win_rate":0.0,"timestamp":1613156504,"path_taken":["M","$","?","?","?","R","E","M","T","$","M","?","?","E","R","BOSS","M","$","?","?","M","R","?","M","T","E"],"items_purchased_type":["Card"],"build_version":"2020-12-22","purchased_purges":2,"victory":false,"max_hp_per_floor":[72,72,77,77,77,77,77,77,77,77,77,77,77,77,77,77,77,77,77,77,77,77,77,77,77,77,77,77],"card_choices":[{"not_picked":["Swivel","JustLucky"],"picked":"WindmillStrike","floor":1.0},{"not_picked":["Conclude","Halt","PathToVictory"],"picked":"SKIP","floor":7.0},{"not_picked":["EmptyFist","CrushJoints"],"picked":"Prostrate","floor":8.0},{"not_picked":["LikeWater","Halt"],"picked":"Consecrate","floor":11.0},{"not_picked":["SashWhip","EmptyBody"],"picked":"Prostrate","floor":13.0},{"not_picked":["EmptyBody","Perseverance"],"picked":"Devotion","floor":14.0},{"not_picked":["MasterReality","Ragnarok"],"picked":"LessonLearned","floor":16.0},{"not_picked":["Crescendo","PathToVictory"],"picked":"Prostrate","floor":18.0},{"not_picked":["EmptyFist","Vengeance"],"picked":"CutThroughFate","floor":20.0},{"not_picked":["Consecrate","EmptyBody","PathToVictory"],"picked":"SKIP","floor":21.0},{"not_picked":["Adaptation+1","WheelKick+1","JustLucky"],"picked":"SKIP","floor":22},{"not_picked":["Protect","Weave","JustLucky"],"picked":"SKIP","floor":24},{"not_picked":["Adaptation","Evaluate","EmptyFist"],"picked":"SKIP","floor":25}],"player_experience":981005,"relics_obtained":[{"floor":7.0,"key":"Boot"},{"floor":9.0,"key":"Yang"},{"floor":14.0,"key":"Bag of Marbles"},{"floor":26,"key":"Orichalcum"}],"event_choices":[{"damage_healed":0.0,"max_hp_gain":5.0,"max_hp_loss":0.0,"gold_gain":0.0,"event_name":"Big Fish","player_choice":"Donut","floor":3.0,"gold_loss":0.0,"damage_taken":0.0},{"damage_healed":0.0,"max_hp_gain":0.0,"max_hp_loss":0.0,"gold_gain":0.0,"event_name":"Golden Idol","player_choice":"Take Damage","floor":4.0,"gold_loss":0.0,"damage_taken":19.0,"relics_obtained":["Golden Idol"]},{"damage_healed":0.0,"max_hp_gain":0.0,"max_hp_loss":0.0,"gold_gain":0.0,"event_name":"Scrap Ooze","player_choice":"Success","floor":5.0,"gold_loss":0.0,"damage_taken":12.0,"relics_obtained":["Damaru"]},{"damage_healed":0.0,"max_hp_gain":0.0,"max_hp_loss":0.0,"gold_gain":0.0,"event_name":"Wheel of Change","player_choice":"Cursed","floor":12.0,"gold_loss":0.0,"damage_taken":0.0,"cards_obtained":["Decay"]}],"is_beta":false,"boss_relics":[{"not_picked":["Runic Pyramid","Ectoplasm"],"picked":"HolyWater"}],"items_purged_floors":[2,19],"is_endless":false,"potions_floor_spawned":[1,8,16,20,24],"killed_by":"Gremlin Leader","ascension_level":10}}