{"host":"fxrgx7wt2cpkbhka","time":1613111473,"event":{"mods":["AchievementEnabler","BaseMod","Colored Powertips","Dark Map","Minty Spire (QoL Compilation)","Permanent Neow","Quick Restart","Slay-I","StSLib","Waifu the Spire"],"gold_per_floor":[213,213,228,242,242,242,256,271,294,35,35,45,45,60,60,60,60],"floor_reached":16,"language":"ENG","playtime":322,"items_purged":[],"score":165,"play_id":"b55f8df9-2c30-4f49-afe0-beefba4d8b76","local_time":"20210211223113","is_ascension_mode":true,"campfire_choices":[{"data":"Twin Strike","floor":6,"key":"SMITH"},{"data":"Iron Wave","floor":15,"key":"SMITH"}],"circlet_count":0,"master_deck":["AscendersBane","Strike_R","Strike_R","Strike_R","Strike_R+1","Strike_R","Defend_R","Defend_R","Defend_R","Defend_R","Bash","Twin Strike+1","Cleave+1","Iron Wave+1","Iron Wave","Twin Strike","Whirlwind","Reaper"],"relics":["Burning Blood","Brimstone","Orichalcum"],"acts_visited":["Exordium"],"potions_floor_usage":[],"damage_taken":[{"damage":11,"enemies":"Small Slimes","floor":1,"turns":5},{"damage":9,"enemies":"2 Louse","floor":3,"turns":3},{"damage":1,"enemies":"Cultist","floor":4,"turns":3},{"damage":11,"enemies":"Looter","floor":7,"turns":2},{"damage":11,"enemies":"Gremlin Gang","floor":8,"turns":4},{"damage":10,"enemies":"Red Slaver","floor":12,"turns":2},{"damage":0,"enemies":"Blue Slaver","floor":14,"turns":2},{"damage":38,"enemies":"Hexaghost","floor":16,"turns":4}],"seed_played":"4639650147008942798","potions_obtained":[{"floor":4,"key":"Energy Potion"},{"floor":7,"key":"Energy Potion"}],"is_trial":false,"path_per_floor":["M","?","M","M","?","R","M","M","T","$","?","M","?","M","R","B"],"character_chosen":"IRONCLAD","items_purchased":["Brimstone","Twin Strike","Whirlwind"],"campfire_rested":0,"item_purchase_floors":[10,10,10],"current_hp_per_floor":[63,63,60,65,42,42,37,32,32,32,32,28,28,34,34,0,0],"gold":60,"neow_bonus":"HUNDRED_GOLD","is_daily":false,"chose_seed":false,"campfire_upgraded":2,"win_rate":0.0,"timestamp":1613111473,"path_taken":["M","?","M","M","?","R","M","M","T","$","?","?","?","?","R","BOSS"],"items_purchased_type":["Relic","Card","Card"],"build_version":"2020-12-22","purchased_purges":0,"victory":false,"max_hp_per_floor":[75,75,75,75,75,75,75,75,75,75,75,75,75,75,75,75,75],"card_choices":[{"not_picked":["Havoc","Anger"],"picked":"Twin Strike","floor":1},{"not_picked":["Pommel Strike","Anger","Clothesline"],"picked":"SKIP","floor":3},{"not_picked":["Intimidate","Thunderclap"],"picked":"Cleave","floor":4},{"not_picked":["Clothesline","Wild Strike"],"picked":"Iron Wave","floor":7},{"not_picked":["Headbutt","Dropkick"],"picked":"Iron Wave","floor":8},{"not_picked":["Warcry","Infernal Blade","Fire Breathing"],"picked":"SKIP","floor":12},{"not_picked":["Twin Strike","Havoc"],"picked":"Reaper","floor":14}],"player_experience":769590,"relics_obtained":[{"floor":11,"key":"Orichalcum"}],"event_choices":[{"damage_healed":0,"gold_gain":0,"player_choice":"Ignored","damage_taken":0,"max_hp_gain":0,"max_hp_loss":0,"event_name":"Golden Wing","floor":2,"gold_loss":0},{"damage_healed":0,"gold_gain":0,"player_choice":"Entered Light","damage_taken":23,"max_hp_gain":0,"max_hp_loss":0,"event_name":"Shining Light","floor":5,"gold_loss":0,"cards_upgraded":["Strike_R","Cleave"]},{"damage_healed":0,"gold_gain":0,"player_choice":"Relic","damage_taken":0,"max_hp_gain":0,"max_hp_loss":0,"event_name":"Wheel of Change","floor":11,"gold_loss":0},{"damage_healed":0,"gold_gain":0,"player_choice":"0 cards matched","damage_taken":0,"max_hp_gain":0,"max_hp_loss":0,"event_name":"Match and Keep!","floor":13,"gold_loss":0,"cards_obtained":[]}],"is_beta":false,"boss_relics":[],"items_purged_floors":[],"is_endless":false,"potions_floor_spawned":[4,7,12,14],"killed_by":"Hexaghost","ascension_level":15}}