{"host":"j5shy70asow5koz5","time":1613131943,"event":{"mods":["2.2 Compatiblity","Act Like it!","Arknights","BaseMod","Colored Map","Marisa£¨Ùöéë¡¡Øª×âÞÞ£©","Minty Spire (QoL Compilation)","Prisma Mod","StSLib","SuperFastMode","Td1madao Mod","The Disciple","The Gatherer","The Servant 0.9.4","Waifu the Spire"],"gold_per_floor":[115,131,131,150,171,214,214,234,258,281,281,281,305,330,330,330,330],"floor_reached":16,"language":"KOR","playtime":365,"items_purged":[],"score":106,"play_id":"664218be-c3cc-4e35-b725-d940f8daf2d9","local_time":"20210212211223","is_ascension_mode":false,"campfire_choices":[{"data":"Sever Soul","floor":7,"key":"SMITH"},{"data":"True Grit","floor":11,"key":"SMITH"},{"data":"Wild Strike","floor":15,"key":"SMITH"}],"circlet_count":0,"master_deck":["Strike_R","Strike_R","Strike_R","Strike_R","Defend_R","Defend_R","Defend_R","Defend_R","Bash","Sever Soul+1","Power Through","Evolve","True Grit+1","Wild Strike+1","Wild Strike","Pommel Strike","Wild Strike"],"relics":["Burning Blood","Golden Idol","Mango","Anchor","Lantern"],"acts_visited":["Exordium"],"potions_floor_usage":[16],"damage_taken":[{"damage":0.0,"enemies":"Cultist","floor":1.0,"turns":2.0},{"damage":6.0,"enemies":"Jaw Worm","floor":2.0,"turns":2.0},{"damage":9.0,"enemies":"ats:Genji","floor":4.0,"turns":3.0},{"damage":10.0,"enemies":"Looter","floor":5.0,"turns":4.0},{"damage":28,"enemies":"Lagavulin","floor":6,"turns":7},{"damage":21,"enemies":"2 Fungi Beasts","floor":8,"turns":4},{"damage":1,"enemies":"3 Louse","floor":10,"turns":3},{"damage":6,"enemies":"Large Slime","floor":13,"turns":7},{"damage":9,"enemies":"Exordium Thugs","floor":14,"turns":5},{"damage":16,"enemies":"Hexaghost","floor":16,"turns":8}],"seed_played":"-1654547485249286697","potions_obtained":[{"floor":2.0,"key":"Swift Potion"},{"floor":5.0,"key":"Dexterity Potion"},{"floor":6,"key":"LiquidMemories"}],"is_trial":false,"path_per_floor":["M","M","?","M","M","E","R","M","T","M","R","?","M","M","R","B"],"character_chosen":"IRONCLAD","items_purchased":[],"campfire_rested":0,"item_purchase_floors":[],"current_hp_per_floor":[80,80,60,57,53,45,45,30,30,35,35,28,28,25,25,9,9],"gold":330,"neow_bonus":"TRANSFORM_CARD","is_daily":false,"chose_seed":false,"campfire_upgraded":3,"win_rate":0.0,"timestamp":1613131943,"path_taken":["M","?","?","M","M","E","R","M","T","M","R","?","M","M","R","BOSS"],"items_purchased_type":[],"build_version":"2020-12-22","purchased_purges":0,"victory":false,"max_hp_per_floor":[80,80,80,80,80,94,94,94,94,94,94,94,94,94,94,94,94],"card_choices":[{"not_picked":["Havoc","Flame Barrier","Twin Strike"],"picked":"SKIP","floor":1.0},{"not_picked":["Rage","Twin Strike"],"picked":"Power Through","floor":2.0},{"not_picked":["Clash","Combust"],"picked":"Evolve","floor":4.0},{"not_picked":["Iron Wave","Heavy Blade","Burning Pact"],"picked":"SKIP","floor":5.0},{"not_picked":["Clash","Anger"],"picked":"True Grit","floor":6},{"not_picked":["Anger","Dark Embrace"],"picked":"Wild Strike","floor":8},{"not_picked":["Warcry","Anger"],"picked":"Wild Strike","floor":10},{"not_picked":["True Grit","Blood for Blood"],"picked":"Pommel Strike","floor":13},{"not_picked":["Fiend Fire","Battle Trance"],"picked":"Wild Strike","floor":14}],"player_experience":105419,"relics_obtained":[{"floor":6,"key":"Mango"},{"floor":9,"key":"Anchor"}],"event_choices":[{"damage_healed":0.0,"max_hp_gain":0.0,"max_hp_loss":0.0,"gold_gain":0.0,"event_name":"Golden Idol","player_choice":"Take Damage","floor":3.0,"gold_loss":0.0,"damage_taken":20.0,"relics_obtained":["Golden Idol"]},{"damage_healed":0,"gold_gain":0,"player_choice":"Success","damage_taken":7,"relics_obtained":["Lantern"],"max_hp_gain":0,"max_hp_loss":0,"event_name":"Scrap Ooze","floor":12,"gold_loss":0}],"is_beta":false,"boss_relics":[],"items_purged_floors":[],"is_endless":false,"potions_floor_spawned":[2,5,6,10,13],"killed_by":"Hexaghost","ascension_level":0}}