{"host":"xltl1aroowo69o4n","time":1613107467,"event":{"mods":["BaseMod","Colored Map","Colored Powertips","Downfall","Marisa????????","Minty Spire (QoL Compilation)","Replay The Spire","StSLib","The Cursed","The Hierophant","The Mystic","The Necromancer","The Servant 0.9.4"],"gold_per_floor":[197,215,215,215,230,35,46,59,59,70,100,15,34,57,57,71,83,183,183,183,202,219,219,231,246,298,298,298,366,366,366,53,66,77,175,175,175,192,243,294,294,294,294,307,325,338,350,364,397,407,422,422],"floor_reached":53,"language":"ENG","playtime":2899,"items_purged":["downfall:Icky"],"score":699,"play_id":"13795cf7-fa0a-4fcf-a19b-929fae96a3b2","local_time":"20210212002427","is_ascension_mode":false,"campfire_choices":[{"data":"expansioncontent:DashGenerateEvil","floor":15.0,"key":"SMITH"},{"floor":27,"key":"REST"},{"data":"Summon_Vampire_Lady","floor":30,"key":"SMITH"},{"floor":37,"key":"DIG"},{"data":"Chill_Blood","floor":42,"key":"SMITH"}],"circlet_count":0,"master_deck":["Strike_W","Strike_W","Strike_W","Strike_W","Defend_W","Defend_W","Defend_W","Defend_W","Negative_Energy_Arrows","Bone_Wall","Negative_Energy_Shield","Bone_Armor","Exploit","expansioncontent:DashGenerateEvil+1","Consume_Illness","Blood_Curse","Grasp_Heart+1","Chill_Blood+1","Death_March_Dance","Summon_Lich","Shackles_Of_Pain","Spectral_Walk","Summon_Vampire_Lady+1","Corrupt","Hellfire+1","downfall:Bewildered","Blood_Curse","Bone_Bullets","Reap_The_Weak","Uncharnel","Slimebound:CheckThePlaybook","Summon_Undead","Whirlwind_of_Bones","Negative_Energy_Javelin","Life_Tap+1","Cloudkill","Spectral_Armor","Whirlwind_of_Bones+1","Epidemic","Negative_Energy_Shield","Negative_Energy_Mist"],"relics":["Vampire_Amulet","Boot","Odd Mushroom","Busted Crown","sneckomod:BabySnecko","Potion Belt","Matryoshka","Guide Book","Snecko Eye","ReplayFunnel","White Beast Statue","Replay:Mystery Machine","FossilizedHelix","Red Mask","downfall:RedIOUUpgrade","Vajra","Letter Opener","Oddly Smooth Stone"],"acts_visited":["Exordium","TheCity","TheBeyond"],"potions_floor_usage":[35,35,40,46,49,52,52,52,52],"damage_taken":[{"damage":0.0,"enemies":"Jaw Worm","floor":2.0,"turns":3.0},{"damage":0.0,"enemies":"2 Louse","floor":5.0,"turns":2.0},{"damage":0.0,"enemies":"downfall:FleeingMerchant","floor":6.0,"turns":4.0},{"damage":0.0,"enemies":"Cultist","floor":7.0,"turns":3.0},{"damage":3.0,"enemies":"Lots of Slimes","floor":8.0,"turns":4.0},{"damage":0.0,"enemies":"3 Louse","floor":10.0,"turns":4.0},{"damage":10.0,"enemies":"Replay:BlueRogue","floor":11.0,"turns":5.0},{"damage":0.0,"enemies":"downfall:FleeingMerchant","floor":12.0,"turns":4.0},{"damage":0.0,"enemies":"Exordium Wildlife","floor":13.0,"turns":2.0},{"damage":0.0,"enemies":"The Mushroom Lair","floor":14.0,"turns":1.0},{"damage":8.0,"enemies":"2 Fungi Beasts","floor":16.0,"turns":3.0},{"damage":18.0,"enemies":"Exordium Thugs","floor":17.0,"turns":4.0},{"damage":19.0,"enemies":"SI_SHIV_ARCHETYPE","floor":18.0,"turns":8.0},{"damage":8,"enemies":"Shell Parasite","floor":21,"turns":4},{"damage":31,"enemies":"Sentry and Sphere","floor":22,"turns":6},{"damage":14,"enemies":"Centurion and Healer","floor":24,"turns":6},{"damage":0,"enemies":"Snecko","floor":25,"turns":3},{"damage":0,"enemies":"downfall:FleeingMerchant","floor":32,"turns":4},{"damage":13,"enemies":"Snake Plant","floor":33,"turns":3},{"damage":5,"enemies":"Shelled Parasite and Fungi","floor":34,"turns":2},{"damage":50,"enemies":"WA_ARCHETYPE_CALM","floor":35,"turns":7},{"damage":9,"enemies":"Orb Walker","floor":38,"turns":3},{"damage":19,"enemies":"2 Orb Walkers","floor":40,"turns":4},{"damage":0,"enemies":"3 Shapes","floor":44,"turns":3},{"damage":8,"enemies":"Maw","floor":45,"turns":6},{"damage":2,"enemies":"Sphere and 2 Shapes","floor":46,"turns":3},{"damage":7,"enemies":"Spire Growth","floor":47,"turns":4},{"damage":3,"enemies":"Jaw Worm Horde","floor":48,"turns":2},{"damage":43,"enemies":"Reptomancer","floor":49,"turns":5},{"damage":16,"enemies":"Sphere and 2 Shapes","floor":50,"turns":4},{"damage":0,"enemies":"Spire Growth","floor":51,"turns":5},{"damage":10,"enemies":"IC_BLOCK_ARCHETYPE","floor":52,"turns":9}],"seed_played":"1794163301894714179","potions_obtained":[{"floor":5.0,"key":"hexamod:SoulburnPotion"},{"floor":8.0,"key":"PowerPotion"},{"floor":13.0,"key":"Energy Potion"},{"floor":14.0,"key":"LiquidBronze"},{"floor":16.0,"key":"Flashbang"},{"floor":22,"key":"Cursed Concoction"},{"floor":25,"key":"Languid Potion"},{"floor":33,"key":"SkillPotion"},{"floor":34,"key":"Toxic Potion"},{"floor":38,"key":"Swift Potion"},{"floor":40,"key":"FairyPotion"},{"floor":44,"key":"sneckomod:MuddlingPotion"},{"floor":45,"key":"PowerPotion"},{"floor":46,"key":"Regen Potion"},{"floor":49,"key":"SkillPotion"},{"floor":50,"key":"Block Potion"}],"is_trial":false,"path_per_floor":["R_BF","M","PTL","PTL","M","$","M","M","T","M","E","$","M","?","R","M","M","B",null,"R_BF","M","M","?","M","M","T","R","?","T","R","?","$","M","M","B",null,"R_BF","M","?","?","?","R","T","M","M","M","M","M","E","M","M","B",null],"character_chosen":"NECROMANCER","items_purchased":["expansioncontent:DashGenerateEvil","Summon_Lich","Guide Book","Whirlwind_of_Bones"],"campfire_rested":1,"item_purchase_floors":[6,12,32,32],"current_hp_per_floor":[75,75,75,75,75,75,75,75,75,75,67,67,71,75,75,69,64,72,75,75,75,52,52,42,44,44,66,66,66,66,66,72,64,63,36,75,75,68,68,62,62,62,62,71,72,75,70,73,50,52,57,69],"gold":422,"neow_bonus":"RANDOM_COMMON_RELIC","is_daily":false,"chose_seed":false,"campfire_upgraded":3,"win_rate":0.0,"timestamp":1613107467,"path_taken":["R_BF","M","PTL","PTL","M","$","M","M","T","M","E","$","M","?","R","M","M","BOSS","R_BF","M","M","?","?","M","T","R","?","?","R","?","?","?","M","BOSS","R_BF","M","?","?","?","R","T","M","M","M","M","M","E","M","M","BOSS"],"items_purchased_type":["Card","Card","Relic","Card"],"build_version":"2020-12-13","purchased_purges":1,"victory":true,"max_hp_per_floor":[75,75,75,75,75,75,75,75,75,75,75,75,75,75,75,75,75,75,75,75,75,75,75,75,75,75,75,75,75,75,75,75,75,75,75,75,75,75,75,75,75,75,75,75,75,75,75,75,75,75,75,75],"card_choices":[{"not_picked":["Death_March_Dance","Bones_to_Steel"],"picked":"Negative_Energy_Shield","floor":2.0},{"not_picked":["Negative_Energy_Mist","Toxic_Smoke_Screen"],"picked":"Bone_Armor","floor":5.0},{"not_picked":["Vampiric_Strike","Bones_to_Steel"],"picked":"Exploit","floor":6.0},{"not_picked":["Bone_Bullets","Chill_Blood"],"picked":"Consume_Illness","floor":7.0},{"not_picked":["Blood_Shield","Negative_Energy_Shield"],"picked":"Blood_Curse","floor":8.0},{"not_picked":["Blood_Curse","Bone_Armory"],"picked":"Grasp_Heart","floor":10.0},{"not_picked":["Bone_Armor","Shackles_Of_Pain"],"picked":"Chill_Blood","floor":11.0},{"not_picked":["Toxic_Smoke_Screen","Plague_Bolt"],"picked":"Death_March_Dance","floor":12.0},{"not_picked":["Blood_Curse","Bone_Shift"],"picked":"Shackles_Of_Pain","floor":13.0},{"not_picked":["Vampiric_Strike","Deaths_Shadow"],"picked":"Spectral_Walk","floor":14.0},{"not_picked":["Bone_Bullets","Toxic_Smoke_Screen"],"picked":"Summon_Vampire_Lady","floor":16.0},{"not_picked":["Plague_Bolt","Consume_Illness"],"picked":"Corrupt","floor":17.0},{"not_picked":["Blood_Wake","Cloudkill"],"picked":"Hellfire","floor":18.0},{"not_picked":[],"picked":"Blood_Curse","floor":21},{"not_picked":[],"picked":"Bone_Bullets","floor":22},{"not_picked":[],"picked":"Thousand_Bone_Knives","floor":24},{"not_picked":[],"picked":"Uncharnel","floor":25},{"not_picked":[],"picked":"Summon_Undead","floor":32},{"not_picked":[],"picked":"Negative_Energy_Javelin","floor":33},{"not_picked":[],"picked":"Life_Tap+1","floor":34},{"not_picked":[],"picked":"Cloudkill","floor":35},{"not_picked":[],"picked":"Spectral_Armor","floor":38},{"not_picked":[],"picked":"Whirlwind_of_Bones+1","floor":40},{"not_picked":["Shackles_Of_Pain"],"picked":"SKIP","floor":44},{"not_picked":["Life_Tap"],"picked":"SKIP","floor":45},{"not_picked":["Shackles_Of_Pain+1"],"picked":"SKIP","floor":46},{"not_picked":["Bone_Shift"],"picked":"SKIP","floor":47},{"not_picked":["Necromantic_Selection"],"picked":"SKIP","floor":48},{"not_picked":[],"picked":"Epidemic","floor":49},{"not_picked":[],"picked":"Negative_Energy_Shield","floor":50},{"not_picked":[],"picked":"Negative_Energy_Mist","floor":51}],"player_experience":181048,"relics_obtained":[{"floor":9.0,"key":"Toy Ornithopter"},{"floor":11.0,"key":"InkBottle"},{"floor":14.0,"key":"Odd Mushroom"},{"floor":26,"key":"Potion Belt"},{"floor":29,"key":"Matryoshka"},{"floor":37,"key":"ReplayFunnel"},{"floor":39,"key":"White Beast Statue"},{"floor":39,"key":"Replay:Mystery Machine"},{"floor":40,"key":"FossilizedHelix"},{"floor":43,"key":"Vajra"},{"floor":43,"key":"Letter Opener"},{"floor":49,"key":"Oddly Smooth Stone"}],"event_choices":[{"damage_healed":0.0,"max_hp_gain":0.0,"max_hp_loss":0.0,"gold_gain":0.0,"event_name":"Mushrooms","player_choice":"Fought Mushrooms","floor":14.0,"gold_loss":0.0,"damage_taken":0.0},{"damage_healed":0,"gold_gain":0,"player_choice":"Fight","damage_taken":0,"max_hp_gain":0,"max_hp_loss":0,"event_name":"Mysterious Sphere","floor":40,"gold_loss":0}],"is_beta":false,"boss_relics":[{"not_picked":["Runic Pyramid","Replay:Wanted Poster"],"picked":"Busted Crown"},{"not_picked":["Kintsugi","bronze:MakeshiftBattery"],"picked":"Snecko Eye"}],"items_purged_floors":[32],"is_endless":false,"potions_floor_spawned":[5,8,13,14,16,22,24,25,33,34,38,40,44,45,46,47,48,49,50,51],"ascension_level":0}}