{"host":"vrqilyg3eq27f2tn","time":1613096835,"event":{"mods":["2.2 Compatiblity","Aspiration","BaseMod","Colored Powertips","Downfall","Friendly Minions","Hermit","Minty Spire (QoL Compilation)","Relic Stats","Reliquary","Replay The Spire","StSLib","The Cursed"],"gold_per_floor":[112,112,124,49,102,132,132,158,183,35,135,161,186,212,212,323,323,356,212,234,260,260,260,260,260,310,324,324],"floor_reached":27,"language":"ENG","playtime":1170,"items_purged":["Regret"],"score":238,"play_id":"aacddf89-26f8-4cd3-adac-df7a35c23868","local_time":"20210211212715","is_ascension_mode":false,"campfire_choices":[{"data":"Wallop","floor":7,"key":"SMITH"},{"floor":15,"key":"DIG"},{"data":"Eruption","floor":23,"key":"SMITH"},{"floor":25,"key":"REST"}],"circlet_count":0,"master_deck":["Strike_P","Strike_P","Strike_P","Strike_P","Defend_P","Defend_P","Defend_P+1","Defend_P","Eruption+1","Vigilance","Wallop+1","JustLucky","Protect","Ragnarok","Prostrate","DevaForm","FlurryOfBlows+1","Voices"],"relics":["PureWater","NeowsBlessing","Blue Candle","Bag of Marbles","Replay:Bandana","Juzu Bracelet","Vajra","reliquary:Aerogel","VioletLotus","Gremlin Food","Ring of Fury","Happy Flower"],"acts_visited":["Exordium","TheCity"],"potions_floor_usage":[16,27,27],"damage_taken":[{"damage":0,"enemies":"Small Slimes","floor":1,"turns":1},{"damage":0,"enemies":"2 Louse","floor":3,"turns":1},{"damage":0,"enemies":"3 Sentries","floor":6,"turns":1},{"damage":0,"enemies":"Cultist","floor":8,"turns":2},{"damage":31,"enemies":"Gremlin Gang","floor":12,"turns":6},{"damage":10,"enemies":"Lots of Slimes","floor":13,"turns":4},{"damage":4,"enemies":"Blue Slaver","floor":14,"turns":2},{"damage":4,"enemies":"The Guardian","floor":16,"turns":11},{"damage":20,"enemies":"Shell Parasite","floor":18,"turns":3},{"damage":0,"enemies":"Chosen","floor":20,"turns":1},{"damage":36,"enemies":"Shelled Parasite and Fungi","floor":21,"turns":8},{"damage":45,"enemies":"Cultist and Chosen","floor":27,"turns":8}],"seed_played":"-1258236396031284811","potions_obtained":[{"floor":3,"key":"SteroidPotion"},{"floor":5,"key":"ColorlessPotion"},{"floor":8,"key":"Block Potion"},{"floor":13,"key":"Adrenaline Potion"},{"floor":16,"key":"FearPotion"}],"is_trial":false,"path_per_floor":["M","?","M","$","?","E","R","M","T","$","?","M","M","M","R","B",null,"M","$","M","M","$","R","?","R","T","M"],"character_chosen":"WATCHER","items_purchased":["Vajra","Gremlin Food"],"campfire_rested":1,"item_purchase_floors":[10,19],"current_hp_per_floor":[72,72,72,72,54,54,54,54,54,54,54,23,13,9,9,5,72,52,52,52,16,16,16,16,37,37,0,0],"gold":324,"neow_bonus":"THREE_ENEMY_KILL","is_daily":false,"chose_seed":false,"campfire_upgraded":2,"win_rate":0.0,"timestamp":1613096835,"path_taken":["M","?","M","$","?","E","R","?","T","$","?","M","M","M","R","BOSS","M","$","M","M","?","R","?","R","T","M"],"items_purchased_type":["Relic","Relic"],"build_version":"2020-12-22","purchased_purges":1,"victory":false,"max_hp_per_floor":[72,72,72,72,72,72,72,72,72,72,72,72,72,72,72,72,72,72,72,72,72,72,72,72,72,72,72,72],"relic_stats":{"Happy Flower":[2],"counters":[12,48],"Blue Candle":[1],"VioletLotus":[4],"Juzu Bracelet":1,"obtain_stats":[{"Gremlin Food":19,"Replay:Bandana":6,"NeowsBlessing":0,"Happy Flower":26,"reliquary:Aerogel":15,"Blue Candle":2,"Vajra":10,"Ring of Fury":24,"VioletLotus":17,"Bag of Marbles":5,"Juzu Bracelet":9,"PureWater":0},{"Gremlin Food":9,"Replay:Bandana":3,"NeowsBlessing":0,"Happy Flower":11,"reliquary:Aerogel":7,"Blue Candle":1,"Vajra":4,"Ring of Fury":11,"VioletLotus":8,"Bag of Marbles":2,"Juzu Bracelet":4,"PureWater":0},{"Gremlin Food":31,"Replay:Bandana":3,"NeowsBlessing":0,"Happy Flower":40,"reliquary:Aerogel":17,"Blue Candle":1,"Vajra":5,"Ring of Fury":40,"VioletLotus":28,"Bag of Marbles":2,"Juzu Bracelet":5,"PureWater":0}]},"card_choices":[{"not_picked":["Replay:AtTheReady","WindmillStrike"],"picked":"Wallop","floor":1},{"not_picked":["Study","Evaluate"],"picked":"JustLucky","floor":3},{"not_picked":["Consecrate","Weave"],"picked":"Protect","floor":5},{"not_picked":["ThirdEye","Indignation","Replay:BluntJabs"],"picked":"SKIP","floor":6},{"not_picked":["CutThroughFate","CrushJoints"],"picked":"Ragnarok","floor":8},{"not_picked":["Protect","BowlingBash","Replay:BluntJabs"],"picked":"SKIP","floor":12},{"not_picked":["EmptyBody","Evaluate"],"picked":"Prostrate","floor":13},{"not_picked":["Prostrate","Fasting2","PathToVictory"],"picked":"SKIP","floor":14},{"not_picked":["Blasphemy","MasterReality"],"picked":"DevaForm","floor":16},{"not_picked":["Replay:Vibes","InnerPeace"],"picked":"FlurryOfBlows+1","floor":18},{"not_picked":["Weave","Replay:AtTheReady","JustLucky"],"picked":"SKIP","floor":20},{"not_picked":["ReachHeaven+1","Replay:DivineShield","FlyingSleeves"],"picked":"SKIP","floor":21}],"player_experience":358210,"relics_obtained":[{"floor":5,"key":"Bag of Marbles"},{"floor":6,"key":"Replay:Bandana"},{"floor":9,"key":"Juzu Bracelet"},{"floor":15,"key":"reliquary:Aerogel"},{"floor":24,"key":"Ring of Fury"},{"floor":26,"key":"Happy Flower"}],"event_choices":[{"damage_healed":0,"gold_gain":0,"player_choice":"Box","damage_taken":0,"relics_obtained":["Blue Candle"],"max_hp_gain":0,"max_hp_loss":0,"event_name":"Big Fish","floor":2,"gold_loss":0,"cards_obtained":["Regret"]},{"damage_healed":0,"gold_gain":100,"player_choice":"Pray","damage_taken":0,"max_hp_gain":0,"max_hp_loss":0,"event_name":"Golden Shrine","floor":11,"gold_loss":0}],"is_beta":false,"boss_relics":[{"not_picked":["Pandora\u0027s Box","Replay:Wanted Poster"],"picked":"VioletLotus"}],"items_purged_floors":[4],"is_endless":false,"potions_floor_spawned":[3,8,13,16,18],"killed_by":"Cultist and Chosen","ascension_level":0}}