{"host":"nwd160me4iqdtr8u","time":1613158974,"event":{"mods":["AchievementEnabler","Act Like it!","BaseMod","Colored Map","DeckTracker","Keyboard Shortcuts","Minty Spire (QoL Compilation)","Quick Restart","Rare Cards Sparkle","Smile Girya","StSLib","SuperFastMode","everything is the same but u backflip on backflip"],"gold_per_floor":[109,128,139,139,13,13,26,39,39,39,52,52,79,89,89,192,192,211,224,76,76,1,1,28,28,52,84,84,99,116,135,135,239,239,249,264,264,264,277,277,58,58,58],"floor_reached":42,"language":"KOR","playtime":1714,"items_purged":["Strike_R","Strike_R"],"score":550,"play_id":"e6ee5015-99ba-487b-aa5e-86650454b57c","local_time":"20210213044254","is_ascension_mode":true,"campfire_choices":[{"data":"Double Tap","floor":6.0,"key":"SMITH"},{"data":"True Grit","floor":10.0,"key":"SMITH"},{"data":"Bludgeon","floor":15.0,"key":"SMITH"},{"data":"Armaments","floor":23.0,"key":"SMITH"},{"data":"Second Wind","floor":25.0,"key":"SMITH"},{"data":"Offering","floor":28.0,"key":"SMITH"},{"data":"Dual Wield","floor":32.0,"key":"SMITH"},{"data":"Disarm","floor":40.0,"key":"SMITH"}],"circlet_count":0,"master_deck":["Strike_R","Strike_R","Defend_R","Defend_R","Defend_R","Defend_R","Bash","Sword Boomerang","Double Tap+1","Reckless Charge","Dramatic Entrance","Clothesline","Shrug It Off","Spot Weakness","Body Slam+1","True Grit+1","Sentinel","Bludgeon+1","Armaments+1","Immolate","Disarm+1","Blood for Blood","Second Wind+1","Offering+1","Dual Wield+1","Barricade","Shrug It Off+1","Carnage"],"relics":["Burning Blood","MealTicket","Mango","White Beast Statue","Snecko Eye","Ice Cream","Akabeko","Question Card","Coffee Dripper","Boot"],"acts_visited":["Exordium","TheCity","TheBeyond"],"potions_floor_usage":[],"damage_taken":[{"damage":2.0,"enemies":"Jaw Worm","floor":1.0,"turns":3.0},{"damage":6.0,"enemies":"Cultist","floor":2.0,"turns":4.0},{"damage":0.0,"enemies":"Small Slimes","floor":3.0,"turns":3.0},{"damage":1.0,"enemies":"2 Fungi Beasts","floor":7.0,"turns":3.0},{"damage":13.0,"enemies":"Exordium Wildlife","floor":8.0,"turns":2.0},{"damage":22.0,"enemies":"Exordium Thugs","floor":11.0,"turns":4.0},{"damage":17.0,"enemies":"Lagavulin","floor":13.0,"turns":8.0},{"damage":0.0,"enemies":"Large Slime","floor":14.0,"turns":4.0},{"damage":56.0,"enemies":"Slime Boss","floor":16.0,"turns":9.0},{"damage":0.0,"enemies":"Spheric Guardian","floor":18.0,"turns":3.0},{"damage":4.0,"enemies":"Shell Parasite","floor":19.0,"turns":4.0},{"damage":4.0,"enemies":"Book of Stabbing","floor":24.0,"turns":4.0},{"damage":33.0,"enemies":"Slavers","floor":27.0,"turns":5.0},{"damage":3.0,"enemies":"Chosen and Byrds","floor":29.0,"turns":6.0},{"damage":9.0,"enemies":"Centurion and Healer","floor":30.0,"turns":3.0},{"damage":13.0,"enemies":"Shelled Parasite and Fungi","floor":31.0,"turns":3.0},{"damage":60.0,"enemies":"Champ","floor":33.0,"turns":10.0},{"damage":23.0,"enemies":"3 Darklings","floor":35.0,"turns":3.0},{"damage":15.0,"enemies":"3 Shapes","floor":36.0,"turns":2.0},{"damage":37.0,"enemies":"Transient","floor":39.0,"turns":5.0},{"damage":38,"enemies":"Spire Growth","floor":42,"turns":4}],"seed_played":"-5801129737434800525","potions_obtained":[{"floor":2.0,"key":"DistilledChaos"},{"floor":7.0,"key":"Energy Potion"},{"floor":14.0,"key":"HeartOfIron"},{"floor":16.0,"key":"HeartOfIron"},{"floor":18.0,"key":"BloodPotion"},{"floor":19.0,"key":"Weak Potion"},{"floor":24.0,"key":"BloodPotion"},{"floor":27.0,"key":"Ancient Potion"},{"floor":29.0,"key":"Weak Potion"},{"floor":30.0,"key":"Energy Potion"},{"floor":31.0,"key":"Swift Potion"},{"floor":33.0,"key":"HeartOfIron"},{"floor":35.0,"key":"ColorlessPotion"},{"floor":36.0,"key":"Energy Potion"},{"floor":39.0,"key":"LiquidBronze"}],"is_trial":false,"path_per_floor":["M","M","M","?","$","R","M","M","T","R","M","?","E","M","R","B",null,"M","M","$","?","?","R","E","R","T","E","R","M","M","M","R","B",null,"M","M","?","T","M","R","$","M"],"character_chosen":"IRONCLAD","items_purchased":["Shrug It Off","Spot Weakness","Blood for Blood","Carnage","PowerPotion"],"campfire_rested":0,"item_purchase_floors":[5,5,20,41,41],"current_hp_per_floor":[80,80,80,80,80,80,80,73,87,87,71,71,60,66,66,16,75,81,83,94,94,94,94,94,94,94,85,85,88,85,78,78,24,77,60,51,51,51,20,20,35,0,0],"gold":58,"neow_bonus":"RANDOM_COMMON_RELIC","is_daily":false,"chose_seed":false,"campfire_upgraded":8,"win_rate":0.0,"timestamp":1613158974,"path_taken":["M","M","M","?","?","R","M","?","T","R","M","?","E","M","R","BOSS","M","?","$","?","?","R","E","R","T","E","R","M","M","M","R","BOSS","M","M","?","?","M","R","?","M"],"items_purchased_type":["Card","Card","Card","Card","Potion"],"build_version":"2020-12-22","purchased_purges":2,"victory":false,"max_hp_per_floor":[80,80,80,80,80,80,80,80,94,94,94,94,94,94,94,94,94,94,94,94,94,94,94,94,94,94,94,94,94,94,94,94,94,94,94,94,89,89,89,89,89,89,89],"card_choices":[{"not_picked":["Twin Strike","Perfected Strike"],"picked":"Sword Boomerang","floor":1.0},{"not_picked":["Pommel Strike","Uppercut"],"picked":"Double Tap","floor":2.0},{"not_picked":["Cleave","Twin Strike"],"picked":"Reckless Charge","floor":3.0},{"not_picked":["Combust","Flex"],"picked":"Body Slam","floor":7.0},{"not_picked":["Sword Boomerang","Cleave"],"picked":"True Grit","floor":8.0},{"not_picked":["Sword Boomerang","Fire Breathing"],"picked":"Sentinel","floor":11.0},{"not_picked":["Dark Embrace","Clothesline"],"picked":"Bludgeon","floor":13.0},{"not_picked":["Sword Boomerang","Dark Embrace"],"picked":"Armaments","floor":14.0},{"not_picked":["Offering","Berserk"],"picked":"Immolate","floor":16.0},{"not_picked":["Entrench","Pommel Strike"],"picked":"Disarm","floor":18.0},{"not_picked":["Combust","Thunderclap","True Grit"],"picked":"SKIP","floor":19.0},{"not_picked":["Wild Strike","Feel No Pain+1"],"picked":"Second Wind","floor":24.0},{"not_picked":["Disarm","Uppercut"],"picked":"Offering","floor":27.0},{"not_picked":["Havoc","Inflame+1","Headbutt"],"picked":"Dual Wield","floor":29.0},{"not_picked":["Anger","Warcry","Body Slam","Flex"],"picked":"SKIP","floor":30.0},{"not_picked":["Burning Pact","Body Slam+1","Iron Wave","Inflame"],"picked":"SKIP","floor":31.0},{"not_picked":["Berserk","Limit Break","Bludgeon"],"picked":"Barricade","floor":33.0},{"not_picked":["Shrug It Off+1","Iron Wave","Sword Boomerang+1","Searing Blow"],"picked":"SKIP","floor":35.0},{"not_picked":["Combust","Wild Strike","Bloodletting"],"picked":"Shrug It Off+1","floor":36.0},{"not_picked":["Warcry+1","Burning Pact","Spot Weakness","Evolve"],"picked":"SKIP","floor":39.0}],"player_experience":416957,"relics_obtained":[{"floor":9.0,"key":"Mango"},{"floor":13.0,"key":"White Beast Statue"},{"floor":24.0,"key":"Ice Cream"},{"floor":26.0,"key":"Akabeko"},{"floor":27.0,"key":"Question Card"},{"floor":38.0,"key":"Boot"}],"event_choices":[{"damage_healed":0.0,"max_hp_gain":0.0,"max_hp_loss":0.0,"gold_gain":0.0,"event_name":"Match and Keep!","player_choice":"2 cards matched","floor":4.0,"gold_loss":0.0,"damage_taken":0.0,"cards_obtained":["Dramatic Entrance","Clothesline"]},{"damage_healed":0.0,"max_hp_gain":0.0,"max_hp_loss":0.0,"gold_gain":0.0,"event_name":"Accursed Blacksmith","player_choice":"Forge","floor":12.0,"gold_loss":0.0,"damage_taken":0.0,"cards_upgraded":["Body Slam"]},{"damage_healed":0.0,"max_hp_gain":0.0,"max_hp_loss":0.0,"gold_gain":0.0,"event_name":"Vampires","player_choice":"Ignored","floor":21.0,"gold_loss":0.0,"damage_taken":0.0},{"cards_removed":["Strike_R"],"damage_healed":0.0,"max_hp_gain":0.0,"max_hp_loss":0.0,"gold_gain":0.0,"event_name":"Beggar","player_choice":"Gave Gold","floor":22.0,"gold_loss":75.0,"damage_taken":0.0},{"damage_healed":0.0,"max_hp_gain":0.0,"max_hp_loss":5.0,"gold_gain":0.0,"event_name":"Winding Halls","player_choice":"Max HP","floor":37.0,"gold_loss":0.0,"damage_taken":0.0}],"is_beta":false,"boss_relics":[{"not_picked":["Empty Cage","SacredBark"],"picked":"Snecko Eye"},{"not_picked":["Sozu","SlaversCollar"],"picked":"Coffee Dripper"}],"items_purged_floors":[20,41],"is_endless":false,"potions_floor_spawned":[2,7,14,16,18,19,24,27,29,30,31,33,35,36,39],"killed_by":"Spire Growth","ascension_level":5}}