{"host":"3y9j540ftq0by6cq","time":1613108697,"event":{"mods":["BaseMod","CapriCore","Lobotomy","Minty Spire (QoL Compilation)","Remilia¡]Á¢¦Ì²ú?¡^","StSLib","The Cursed"],"gold_per_floor":[119,134,31,41,41,41,41,16,65,82,151,176,191,203,203,305,305,325,344,344,24,56,85,135,152,152,152,152],"floor_reached":27,"language":"ZHS","playtime":1643,"items_purged":[],"score":285,"play_id":"101988fd-b701-470f-ae11-9df632364ff0","local_time":"20210212134457","is_ascension_mode":false,"campfire_choices":[{"data":"EndlessAdversity","floor":6,"key":"SMITH"},{"data":"NightDance","floor":15,"key":"SMITH"}],"circlet_count":0,"master_deck":["Strike_RM","Strike_RM","Strike_RM","Strike_RM+1","Defend_RM","Defend_RM","Defend_RM","Defend_RM","RedMoon+1","ScarletShoot","QueenOfHatred","RedRainbow","RedRainbow","EndlessAdversity+1","Regret","StarOfDavid","CharismaGuard","RedNightlessCastle","NightDance+1","EquivalentExchange","Funeral","DiffusionOfMisfortune","VampireKiss+1","MiserableFate","CharismaGuard","ScarletImprint","AfternoonTea","MillenniumVampire"],"relics":["ScarletHat","CogitoBucket","Ginger","Anchor","Calipers","SlaversCollar","Bottled Tornado","ResearcherNote","Toy Ornithopter","White Beast Statue"],"acts_visited":["Exordium","TheCity"],"potions_floor_usage":[12,12,22,23],"damage_taken":[{"damage":2,"enemies":"2 Louse","floor":1,"turns":2},{"damage":3,"enemies":"Jaw Worm","floor":2,"turns":3},{"damage":13,"enemies":"Small Slimes","floor":4,"turns":6},{"damage":2,"enemies":"Looter","floor":10,"turns":3},{"damage":41,"enemies":"Lagavulin","floor":12,"turns":5},{"damage":5,"enemies":"Large Slime","floor":13,"turns":4},{"damage":0,"enemies":"Lots of Slimes","floor":14,"turns":2},{"damage":13,"enemies":"Slime Boss","floor":16,"turns":9},{"damage":6,"enemies":"3 Byrds","floor":18,"turns":6},{"damage":3,"enemies":"Chosen","floor":19,"turns":5},{"damage":76,"enemies":"Snecko","floor":22,"turns":7},{"damage":28,"enemies":"Gremlin Leader","floor":23,"turns":5},{"damage":14,"enemies":"Cultist and Chosen","floor":25,"turns":8},{"damage":46,"enemies":"3 Cultists","floor":27,"turns":4}],"seed_played":"1655419320542467476","potions_obtained":[{"floor":1,"key":"ColorlessPotion"},{"floor":4,"key":"DistilledChaos"},{"floor":13,"key":"LiquidBronze"},{"floor":22,"key":"SkillPotion"}],"is_trial":false,"path_per_floor":["M","M","$","M","?","R","?","$","T","M","?","E","M","M","R","B",null,"M","M","?","$","M","E","?","M","T","M"],"character_chosen":"REMILIA","items_purchased":["FairyPotion","BlasphemousPunishment","Bottled Tornado","FavorOfDestiny","CharismaGuard"],"campfire_rested":0,"item_purchase_floors":[3,8,21,21,21],"current_hp_per_floor":[73,75,75,64,49,49,49,49,49,55,55,20,25,28,28,34,75,70,73,73,73,13,17,17,23,23,0,0],"gold":152,"neow_bonus":"","is_daily":false,"chose_seed":false,"campfire_upgraded":2,"win_rate":0.0,"timestamp":1613108697,"path_taken":["M","M","$","M","?","R","?","?","T","M","?","E","M","?","R","BOSS","M","M","?","$","M","E","?","M","T","?"],"items_purchased_type":["Potion","Card","Relic","Card","Card"],"build_version":"2020-12-22","purchased_purges":0,"victory":false,"max_hp_per_floor":[75,75,75,75,75,75,75,75,75,75,75,75,75,75,75,75,75,75,75,75,75,75,75,75,75,75,75,75],"card_choices":[{"not_picked":["GalaxyChild","CherryBlossoms"],"picked":"QueenOfHatred","floor":1},{"not_picked":["EndlessAdversity","FavorOfDestiny"],"picked":"RedRainbow","floor":1},{"not_picked":["UnstableMagic","MastersStateliness"],"picked":"RedRainbow","floor":2},{"not_picked":["RedNightlessCastle","CeilingFear"],"picked":"EndlessAdversity","floor":4},{"not_picked":["ScarletNetherworld","ChainGang"],"picked":"StarOfDavid","floor":10},{"not_picked":["ScarletGensokyo","MastersStateliness"],"picked":"CharismaGuard","floor":12},{"not_picked":["StarOfDavid","BadLadyScramble"],"picked":"RedNightlessCastle","floor":13},{"not_picked":["UnstableMagic","EmergencyRegeneration"],"picked":"NightDance","floor":14},{"not_picked":["BloodyHallows","HellCatastrophe"],"picked":"EquivalentExchange","floor":16},{"not_picked":["Murderer","OSAHOGD"],"picked":"Funeral","floor":16},{"not_picked":["SuperhumanBloodyKnife","VampireKiss"],"picked":"DiffusionOfMisfortune","floor":18},{"not_picked":["ChaoticDestiny","UnderTheZenith"],"picked":"VampireKiss+1","floor":19},{"not_picked":["ForbiddenFruit","VampireClaw+1"],"picked":"ScarletImprint","floor":22},{"not_picked":["EndlessAdversity","ScarletGensokyo"],"picked":"AfternoonTea","floor":23},{"not_picked":["VampireClaw","EternalNight"],"picked":"MillenniumVampire","floor":25}],"player_experience":93569,"relics_obtained":[{"floor":9,"key":"Anchor"},{"floor":12,"key":"Calipers"},{"floor":23,"key":"Toy Ornithopter"},{"floor":26,"key":"White Beast Statue"}],"event_choices":[{"damage_healed":0,"gold_gain":0,"player_choice":"Entered Light","damage_taken":15,"max_hp_gain":0,"max_hp_loss":0,"event_name":"Shining Light","floor":5,"gold_loss":0,"cards_upgraded":["Strike_RM","RedMoon"]},{"damage_healed":0,"gold_gain":0,"player_choice":"Box","damage_taken":0,"relics_obtained":["Ginger"],"max_hp_gain":0,"max_hp_loss":0,"event_name":"Big Fish","floor":7,"gold_loss":0,"cards_obtained":["Regret"]},{"damage_healed":0,"gold_gain":69,"player_choice":"Gained Gold","damage_taken":0,"max_hp_gain":0,"max_hp_loss":0,"event_name":"Golden Wing","floor":11,"gold_loss":0},{"damage_healed":0,"gold_gain":0,"player_choice":"Read","damage_taken":0,"max_hp_gain":0,"max_hp_loss":0,"event_name":"The Library","floor":20,"gold_loss":0,"cards_obtained":["MiserableFate"]},{"damage_healed":0,"gold_gain":100,"player_choice":"Bet on Murderer","damage_taken":0,"max_hp_gain":0,"max_hp_loss":0,"event_name":"The Joust","floor":24,"gold_loss":50}],"is_beta":false,"boss_relics":[{"not_picked":["Velvet Choker","Philosopher\u0027s Stone"],"picked":"SlaversCollar"}],"items_purged_floors":[],"is_endless":false,"potions_floor_spawned":[1,4,13,22],"killed_by":"3 Cultists","ascension_level":0}}