{"host":"n605f8gctjc87d7h","time":1613148052,"event":{"mods":["Aspiration","Bard","BaseMod","Better Match","Better Note","Better Skull","Better Third Choice","Conspire","Downfall","Halation","Hermit","Infinite Spire","Minty Spire (QoL Compilation)","Reliquary","Replay The Spire","Retaliation","Shade Mod","Spicy Shops","StSLib","The IronCluck","The Jungle","The Runesmith"],"gold_per_floor":[113,113,113,123,133,133,161,181,181,181,181,181,181,181],"floor_reached":13,"language":"ENG","playtime":636,"items_purged":[],"score":133,"play_id":"bdaf2e0e-caf9-48fb-a323-fe9d6e84d8da","local_time":"20210212084052","is_ascension_mode":true,"campfire_choices":[{"floor":6,"key":"REST"},{"floor":11,"key":"REST"}],"circlet_count":0,"master_deck":["AscendersBane","Strike_G","Strike_G","Strike_G","Strike_G","Strike_G","Defend_G","Defend_G","Defend_G","Defend_G","Survivor","Neutralize","ReplayTheSpireMod:Speed Training","Burn","Flying Knee","Footwork","Flechettes","Deflect"],"relics":["Ring of the Snake","conspire:BottledYoYo","Iron Hammer","conspire:Dentures"],"acts_visited":["Exordium"],"potions_floor_usage":[7,7],"damage_taken":[{"damage":2,"enemies":"Jaw Worm","floor":1,"turns":5},{"damage":11,"enemies":"infinitespire:Voidling","floor":4,"turns":6},{"damage":1,"enemies":"Small Slimes","floor":5,"turns":5},{"damage":47,"enemies":"Replay:BlueRogue","floor":7,"turns":11},{"damage":0,"enemies":"3 Louse","floor":8,"turns":4},{"damage":51,"enemies":"Gremlin Nob","floor":13,"turns":5}],"seed_played":"6940029081675515387","potions_obtained":[{"floor":1,"key":"Elixir"},{"floor":4,"key":"Poison Potion"}],"is_trial":false,"path_per_floor":["M","?","T","M","M","R","E","M","T","?","R","?","E"],"character_chosen":"THE_SILENT","items_purchased":[],"campfire_rested":2,"item_purchase_floors":[],"current_hp_per_floor":[61,61,61,50,49,70,23,23,23,23,44,44,0,0],"gold":181,"neow_bonus":"REMOVE_CARD","is_daily":false,"chose_seed":false,"campfire_upgraded":0,"win_rate":0.0,"timestamp":1613148052,"path_taken":["M","?","?","?","M","R","E","M","T","?","R","?","E"],"items_purchased_type":[],"build_version":"2020-12-22","purchased_purges":0,"victory":false,"max_hp_per_floor":[70,70,70,70,70,70,70,70,70,70,70,70,70,70],"card_choices":[{"not_picked":["Dash","Hidden Blade"],"picked":"ReplayTheSpireMod:Speed Training","floor":1},{"not_picked":["PiercingWail","Dagger Throw"],"picked":"Flying Knee","floor":4},{"not_picked":["Slice","Flying Knee"],"picked":"Footwork","floor":5},{"not_picked":["Backflip","Poisoned Stab"],"picked":"Flechettes","floor":7},{"not_picked":["Sucker Punch","Flechettes"],"picked":"Deflect","floor":8}],"player_experience":853099,"relics_obtained":[{"floor":3,"key":"conspire:BottledYoYo"},{"floor":7,"key":"Iron Hammer"},{"floor":9,"key":"conspire:Dentures"}],"event_choices":[{"damage_healed":61,"gold_gain":0,"player_choice":"Embrace Burn","damage_taken":0,"max_hp_gain":0,"max_hp_loss":70,"event_name":"betterThird:BetterShining","floor":2,"gold_loss":0},{"damage_healed":0,"gold_gain":0,"player_choice":"Leave","damage_taken":0,"max_hp_gain":0,"max_hp_loss":0,"event_name":"conspire:Investor","floor":10,"gold_loss":0},{"damage_healed":0,"gold_gain":0,"player_choice":"Ignored","damage_taken":0,"max_hp_gain":0,"max_hp_loss":0,"event_name":"Golden Idol","floor":12,"gold_loss":0}],"is_beta":false,"boss_relics":[],"items_purged_floors":[],"is_endless":false,"potions_floor_spawned":[1,4,5],"killed_by":"Gremlin Nob","ascension_level":12}}