{"host":"50qwps766cbz6ukm","time":1613140193,"event":{"mods":["BaseMod","Colored Map","Colored Powertips","DeckTracker","Highlight Path","Minty Spire (QoL Compilation)","Quick Restart","Remove Card Discount Mod","StSLib","SuperFastMode","Synergy Search"],"gold_per_floor":[109,109,109,13,25,55,55,71,71,71,71,71,71,103,115,227,239,261,273,305,330,342,382,394,406,418,430,430],"floor_reached":27,"language":"ENG","playtime":455,"items_purged":["Strike_P","Strike_P","Strike_P+1","Defend_P","Defend_P","Defend_P"],"score":402,"play_id":"c473daf0-398b-46d5-94e6-2cfa35855002","local_time":"20210212162953","is_ascension_mode":true,"campfire_choices":[{"data":"Vigilance","floor":10,"key":"SMITH"},{"data":"FlurryOfBlows","floor":12,"key":"SMITH"},{"data":"MentalFortress","floor":15,"key":"SMITH"},{"data":"Devotion","floor":24,"key":"SMITH"}],"circlet_count":0,"master_deck":["Strike_P+1","Eruption+1","Vigilance+1","FlurryOfBlows+1","Dramatic Entrance","MentalFortress+1","MentalFortress","Devotion+1","Consecrate","Establishment"],"relics":["PureWater","NeowsBlessing","Eternal Feather","NlothsMask","MawBank","Black Star","PreservedInsect","Dream Catcher","Unceasing Top"],"acts_visited":["Exordium","TheCity"],"potions_floor_usage":[],"damage_taken":[{"damage":0,"enemies":"Jaw Worm","floor":1,"turns":1},{"damage":0,"enemies":"Small Slimes","floor":5,"turns":1},{"damage":0,"enemies":"Gremlin Nob","floor":6,"turns":1},{"damage":0,"enemies":"Cultist","floor":8,"turns":3},{"damage":0,"enemies":"Lagavulin","floor":14,"turns":4},{"damage":21,"enemies":"The Guardian","floor":16,"turns":7},{"damage":14,"enemies":"Shell Parasite","floor":18,"turns":4},{"damage":10,"enemies":"2 Thieves","floor":20,"turns":3},{"damage":0,"enemies":"3 Cultists","floor":21,"turns":4},{"damage":20,"enemies":"Gremlin Leader","floor":23,"turns":6},{"damage":61,"enemies":"Book of Stabbing","floor":27,"turns":3}],"seed_played":"-4436963042946402825","potions_obtained":[{"floor":1,"key":"Energy Potion"},{"floor":8,"key":"CultistPotion"},{"floor":18,"key":"FearPotion"},{"floor":19,"key":"LiquidMemories"}],"is_trial":false,"path_per_floor":["M","?","?","$","M","E","?","M","T","R","?","R","$","E","R","B",null,"M","?","M","M","$","E","R","?","T","E"],"character_chosen":"WATCHER","items_purchased":["Dramatic Entrance"],"campfire_rested":0,"item_purchase_floors":[4],"current_hp_per_floor":[65,51,51,51,51,51,51,51,51,54,54,57,57,57,60,39,64,50,50,40,40,40,20,26,26,26,0,0],"gold":430,"neow_bonus":"THREE_ENEMY_KILL","is_daily":false,"chose_seed":false,"campfire_upgraded":4,"win_rate":0.0,"timestamp":1613140193,"path_taken":["M","?","?","$","M","E","?","?","T","R","?","R","?","E","R","BOSS","M","?","?","M","$","E","R","?","T","E"],"items_purchased_type":["Card"],"build_version":"2020-12-22","purchased_purges":6,"victory":false,"max_hp_per_floor":[72,72,72,72,72,72,72,72,72,72,72,72,72,72,72,72,72,72,72,72,72,72,72,72,72,72,72,72],"card_choices":[{"not_picked":["EmptyFist","ThirdEye"],"picked":"FlurryOfBlows","floor":1},{"not_picked":["EmptyBody","EmptyFist","BowlingBash"],"picked":"SKIP","floor":5},{"not_picked":["SignatureMove","Meditate"],"picked":"MentalFortress","floor":6},{"not_picked":["FlyingSleeves","CutThroughFate"],"picked":"MentalFortress","floor":8},{"not_picked":["Swivel","Ragnarok","CrushJoints"],"picked":"SKIP","floor":14},{"not_picked":["Brilliance","SpiritShield"],"picked":"Devotion","floor":16},{"not_picked":["Fasting2","Crescendo+1"],"picked":"Consecrate","floor":18},{"not_picked":["Collect","FlurryOfBlows","WaveOfTheHand"],"picked":"SKIP","floor":20},{"not_picked":["CutThroughFate","InnerPeace","BowlingBash+1"],"picked":"SKIP","floor":21},{"not_picked":["JustLucky+1","Halt+1"],"picked":"FlurryOfBlows+1","floor":23}],"player_experience":594413,"relics_obtained":[{"floor":6,"key":"Eternal Feather"},{"floor":14,"key":"MawBank"},{"floor":23,"key":"PreservedInsect"},{"floor":23,"key":"Dream Catcher"},{"floor":26,"key":"Unceasing Top"}],"event_choices":[{"damage_healed":0,"gold_gain":0,"player_choice":"Entered Light","damage_taken":14,"max_hp_gain":0,"max_hp_loss":0,"event_name":"Shining Light","floor":2,"gold_loss":0,"cards_upgraded":["Strike_P","Strike_P"]},{"damage_healed":0,"gold_gain":0,"player_choice":"Grow","damage_taken":0,"max_hp_gain":0,"max_hp_loss":0,"event_name":"Living Wall","floor":3,"gold_loss":0,"cards_upgraded":["Eruption"]},{"damage_healed":0,"gold_gain":0,"player_choice":"Trade","damage_taken":0,"relics_obtained":["NlothsMask"],"max_hp_gain":0,"max_hp_loss":0,"event_name":"FaceTrader","floor":7,"gold_loss":0},{"cards_removed":["Defend_P"],"damage_healed":0,"gold_gain":0,"player_choice":"Offered Basic","damage_taken":0,"max_hp_gain":0,"max_hp_loss":0,"event_name":"Bonfire Elementals","floor":11,"gold_loss":0},{"damage_healed":0,"gold_gain":0,"player_choice":"Got Potions","damage_taken":0,"max_hp_gain":0,"max_hp_loss":0,"event_name":"Lab","floor":19,"gold_loss":0},{"damage_healed":0,"gold_gain":0,"cards_transformed":["FlurryOfBlows"],"player_choice":"Transformed","damage_taken":0,"max_hp_gain":0,"max_hp_loss":0,"event_name":"Transmorgrifier","floor":25,"gold_loss":0,"cards_obtained":["Establishment"]}],"is_beta":false,"boss_relics":[{"not_picked":["Velvet Choker","Astrolabe"],"picked":"Black Star"}],"items_purged_floors":[4,4,4,4,4,4],"is_endless":false,"potions_floor_spawned":[1,8,18],"killed_by":"Book of Stabbing","ascension_level":8}}