{"host":"yx5rao87132cy5xq","time":1613154074,"event":{"mods":["2.2 Compatiblity","AchievementEnabler","BaseMod","Bestiary","Colored Map","Colored Powertips","Minty Spire (QoL Compilation)","Quick Restart","Relic Stats","Slay-I","SuperFastMode"],"gold_per_floor":[111,124,139,158,171,171,197,197,197,197,21,21,31,63,63,140,140,155,155,95,127,42,67,67,87,87,87,87,87,87],"floor_reached":29,"language":"ENG","playtime":2444,"items_purged":["Strike_R"],"score":464,"play_id":"d7dc92a4-4945-4664-b330-2b5d1b2045b8","local_time":"20210212192114","is_ascension_mode":true,"campfire_choices":[{"data":"Iron Wave","floor":6.0,"key":"SMITH"},{"data":"Flame Barrier","floor":8.0,"key":"SMITH"},{"data":"Shrug It Off","floor":15.0,"key":"SMITH"},{"floor":24,"key":"REST"},{"floor":27,"key":"REST"}],"circlet_count":0,"master_deck":["AscendersBane","Strike_R","Strike_R","Strike_R","Strike_R+1","Defend_R","Defend_R+1","Defend_R","Defend_R","Bash+1","Inflame","Headbutt+1","Iron Wave+1","Carnage","Shrug It Off+1","Flame Barrier+1","Shrug It Off+1","Iron Wave+1","Reckless Charge+1","Feed+1","True Grit+1","Dark Embrace","Armaments","Writhe"],"relics":["Burning Blood","Matryoshka","Whetstone","The Courier","Molten Egg 2","Bronze Scales","Dead Branch","Cursed Key","Red Mask","Pantograph","PreservedInsect","War Paint","Incense Burner"],"acts_visited":["Exordium","TheCity"],"potions_floor_usage":[23],"damage_taken":[{"damage":0.0,"enemies":"Cultist","floor":1.0,"turns":3.0},{"damage":11.0,"enemies":"Jaw Worm","floor":2.0,"turns":4.0},{"damage":12.0,"enemies":"Small Slimes","floor":3.0,"turns":4.0},{"damage":7.0,"enemies":"Looter","floor":4.0,"turns":3.0},{"damage":16.0,"enemies":"Blue Slaver","floor":5.0,"turns":3.0},{"damage":25.0,"enemies":"Gremlin Nob","floor":7.0,"turns":4.0},{"damage":6.0,"enemies":"Large Slime","floor":13.0,"turns":5.0},{"damage":15.0,"enemies":"3 Sentries","floor":14.0,"turns":8.0},{"damage":7.0,"enemies":"Hexaghost","floor":16.0,"turns":9.0},{"damage":14.0,"enemies":"Chosen","floor":18.0,"turns":4.0},{"damage":31.0,"enemies":"Masked Bandits","floor":21.0,"turns":6.0},{"damage":27,"enemies":"Slavers","floor":23,"turns":6},{"damage":25,"enemies":"Spheric Guardian","floor":25,"turns":6},{"damage":20,"enemies":"3 Cultists","floor":29,"turns":5}],"seed_played":"5796298869178776009","potions_obtained":[{"floor":1.0,"key":"SmokeBomb"},{"floor":3.0,"key":"Explosive Potion"},{"floor":13.0,"key":"FairyPotion"},{"floor":14.0,"key":"Weak Potion"},{"floor":16.0,"key":"Fire Potion"},{"floor":21.0,"key":"Fire Potion"}],"is_trial":false,"path_per_floor":["M","M","M","M","M","R","E","R","T","?","$","?","M","E","R","B",null,"M","?","$","?","?","E","R","M","T","R","?","M"],"character_chosen":"IRONCLAD","items_purchased":["Shrug It Off","Bronze Scales"],"campfire_rested":2,"item_purchase_floors":[11,11],"current_hp_per_floor":[74,69,63,62,52,52,33,33,33,7,7,7,7,28,28,27,63,55,55,55,30,30,9,31,12,12,34,13,0,0],"gold":87,"neow_bonus":"UPGRADE_CARD","is_daily":false,"chose_seed":false,"campfire_upgraded":3,"win_rate":0.0,"timestamp":1613154074,"path_taken":["M","?","M","M","M","R","E","R","T","?","$","?","M","E","R","BOSS","M","?","?","?","?","E","R","?","T","R","?","M"],"items_purchased_type":["Card","Relic"],"build_version":"2020-12-22","purchased_purges":1,"victory":false,"max_hp_per_floor":[75,75,75,75,75,75,75,75,75,75,75,75,75,75,75,75,75,75,75,75,75,75,75,75,75,75,75,80,84,84],"relic_stats":{"counters":[14,70],"Bronze Scales":[144],"Dead Branch":[21],"Pantograph":0,"PreservedInsect":0,"Whetstone":["Strike_R","Headbutt"],"War Paint":["Defend_R","Shrug It Off"],"Cursed Key":1,"obtain_stats":[{"Dead Branch":14,"The Courier":9,"PreservedInsect":23,"Incense Burner":26,"Whetstone":9,"War Paint":26,"Cursed Key":17,"Burning Blood":0,"Matryoshka":7,"Bronze Scales":11,"Pantograph":22,"Molten Egg 2":10,"Red Mask":21},{"Dead Branch":8,"The Courier":6,"PreservedInsect":12,"Incense Burner":13,"Whetstone":6,"War Paint":13,"Cursed Key":9,"Burning Blood":0,"Matryoshka":6,"Bronze Scales":6,"Pantograph":11,"Molten Egg 2":6,"Red Mask":11},{"Dead Branch":34,"The Courier":21,"PreservedInsect":59,"Incense Burner":65,"Whetstone":21,"War Paint":65,"Cursed Key":43,"Burning Blood":0,"Matryoshka":21,"Bronze Scales":21,"Pantograph":53,"Molten Egg 2":21,"Red Mask":53}],"Burning Blood":78},"card_choices":[{"not_picked":["Anger","Thunderclap"],"picked":"Inflame","floor":1.0},{"not_picked":["Dropkick","Flex"],"picked":"Headbutt","floor":2.0},{"not_picked":["Thunderclap","Twin Strike"],"picked":"Iron Wave","floor":3.0},{"not_picked":["Havoc","Evolve"],"picked":"Carnage","floor":4.0},{"not_picked":["Combust","Wild Strike"],"picked":"Shrug It Off","floor":5.0},{"not_picked":["Perfected Strike","Flex"],"picked":"Flame Barrier","floor":7.0},{"not_picked":["Fire Breathing","Combust"],"picked":"Iron Wave+1","floor":13.0},{"not_picked":["Limit Break","Pommel Strike+1"],"picked":"Reckless Charge+1","floor":14.0},{"not_picked":["Bludgeon+1","Demon Form"],"picked":"Feed+1","floor":16.0},{"not_picked":["Wild Strike+1","Burning Pact"],"picked":"True Grit","floor":18.0},{"not_picked":["Flex+1","Wild Strike+1"],"picked":"Dark Embrace","floor":21.0},{"not_picked":["Wild Strike+1","Pommel Strike+1"],"picked":"Armaments","floor":23},{"not_picked":["Heavy Blade+1","Clothesline+1","Headbutt+1"],"picked":"SKIP","floor":25}],"player_experience":995393,"relics_obtained":[{"floor":7.0,"key":"Matryoshka"},{"floor":9.0,"key":"Whetstone"},{"floor":9.0,"key":"The Courier"},{"floor":14.0,"key":"Dead Branch"},{"floor":21.0,"key":"Red Mask"},{"floor":23,"key":"PreservedInsect"},{"floor":26,"key":"War Paint"},{"floor":26,"key":"Incense Burner"}],"event_choices":[{"damage_healed":0.0,"max_hp_gain":0.0,"max_hp_loss":0.0,"gold_gain":0.0,"event_name":"Scrap Ooze","player_choice":"Success","floor":10.0,"gold_loss":0.0,"damage_taken":26.0,"relics_obtained":["Molten Egg 2"]},{"damage_healed":0.0,"max_hp_gain":0.0,"max_hp_loss":0.0,"gold_gain":0.0,"event_name":"Shining Light","player_choice":"Ignored","floor":12.0,"gold_loss":0.0,"damage_taken":0.0},{"damage_healed":0.0,"max_hp_gain":0.0,"max_hp_loss":0.0,"gold_gain":0.0,"event_name":"Accursed Blacksmith","player_choice":"Forge","floor":19.0,"gold_loss":0.0,"damage_taken":0.0,"cards_upgraded":["True Grit"]},{"damage_healed":0.0,"max_hp_gain":0.0,"max_hp_loss":0.0,"gold_gain":0.0,"event_name":"Masked Bandits","player_choice":"Fought Bandits","floor":21.0,"gold_loss":0.0,"damage_taken":0.0},{"damage_healed":0.0,"max_hp_gain":0.0,"max_hp_loss":0.0,"gold_gain":0.0,"event_name":"Addict","player_choice":"Obtained Relic","floor":22.0,"gold_loss":85.0,"damage_taken":0.0,"relics_obtained":["Pantograph"]},{"damage_healed":0,"gold_gain":0,"player_choice":"Shed Blood","damage_taken":26,"max_hp_gain":5,"max_hp_loss":0,"event_name":"Forgotten Altar","floor":28,"gold_loss":0}],"is_beta":false,"boss_relics":[{"not_picked":["Ectoplasm","Runic Cube"],"picked":"Cursed Key"}],"items_purged_floors":[20],"is_endless":false,"potions_floor_spawned":[1,3,13,14,16,21],"killed_by":"3 Cultists","ascension_level":17}}