{"host":"nz11ypxva4e39b7q","time":1613149636,"event":{"mods":["BaseMod","Better Third Choice","Better Vampires","Colored Map","Minty Spire (QoL Compilation)","Quick Restart","StSLib","The Marked"],"gold_per_floor":[116,116,139,314,389,389,339,378,378,55,89,89,114,150,150,276,276,296,296,296,319,319,319,355,380,380,380,414,144,187,262,262,391,391,404,178,201,214,547,547,171,197,244,255,288,288,288,298,298,298,298,298,36,63,63],"floor_reached":56,"language":"ENG","playtime":5899,"items_purged":["Doubt","theMarked:Defend","theMarked:Defend","theMarked:Strike","theMarked:Strike"],"score":1675,"play_id":"c272a176-fb6b-41be-916c-e6a3333aa729","local_time":"20210212180716","is_ascension_mode":true,"campfire_choices":[{"data":"Apotheosis","floor":6.0,"key":"SMITH"},{"floor":15.0,"key":"REST"},{"floor":23,"key":"REST"},{"floor":27,"key":"REST"},{"floor":32,"key":"REST"},{"floor":40,"key":"REST"},{"floor":47,"key":"RECALL"},{"floor":49,"key":"REST"},{"floor":52,"key":"REST"}],"circlet_count":0,"master_deck":["theMarked:Strike","theMarked:Strike","theMarked:Defend","theMarked:Defend","theMarked:SoldierOfQuellstein","Apotheosis+1","theMarked:BanishingStrike","theMarked:LightningStrikesTwice","theMarked:Generate","theMarked:MuscleMemory+1","theMarked:StartUp","Finesse","theMarked:Defy","theMarked:Electrify","theMarked:MagusForm","theMarked:Memento","theMarked:Determination+1","theMarked:WardOff","theMarked:Challenge","theMarked:WardOff","theMarked:TakeOffHeels"],"relics":["theMarked:ArtifactOfAir","Toy Ornithopter","Mummified Hand","Gremlin Horn","Ornamental Fan","Fusion Hammer","MutagenicStrength","Ancient Tea Set","Vajra","theMarked:DemonDagger","Tiny Chest","Bottled Lightning","theMarked:Eyepatch","Membership Card","Pantograph","CeramicFish","CaptainsWheel","Pen Nib","Cauldron","White Beast Statue"],"acts_visited":["Exordium","TheCity","TheBeyond","TheEnding"],"potions_floor_usage":[21,28,30,30,38,41,42,44,50,54,55,55,55,55,55],"damage_taken":[{"damage":9.0,"enemies":"Jaw Worm","floor":1.0,"turns":4.0},{"damage":4.0,"enemies":"Small Slimes","floor":3.0,"turns":4.0},{"damage":20.0,"enemies":"Gremlin Nob","floor":8.0,"turns":4.0},{"damage":14.0,"enemies":"Lagavulin","floor":11.0,"turns":6.0},{"damage":0.0,"enemies":"2 Louse","floor":13.0,"turns":1.0},{"damage":7.0,"enemies":"Gremlin Nob","floor":14.0,"turns":3.0},{"damage":0.0,"enemies":"Hexaghost","floor":16.0,"turns":8.0},{"damage":18.0,"enemies":"Shell Parasite","floor":18.0,"turns":4.0},{"damage":18,"enemies":"2 Thieves","floor":21,"turns":4},{"damage":1,"enemies":"Gremlin Leader","floor":24,"turns":4},{"damage":18,"enemies":"Snecko","floor":25,"turns":4},{"damage":24,"enemies":"Slavers","floor":28,"turns":2},{"damage":0,"enemies":"Gremlin Leader","floor":30,"turns":4},{"damage":26,"enemies":"Champ","floor":33,"turns":6},{"damage":9,"enemies":"3 Darklings","floor":35,"turns":2},{"damage":11,"enemies":"Orb Walker","floor":37,"turns":2},{"damage":30,"enemies":"Sphere and 2 Shapes","floor":38,"turns":4},{"damage":9,"enemies":"Giant Head","floor":42,"turns":5},{"damage":0,"enemies":"Maw","floor":44,"turns":5},{"damage":0,"enemies":"Reptomancer","floor":45,"turns":3},{"damage":13,"enemies":"Spire Growth","floor":48,"turns":4},{"damage":49,"enemies":"Donu and Deca","floor":50,"turns":6},{"damage":51,"enemies":"Shield and Spear","floor":54,"turns":6},{"damage":60,"enemies":"The Heart","floor":55,"turns":11}],"seed_played":"2932838207469896341","potions_obtained":[{"floor":1.0,"key":"SkillPotion"},{"floor":13.0,"key":"PowerPotion"},{"floor":14.0,"key":"Dexterity Potion"},{"floor":18.0,"key":"Dexterity Potion"},{"floor":21,"key":"Energy Potion"},{"floor":25,"key":"SkillPotion"},{"floor":35,"key":"Fruit Juice"},{"floor":42,"key":"SkillPotion"},{"floor":45,"key":"SkillPotion"}],"is_trial":false,"path_per_floor":["M","?","M","?","?","R","?","E","T","$","E","?","M","E","R","B",null,"M","?","?","M","?","R","E","M","T","R","E","$","E","T","R","B",null,"M","$","M","M","?","R","$","E","T","M","E","T","R","M","R","B",null,"R","$","E","B",null],"character_chosen":"THE_DEFAULT","items_purchased":["theMarked:MuscleMemory","theMarked:StartUp","Finesse","theMarked:WardOff","Dexterity Potion","DuplicationPotion","Fruit Juice","Membership Card","EntropicBrew","theMarked:TakeOffHeels","Fire Potion","SpeedPotion","Pen Nib","Cauldron"],"campfire_rested":7,"item_purchase_floors":[10,10,10,29,29,29,36,41,41,41,41,53,53,53],"current_hp_per_floor":[54,54,50,50,39,39,39,19,19,19,5,5,5,3,22,27,56,38,38,38,25,25,44,43,25,25,44,25,25,35,35,54,28,56,47,47,36,11,11,30,40,41,41,46,46,46,46,33,55,26,63,75,75,29,19],"gold":63,"neow_bonus":"RANDOM_COLORLESS_2","is_daily":false,"chose_seed":false,"campfire_upgraded":1,"win_rate":0.0,"timestamp":1613149636,"path_taken":["M","?","M","?","?","R","?","E","T","$","E","?","M","E","R","BOSS","M","?","?","?","?","R","E","M","T","R","E","$","E","?","R","BOSS","M","$","M","M","?","R","$","E","T","M","E","?","R","M","R","BOSS","R","$","E","BOSS"],"items_purchased_type":["Card","Card","Card","Card","Potion","Potion","Potion","Relic","Potion","Card","Potion","Potion","Relic","Relic"],"build_version":"2020-12-22","purchased_purges":5,"victory":true,"max_hp_per_floor":[70,65,65,65,65,65,65,65,65,65,65,65,65,65,65,65,65,65,65,65,65,65,65,65,65,65,65,65,65,65,65,65,65,65,65,65,65,65,65,65,70,75,75,75,75,75,75,75,75,75,75,75,75,75,75],"card_choices":[{"not_picked":["Master of Strategy","The Bomb"],"picked":"Apotheosis","floor":0.0},{"not_picked":["theMarked:Frustration","theMarked:WardOff"],"picked":"theMarked:BanishingStrike","floor":1.0},{"not_picked":["theMarked:TakeCover","theMarked:Parkour"],"picked":"theMarked:LightningStrikesTwice","floor":3.0},{"not_picked":["theMarked:Overcharge","theMarked:WardOff"],"picked":"theMarked:Generate","floor":8.0},{"not_picked":["theMarked:WardOff","theMarked:ShockingTouch"],"picked":"theMarked:Defy","floor":11.0},{"not_picked":["theMarked:SwordAndMagic","theMarked:ChainLightning","theMarked:TakeCover"],"picked":"SKIP","floor":13.0},{"not_picked":["theMarked:MysticalArsenal","theMarked:Pokerface"],"picked":"theMarked:Electrify","floor":14.0},{"not_picked":["theMarked:DispelDoubt","theMarked:Snap"],"picked":"theMarked:MagusForm","floor":16.0},{"not_picked":["theMarked:ResourceFulStrike","theMarked:WardOff"],"picked":"theMarked:Memento","floor":18.0},{"not_picked":["theMarked:ElectricStrings","theMarked:Improvise"],"picked":"theMarked:Determination+1","floor":21},{"not_picked":["theMarked:WastefulAttack","theMarked:ShockingTouch","theMarked:Panic"],"picked":"SKIP","floor":24},{"not_picked":["theMarked:ResourceFulStrike","theMarked:Parry","theMarked:MagusForm"],"picked":"SKIP","floor":25},{"not_picked":["theMarked:Determination","theMarked:ComboAttacks","theMarked:Overcharge"],"picked":"SKIP","floor":28},{"not_picked":["theMarked:Memento","theMarked:ChainLightning+1","theMarked:OneWithTheBlade"],"picked":"SKIP","floor":30},{"not_picked":["theMarked:FavorableWinds","theMarked:Defy"],"picked":"theMarked:Challenge","floor":33},{"not_picked":["theMarked:BanishingStrike","theMarked:Frustration+1"],"picked":"theMarked:WardOff","floor":35},{"not_picked":["theMarked:ChainLightning","theMarked:GodGivenPower","theMarked:WardOff+1"],"picked":"SKIP","floor":37},{"not_picked":["theMarked:ChainLightning","theMarked:TheMission+1","theMarked:MuscleMemory"],"picked":"SKIP","floor":38},{"not_picked":["theMarked:Electrocute","theMarked:ElectricStrings+1","theMarked:SwordAndMagic"],"picked":"SKIP","floor":42},{"not_picked":["theMarked:EmpowerWeapon","theMarked:Frustration","theMarked:WastefulAttack+1"],"picked":"SKIP","floor":44},{"not_picked":["theMarked:ResourceFulStrike+1","theMarked:WardOff","theMarked:MuscleMemory"],"picked":"SKIP","floor":45},{"not_picked":["theMarked:BindingBlade","theMarked:WardOff+1","theMarked:Electrocute+1"],"picked":"SKIP","floor":48},{"not_picked":["theMarked:Polarize","theMarked:TwofoldDefense","theMarked:ResourceFulStrike"],"picked":"SKIP","floor":54}],"player_experience":1049867,"relics_obtained":[{"floor":8.0,"key":"Toy Ornithopter"},{"floor":9.0,"key":"Mummified Hand"},{"floor":11.0,"key":"Gremlin Horn"},{"floor":14.0,"key":"Ornamental Fan"},{"floor":24,"key":"Ancient Tea Set"},{"floor":26,"key":"Vajra"},{"floor":28,"key":"theMarked:DemonDagger"},{"floor":30,"key":"Tiny Chest"},{"floor":31,"key":"Bottled Lightning"},{"floor":42,"key":"Pantograph"},{"floor":45,"key":"CeramicFish"},{"floor":46,"key":"CaptainsWheel"},{"floor":54,"key":"White Beast Statue"}],"event_choices":[{"damage_healed":0.0,"max_hp_gain":0.0,"max_hp_loss":5.0,"gold_gain":0.0,"event_name":"Golden Idol","player_choice":"Lose Max HP","floor":2.0,"gold_loss":0.0,"damage_taken":0.0,"relics_obtained":["Golden Idol"]},{"damage_healed":0.0,"max_hp_gain":0.0,"max_hp_loss":0.0,"gold_gain":175.0,"event_name":"betterThird:BetterSerpent","player_choice":"AGREE","floor":4.0,"gold_loss":0.0,"damage_taken":139.0},{"damage_healed":0.0,"max_hp_gain":0.0,"max_hp_loss":0.0,"gold_gain":75.0,"event_name":"betterThird:BetterGoop","player_choice":"Gold","floor":5.0,"gold_loss":0.0,"damage_taken":11.0},{"cards_removed":["Regret"],"damage_healed":0.0,"max_hp_gain":0.0,"max_hp_loss":0.0,"gold_gain":0.0,"event_name":"The Cleric","player_choice":"Card Removal","floor":7.0,"gold_loss":50.0,"damage_taken":0.0},{"cards_removed":["theMarked:Strike"],"damage_healed":0.0,"max_hp_gain":0.0,"max_hp_loss":0.0,"gold_gain":0.0,"event_name":"Living Wall","player_choice":"Forget","floor":12.0,"gold_loss":0.0,"damage_taken":0.0},{"damage_healed":0,"gold_gain":0,"player_choice":"Ignored","damage_taken":0,"max_hp_gain":0,"max_hp_loss":0,"event_name":"The Mausoleum","floor":19,"gold_loss":0},{"damage_healed":0,"gold_gain":0,"player_choice":"Forge","damage_taken":0,"max_hp_gain":0,"max_hp_loss":0,"event_name":"Accursed Blacksmith","floor":20,"gold_loss":0,"cards_upgraded":["theMarked:MuscleMemory"]},{"damage_healed":0,"gold_gain":0,"player_choice":"Inject Mutagens","damage_taken":0,"relics_obtained":["MutagenicStrength"],"max_hp_gain":0,"max_hp_loss":0,"event_name":"Drug Dealer","floor":22,"gold_loss":0},{"damage_healed":0,"gold_gain":333,"player_choice":"Gave Idol","damage_taken":0,"max_hp_gain":0,"max_hp_loss":0,"event_name":"The Moai Head","floor":39,"relics_lost":["Golden Idol"],"gold_loss":0}],"is_beta":false,"boss_relics":[{"not_picked":["Busted Crown","Pandora\u0027s Box"],"picked":"Fusion Hammer"},{"not_picked":["Coffee Dripper","Tiny House"],"picked":"theMarked:Eyepatch"}],"items_purged_floors":[10,29,36,41,53],"is_endless":false,"potions_floor_spawned":[1,13,14,18,21,25,35,42,45],"ascension_level":6}}