{"host":"q0ozth74idsfmf0a","time":1613164271,"event":{"mods":["BaseMod","Colored Powertips","Downfall","Minty Spire (QoL Compilation)","Relic Stats","StSLib"],"gold_per_floor":[199,217,317,329,329,349,349,349,382,187,187,212,230,247,258,355,355,355,371,371,415,415,217,217,217,230,262,162,147,147,159,171,171,171,171],"floor_reached":33,"language":"ENG","playtime":3789,"items_purged":["Pain"],"score":302,"play_id":"63c21290-da1c-43a5-9125-1fd4438d6f0c","local_time":"20210212161111","is_ascension_mode":false,"campfire_choices":[{"data":"sneckomod:Restock","floor":11.0,"key":"SMITH"},{"floor":18.0,"key":"RECALL"},{"floor":28,"key":"REST"}],"circlet_count":0,"master_deck":["sneckomod:Strike","sneckomod:Defend","sneckomod:TailWhip","sneckomod:SnekBite+1","sneckomod:Unknown","DeusExMachina","sneckomod:UnknownUncommonSkill","sneckomod:SoulDraw","sneckomod:UnknownUncommonPower","sneckomod:Restock+1","sneckomod:QuickMove","sneckomod:UnknownDraw","sneckomod:UnknownCommonAttack","sneckomod:IronFang","sneckomod:SerpentIdol","sneckomod:TrashToTreasure","sneckomod:WideSting","sneckomod:UnknownRareAttack+1","sneckomod:SnekBeam+1","sneckomod:UnknownStrength+1","sneckomod:UnknownRareSkill+1","sneckomod:SnakeSap","sneckomod:UnknownBlock","sneckomod:UnknownCommonAttack+1","sneckomod:UnknownUncommonPower","sneckomod:UnknownDexterity","sneckomod:Unknown2Cost","sneckomod:DiceBlock","sneckomod:Cheat","sneckomod:RainOfDice","sneckomod:DiceCrush"],"relics":["sneckomod:SneckoSoul","WarpedTongs","Meat on the Bone","Orichalcum","Dream Catcher","Astrolabe","Frozen Eye","MealTicket","downfall:HeartBlessingRed","Ice Cream"],"acts_visited":["Exordium","TheCity"],"potions_floor_usage":[],"damage_taken":[{"damage":0.0,"enemies":"Small Slimes","floor":2.0,"turns":2.0},{"damage":1.0,"enemies":"Jaw Worm","floor":4.0,"turns":2.0},{"damage":6.0,"enemies":"Cultist","floor":6.0,"turns":4.0},{"damage":41.0,"enemies":"Gremlin Nob","floor":9.0,"turns":5.0},{"damage":1.0,"enemies":"downfall:FleeingMerchant","floor":10.0,"turns":4.0},{"damage":0.0,"enemies":"Lagavulin","floor":12.0,"turns":7.0},{"damage":0.0,"enemies":"Lots of Slimes","floor":13.0,"turns":4.0},{"damage":0.0,"enemies":"2 Fungi Beasts","floor":14.0,"turns":2.0},{"damage":5.0,"enemies":"Exordium Wildlife","floor":15.0,"turns":5.0},{"damage":28.0,"enemies":"IC_STATUS_ARCHETYPE","floor":16.0,"turns":9.0},{"damage":32.0,"enemies":"Chosen","floor":19.0,"turns":6.0},{"damage":6.0,"enemies":"Shelled Parasite and Fungi","floor":21.0,"turns":10.0},{"damage":0.0,"enemies":"downfall:FleeingMerchant","floor":23.0,"turns":4.0},{"damage":21.0,"enemies":"Snake Plant","floor":26.0,"turns":5.0},{"damage":37.0,"enemies":"Book of Stabbing","floor":27.0,"turns":8.0},{"damage":0,"enemies":"downfall:FleeingMerchant","floor":29,"turns":4},{"damage":13,"enemies":"3 Cultists","floor":31,"turns":5},{"damage":19,"enemies":"Shelled Parasite and Fungi","floor":32,"turns":4},{"damage":50,"enemies":"WA_ARCHETYPE_CALM","floor":33,"turns":8}],"seed_played":"4247575850412065114","potions_obtained":[{"floor":2.0,"key":"Fruit Juice"},{"floor":4.0,"key":"sneckomod:CheatPotion"},{"floor":13.0,"key":"Weak Potion"},{"floor":14.0,"key":"Dexterity Potion"},{"floor":15.0,"key":"DuplicationPotion"},{"floor":16.0,"key":"Ancient Potion"},{"floor":19.0,"key":"Dexterity Potion"},{"floor":21.0,"key":"Guardian:BlockOnCardUsePotion"}],"is_trial":false,"path_per_floor":["R","M","?","M","?","M","T","?","E","$","R","E","M","M","M","B",null,"R","M","?","M","?","$","T","?","M","E","R","$","T","M","M","B"],"character_chosen":"THE_SNECKO","items_purchased":["sneckomod:UnknownDraw","sneckomod:UnknownCommonAttack","Frozen Eye","sneckomod:UnknownUncommonPower"],"campfire_rested":1,"item_purchase_floors":[10,10,23,23],"current_hp_per_floor":[90,90,90,89,89,83,83,83,54,53,53,53,53,58,53,37,95,95,63,63,57,57,57,57,49,40,15,43,58,58,57,50,0,0,0],"gold":171,"neow_bonus":"HUNDRED_GOLD","is_daily":false,"chose_seed":false,"campfire_upgraded":1,"win_rate":0.0,"timestamp":1613164271,"path_taken":["R","M","?","M","?","?","T","?","E","$","R","E","?","M","M","BOSS","R","M","?","?","?","$","T","?","?","E","R","?","?","M","M","BOSS"],"items_purchased_type":["Card","Card","Relic","Card"],"build_version":"2020-12-22","purchased_purges":1,"victory":false,"max_hp_per_floor":[90,90,90,90,90,90,90,90,90,90,90,90,90,95,95,95,95,95,95,95,95,95,95,95,95,95,95,95,95,95,95,95,95,95,95],"relic_stats":{"Dream Catcher":1,"counters":[19,98],"Astrolabe":["sneckomod:SnekBeam","sneckomod:UnknownStrength","sneckomod:UnknownRareSkill"],"MealTicket":15,"Orichalcum":[138],"obtain_stats":[{"Ice Cream":30,"Frozen Eye":23,"Dream Catcher":12,"downfall:HeartBlessingRed":28,"Astrolabe":17,"MealTicket":27,"Orichalcum":9,"sneckomod:SneckoSoul":0,"WarpedTongs":5,"Meat on the Bone":7},{"Ice Cream":16,"Frozen Eye":13,"Dream Catcher":6,"downfall:HeartBlessingRed":15,"Astrolabe":10,"MealTicket":15,"Orichalcum":4,"sneckomod:SneckoSoul":0,"WarpedTongs":2,"Meat on the Bone":3},{"Ice Cream":81,"Frozen Eye":64,"Dream Catcher":24,"downfall:HeartBlessingRed":77,"Astrolabe":44,"MealTicket":77,"Orichalcum":13,"sneckomod:SneckoSoul":0,"WarpedTongs":4,"Meat on the Bone":8}],"WarpedTongs":[92],"Meat on the Bone":72},"card_choices":[{"not_picked":["sneckomod:UnknownX","sneckomod:QuickBite"],"picked":"sneckomod:UnknownUncommonSkill","floor":2.0},{"not_picked":["sneckomod:RainOfDice","sneckomod:IronFang"],"picked":"sneckomod:SoulDraw","floor":4.0},{"not_picked":["sneckomod:UnknownBlock","sneckomod:IronFang"],"picked":"sneckomod:UnknownUncommonPower","floor":6.0},{"not_picked":["sneckomod:QuickBite","sneckomod:IronFang"],"picked":"sneckomod:Restock","floor":9.0},{"not_picked":["sneckomod:DiceBlock","sneckomod:SoulRoll"],"picked":"sneckomod:QuickMove","floor":10.0},{"not_picked":["sneckomod:SoulDraw","sneckomod:DiceBlock"],"picked":"sneckomod:IronFang","floor":12.0},{"not_picked":["sneckomod:UnknownUncommonPower","sneckomod:Nope"],"picked":"sneckomod:SerpentIdol","floor":13.0},{"not_picked":["sneckomod:ImprovisedAttack","sneckomod:DiceCrush"],"picked":"sneckomod:TrashToTreasure","floor":14.0},{"not_picked":["sneckomod:UnknownWeak","sneckomod:QuickMove"],"picked":"sneckomod:WideSting","floor":15.0},{"not_picked":["sneckomod:Mudshield","sneckomod:DangerNoodle"],"picked":"sneckomod:UnknownRareAttack","floor":16.0},{"not_picked":["sneckomod:UnknownVulnerable","sneckomod:QuickBite"],"picked":"sneckomod:SnakeSap","floor":19.0},{"not_picked":["sneckomod:SoulDraw","sneckomod:QuickBite+1"],"picked":"sneckomod:UnknownBlock","floor":21.0},{"not_picked":["sneckomod:SoulDraw+1","sneckomod:UnknownStrike"],"picked":"sneckomod:UnknownCommonAttack+1","floor":23.0},{"not_picked":["sneckomod:QuickBite+1","sneckomod:SnekBeam"],"picked":"sneckomod:UnknownDexterity","floor":26.0},{"not_picked":["sneckomod:RainOfDice","sneckomod:UnknownCommonAttack"],"picked":"sneckomod:Unknown2Cost","floor":27.0},{"not_picked":["sneckomod:UnknownClassPURPLE","sneckomod:WideSting"],"picked":"sneckomod:DiceBlock","floor":28},{"not_picked":["sneckomod:UnknownClassPURPLE+1","sneckomod:WideSting"],"picked":"sneckomod:Cheat","floor":29},{"not_picked":["sneckomod:QuickBite","sneckomod:Nope"],"picked":"sneckomod:RainOfDice","floor":31},{"not_picked":["sneckomod:UnknownBlock+1","sneckomod:SoulExchange"],"picked":"sneckomod:DiceCrush","floor":32}],"player_experience":52635,"relics_obtained":[{"floor":7.0,"key":"Meat on the Bone"},{"floor":9.0,"key":"Orichalcum"},{"floor":12.0,"key":"Dream Catcher"},{"floor":27.0,"key":"MealTicket"},{"floor":30,"key":"Ice Cream"}],"event_choices":[{"damage_healed":0.0,"max_hp_gain":0.0,"max_hp_loss":0.0,"gold_gain":0.0,"event_name":"Accursed Blacksmith","player_choice":"Rummage","floor":5.0,"gold_loss":0.0,"damage_taken":0.0,"relics_obtained":["WarpedTongs"],"cards_obtained":["Pain"]},{"cards_removed":["sneckomod:Defend"],"damage_healed":0.0,"max_hp_gain":0.0,"max_hp_loss":0.0,"gold_gain":0.0,"event_name":"Bonfire Elementals","player_choice":"Offered Basic","floor":20.0,"gold_loss":0.0,"damage_taken":0.0}],"is_beta":false,"boss_relics":[{"not_picked":["Busted Crown","Tiny House"],"picked":"Astrolabe"}],"items_purged_floors":[10],"is_endless":false,"potions_floor_spawned":[2,4,13,14,15,16,19,21,26],"killed_by":"WA_ARCHETYPE_CALM","ascension_level":0}}