{"host":"2ttsipbxjlhedj1t","time":1613173056,"event":{"mods":["2.2 Compatiblity","Act Like it!","BaseMod","Colored Map","Colored Powertips","Curses Come First","Highlight Path","Minty Spire (QoL Compilation)","Quick Restart","StSLib"],"gold_per_floor":[110,60,74,249,36,36,70,70,120,120,43,61,61,75,75,174,174,186,186,111,138,152,152,152,152,200,200,217,229,229,240,240,240,240],"floor_reached":33,"language":"ENG","playtime":825,"items_purged":["Doubt"],"score":268,"play_id":"9a691347-d21e-4a32-a5ad-97ef0c44eaf8","local_time":"20210212183736","is_ascension_mode":false,"campfire_choices":[{"data":"Flash of Steel","floor":6.0,"key":"SMITH"},{"data":"Carnage","floor":10.0,"key":"SMITH"},{"data":"Searing Blow","floor":13.0,"key":"SMITH"},{"data":"Searing Blow+1","floor":15.0,"key":"SMITH"},{"data":"Searing Blow+2","floor":23.0,"key":"SMITH"},{"data":"Searing Blow+3","floor":25.0,"key":"SMITH"},{"data":"Searing Blow+4","floor":27.0,"key":"SMITH"},{"floor":30.0,"key":"REST"},{"floor":32.0,"key":"REST"}],"circlet_count":0,"master_deck":["Strike_R","Strike_R","Strike_R","Strike_R","Defend_R","Defend_R","Defend_R","Defend_R","Bash","Carnage+1","Flash of Steel+1","Immolate","Flame Barrier","Searing Blow+5","Rampage","Feed","Inflame"],"relics":["Burning Blood","NeowsBlessing","Bag of Marbles","Tiny Chest","Black Star","Dream Catcher","Red Skull"],"acts_visited":["Exordium","TheCity"],"potions_floor_usage":[33,33],"damage_taken":[{"damage":0.0,"enemies":"2 Louse","floor":1.0,"turns":1.0},{"damage":0.0,"enemies":"Small Slimes","floor":3.0,"turns":1.0},{"damage":0.0,"enemies":"Gremlin Nob","floor":7.0,"turns":1.0},{"damage":0.0,"enemies":"Jaw Worm","floor":12.0,"turns":1.0},{"damage":0.0,"enemies":"Blue Slaver","floor":14.0,"turns":1.0},{"damage":60.0,"enemies":"Hexaghost","floor":16.0,"turns":8.0},{"damage":33.0,"enemies":"3 Byrds","floor":18.0,"turns":6.0},{"damage":10.0,"enemies":"2 Thieves","floor":22.0,"turns":2.0},{"damage":18.0,"enemies":"Snake Plant","floor":28.0,"turns":3.0},{"damage":10.0,"enemies":"Cultist and Chosen","floor":29.0,"turns":3.0},{"damage":16.0,"enemies":"3 Cultists","floor":31.0,"turns":4.0},{"damage":91,"enemies":"Automaton","floor":33,"turns":8}],"seed_played":"8650368611146504515","potions_obtained":[{"floor":1.0,"key":"PowerPotion"},{"floor":3.0,"key":"SpeedPotion"},{"floor":14.0,"key":"Energy Potion"},{"floor":28.0,"key":"AttackPotion"},{"floor":29.0,"key":"Dexterity Potion"},{"floor":31.0,"key":"AttackPotion"}],"is_trial":false,"path_per_floor":["M","?","M","?","$","R","E","$","T","R","$","M","R","M","R","B",null,"M","?","?","T","M","R","?","R","T","R","M","M","R","M","R","B"],"character_chosen":"IRONCLAD","items_purchased":["Flash of Steel","Energy Potion","Flame Barrier"],"campfire_rested":2,"item_purchase_floors":[5,5,11],"current_hp_per_floor":[80,80,80,80,80,80,80,80,80,80,80,80,80,80,80,26,80,56,56,56,56,55,55,55,55,55,55,43,42,68,61,88,0,0],"gold":240,"neow_bonus":"THREE_ENEMY_KILL","is_daily":false,"chose_seed":false,"campfire_upgraded":7,"win_rate":0.0,"timestamp":1613173056,"path_taken":["M","?","M","?","?","R","E","?","T","R","$","M","R","?","R","BOSS","M","?","?","?","M","R","?","R","T","R","?","M","R","M","R","BOSS"],"items_purchased_type":["Card","Potion","Card"],"build_version":"2020-12-22","purchased_purges":1,"victory":false,"max_hp_per_floor":[80,80,80,80,80,80,80,80,80,80,80,80,80,80,80,80,80,83,83,83,83,86,86,86,86,86,86,86,89,89,92,92,92,92],"card_choices":[{"not_picked":["Iron Wave","Pummel"],"picked":"Carnage","floor":1.0},{"not_picked":["Battle Trance","Havoc","Thunderclap"],"picked":"SKIP","floor":3.0},{"not_picked":["Dual Wield","Burning Pact"],"picked":"Immolate","floor":7.0},{"not_picked":["Battle Trance","Wild Strike"],"picked":"Searing Blow","floor":12.0},{"not_picked":["True Grit","Warcry"],"picked":"Rampage","floor":14.0},{"not_picked":["Demon Form","Limit Break"],"picked":"Feed","floor":16.0},{"not_picked":["Thunderclap+1","Reckless Charge","Wild Strike"],"picked":"SKIP","floor":18.0},{"not_picked":["Disarm+1","Thunderclap+1","Body Slam"],"picked":"SKIP","floor":22.0},{"not_picked":["Rampage","Burning Pact+1","Havoc"],"picked":"SKIP","floor":28.0},{"not_picked":["Headbutt","Battle Trance","Combust"],"picked":"SKIP","floor":29.0},{"not_picked":["Flex+1","Body Slam","Sever Soul"],"picked":"SKIP","floor":31.0},{"not_picked":["Wild Strike+1","Clothesline+1"],"picked":"Inflame","floor":32.0}],"player_experience":365508,"relics_obtained":[{"floor":7.0,"key":"Bag of Marbles"},{"floor":9.0,"key":"Tiny Chest"},{"floor":21.0,"key":"Dream Catcher"},{"floor":26.0,"key":"Red Skull"}],"event_choices":[{"cards_removed":["Strike_R"],"damage_healed":0.0,"max_hp_gain":0.0,"max_hp_loss":0.0,"gold_gain":0.0,"event_name":"The Cleric","player_choice":"Card Removal","floor":2.0,"gold_loss":50.0,"damage_taken":0.0},{"damage_healed":0.0,"max_hp_gain":0.0,"max_hp_loss":0.0,"gold_gain":175.0,"event_name":"Liars Game","player_choice":"AGREE","floor":4.0,"gold_loss":0.0,"damage_taken":0.0,"cards_obtained":["Doubt"]},{"damage_healed":0.0,"max_hp_gain":0.0,"max_hp_loss":0.0,"gold_gain":0.0,"event_name":"Forgotten Altar","player_choice":"Smashed Altar","floor":19.0,"gold_loss":0.0,"damage_taken":0.0,"cards_obtained":["Decay"]},{"cards_removed":["Decay"],"damage_healed":0.0,"max_hp_gain":0.0,"max_hp_loss":0.0,"gold_gain":0.0,"event_name":"Beggar","player_choice":"Gave Gold","floor":20.0,"gold_loss":75.0,"damage_taken":0.0},{"damage_healed":0.0,"max_hp_gain":0.0,"max_hp_loss":0.0,"gold_gain":0.0,"event_name":"Vampires","player_choice":"Ignored","floor":24.0,"gold_loss":0.0,"damage_taken":0.0}],"is_beta":false,"boss_relics":[{"not_picked":["Ectoplasm","Astrolabe"],"picked":"Black Star"}],"items_purged_floors":[5],"is_endless":false,"potions_floor_spawned":[1,3,14,28,29,31],"killed_by":"Automaton","ascension_level":0}}