{"host":"o0q01dgb4z8zpo6o","time":1613107357,"event":{"mods":["BaseMod","GifTheSpireLib","Minty Spire (QoL Compilation)","Relic Stats","StSLib"],"gold_per_floor":[365,384,403,49,49,84,84,111,111,76,1,1,21,52,52,124,124,137,27,46,65,90,90,90,90],"floor_reached":24,"language":"ENG","playtime":1417,"items_purged":["Strike_G"],"score":478,"play_id":"94ccbaa5-adeb-41ab-bd03-a7427c0fc3c7","local_time":"20210211212237","is_ascension_mode":true,"campfire_choices":[{"floor":7,"key":"REST"},{"floor":12,"key":"REST"},{"data":"Crippling Poison","floor":15,"key":"SMITH"},{"floor":23,"key":"REST"}],"circlet_count":0,"master_deck":["AscendersBane","Strike_G","Defend_G","Defend_G","Defend_G","Defend_G","Survivor","Neutralize","Dagger Spray+1","Caltrops","Deadly Poison","Noxious Fumes+1","Envenom+1","Blade Dance","Crippling Poison+1","Flying Knee","Malaise","Caltrops+1","Prepared+1","Envenom+1","Well Laid Plans+1","Deadly Poison+1","Deflect"],"relics":["Ring of the Snake","Frozen Egg 2","Du-Vu Doll","Turnip","Ice Cream","Centennial Puzzle","Astrolabe","Red Mask"],"acts_visited":["Exordium","TheCity"],"potions_floor_usage":[3,6,6,16,24],"damage_taken":[{"damage":3,"enemies":"Cultist","floor":1,"turns":4},{"damage":4,"enemies":"Small Slimes","floor":2,"turns":3},{"damage":2,"enemies":"Jaw Worm","floor":3,"turns":5},{"damage":21,"enemies":"3 Sentries","floor":6,"turns":7},{"damage":31,"enemies":"Gremlin Nob","floor":8,"turns":4},{"damage":4,"enemies":"Blue Slaver","floor":13,"turns":4},{"damage":0,"enemies":"Lagavulin","floor":14,"turns":6},{"damage":5,"enemies":"Slime Boss","floor":16,"turns":8},{"damage":3,"enemies":"Spheric Guardian","floor":18,"turns":5},{"damage":0,"enemies":"3 Byrds","floor":20,"turns":4},{"damage":13,"enemies":"Snake Plant","floor":21,"turns":5},{"damage":28,"enemies":"Masked Bandits","floor":22,"turns":3},{"damage":33,"enemies":"Book of Stabbing","floor":24,"turns":4}],"seed_played":"7374267764190396273","potions_obtained":[{"floor":1,"key":"PowerPotion"},{"floor":2,"key":"ColorlessPotion"},{"floor":3,"key":"Fire Potion"},{"floor":13,"key":"Strength Potion"},{"floor":22,"key":"Strength Potion"}],"is_trial":false,"path_per_floor":["M","M","M","$","?","E","R","E","T","?","$","R","M","E","R","B",null,"M","?","M","M","?","R","E"],"character_chosen":"THE_SILENT","items_purchased":["Frozen Egg 2","Noxious Fumes+1"],"campfire_rested":3,"item_purchase_floors":[4,4],"current_hp_per_floor":[41,37,35,35,35,14,33,2,2,18,18,37,33,33,33,28,57,54,54,54,41,13,32,0,0],"gold":90,"neow_bonus":"TWO_FIFTY_GOLD","is_daily":false,"chose_seed":false,"campfire_upgraded":1,"win_rate":0.0,"timestamp":1613107357,"path_taken":["M","?","M","$","?","E","R","E","T","?","?","R","M","E","R","BOSS","M","?","M","?","?","R","E"],"items_purchased_type":["Relic","Card"],"build_version":"2020-12-22","purchased_purges":1,"victory":false,"max_hp_per_floor":[66,66,66,66,66,66,66,66,66,66,66,66,66,66,66,66,66,66,66,66,66,66,66,66,66],"relic_stats":{"Centennial Puzzle":[15],"counters":[13,62],"Astrolabe":["Caltrops","Prepared","Envenom"],"Turnip":[11],"obtain_stats":[{"Du-Vu Doll":6,"Ice Cream":9,"Centennial Puzzle":14,"Astrolabe":17,"Turnip":8,"Red Mask":22,"Frozen Egg 2":4,"Ring of the Snake":0},{"Du-Vu Doll":4,"Ice Cream":5,"Centennial Puzzle":7,"Astrolabe":8,"Turnip":5,"Red Mask":12,"Frozen Egg 2":3,"Ring of the Snake":0},{"Du-Vu Doll":19,"Ice Cream":23,"Centennial Puzzle":33,"Astrolabe":41,"Turnip":23,"Red Mask":58,"Frozen Egg 2":12,"Ring of the Snake":0}],"Ring of the Snake":[26]},"card_choices":[{"not_picked":["All Out Attack","Underhanded Strike"],"picked":"Dagger Spray","floor":1},{"not_picked":["Endless Agony","Well Laid Plans"],"picked":"Caltrops","floor":2},{"not_picked":["Setup","Reflex"],"picked":"Deadly Poison","floor":3},{"not_picked":["Heel Hook","Tactician"],"picked":"Envenom+1","floor":6},{"not_picked":["Deadly Poison","Dodge and Roll"],"picked":"Blade Dance","floor":8},{"not_picked":["Dodge and Roll","Dash"],"picked":"Crippling Poison","floor":13},{"not_picked":["Underhanded Strike","Outmaneuver"],"picked":"Flying Knee","floor":14},{"not_picked":["Phantasmal Killer","Corpse Explosion"],"picked":"Malaise","floor":16},{"not_picked":["Dodge and Roll","Sucker Punch","Outmaneuver"],"picked":"SKIP","floor":18},{"not_picked":["Dash","Dagger Throw"],"picked":"Well Laid Plans+1","floor":20},{"not_picked":["PiercingWail","Doppelganger"],"picked":"Deadly Poison+1","floor":21},{"not_picked":["Prepared","PiercingWail"],"picked":"Deflect","floor":22}],"player_experience":1221949,"relics_obtained":[{"floor":6,"key":"Du-Vu Doll"},{"floor":8,"key":"Turnip"},{"floor":9,"key":"Ice Cream"},{"floor":14,"key":"Centennial Puzzle"},{"floor":22,"key":"Red Mask"}],"event_choices":[{"damage_healed":0,"gold_gain":0,"player_choice":"Ignored","damage_taken":0,"max_hp_gain":0,"max_hp_loss":0,"event_name":"Liars Game","floor":5,"gold_loss":0},{"damage_healed":16,"gold_gain":0,"player_choice":"Healed","damage_taken":0,"max_hp_gain":0,"max_hp_loss":0,"event_name":"The Cleric","floor":10,"gold_loss":35},{"cards_removed":["Defend_G"],"damage_healed":0,"gold_gain":0,"player_choice":"Upgrade and Remove","damage_taken":0,"max_hp_gain":0,"max_hp_loss":0,"event_name":"Designer","floor":19,"gold_loss":110,"cards_upgraded":["Dagger Spray"]},{"damage_healed":0,"gold_gain":0,"player_choice":"Fought Bandits","damage_taken":0,"max_hp_gain":0,"max_hp_loss":0,"event_name":"Masked Bandits","floor":22,"gold_loss":0}],"is_beta":false,"boss_relics":[{"not_picked":["Busted Crown","Empty Cage"],"picked":"Astrolabe"}],"items_purged_floors":[11],"is_endless":false,"potions_floor_spawned":[1,2,3,13,22],"killed_by":"Book of Stabbing","ascension_level":20}}