{"host":"g8a0qo0vjtg6u5wv","time":1613137534,"event":{"mods":["BaseMod","Colored Map","Custom Start","KOR Keyword Fix","Minty Spire (QoL Compilation)","StSLib","SuperFastMode"],"gold_per_floor":[113,113,113,127,147,147,162,188,261,114,114,87,87,122,122,199,199,217,231,231,231,263,263,294,154,154,154,29,44,10,10,10,10,10],"floor_reached":33,"language":"KOR","playtime":813,"items_purged":["Strike_R","Defend_R","Defend_R"],"score":457,"play_id":"b3c19db6-f63b-4ef6-963f-a40ddc7392f0","local_time":"20210212224534","is_ascension_mode":true,"campfire_choices":[{"data":"Spot Weakness","floor":6.0,"key":"SMITH"},{"data":"Feed","floor":11.0,"key":"SMITH"},{"floor":13.0,"key":"REST"},{"data":"Dark Embrace","floor":15.0,"key":"SMITH"},{"data":"Burning Pact","floor":23,"key":"SMITH"},{"data":"Pommel Strike","floor":27,"key":"SMITH"},{"data":"Defend_R+1","floor":32,"key":"PURGE"}],"circlet_count":0,"master_deck":["AscendersBane","Bash","Second Wind+1","Sever Soul","Wild Strike","Spot Weakness+1","Burning Pact+1","Feed+1","Dark Embrace+1","Reaper","True Grit+1","Pommel Strike+1","Second Wind","Wild Strike","Evolve","Inflame","Carnage"],"relics":["Burning Blood","Regal Pillow","Red Skull","Letter Opener","Bird Faced Urn","Coffee Dripper","Red Mask","Peace Pipe","Ornamental Fan"],"acts_visited":["Exordium","TheCity"],"potions_floor_usage":[16,18,22,24,24],"damage_taken":[{"damage":6.0,"enemies":"Cultist","floor":1.0,"turns":3.0},{"damage":3.0,"enemies":"2 Louse","floor":4.0,"turns":2.0},{"damage":7.0,"enemies":"Jaw Worm","floor":5.0,"turns":3.0},{"damage":13.0,"enemies":"Blue Slaver","floor":7.0,"turns":3.0},{"damage":27.0,"enemies":"3 Sentries","floor":8.0,"turns":7.0},{"damage":32.0,"enemies":"Lagavulin","floor":14.0,"turns":7.0},{"damage":34,"enemies":"The Guardian","floor":16,"turns":12},{"damage":24,"enemies":"3 Byrds","floor":18,"turns":5},{"damage":29,"enemies":"Chosen","floor":19,"turns":5},{"damage":30,"enemies":"Masked Bandits","floor":22,"turns":4},{"damage":64,"enemies":"Book of Stabbing","floor":24,"turns":6},{"damage":35,"enemies":"Snake Plant","floor":29,"turns":4},{"damage":69,"enemies":"Champ","floor":33,"turns":5}],"seed_played":"-496797724183455028","potions_obtained":[{"floor":4.0,"key":"SteroidPotion"},{"floor":8.0,"key":"Explosive Potion"},{"floor":14.0,"key":"PowerPotion"},{"floor":16,"key":"PowerPotion"},{"floor":18,"key":"PowerPotion"},{"floor":19,"key":"BloodPotion"},{"floor":22,"key":"DistilledChaos"}],"is_trial":false,"path_per_floor":["M","T","?","M","M","R","M","E","T","$","R","?","R","E","R","B",null,"M","M","?","?","?","R","E","$","T","R","$","M","$","?","R","B"],"character_chosen":"IRONCLAD","items_purchased":["Dark Embrace","Evolve","Carnage"],"campfire_rested":1,"item_purchase_floors":[10,25,30],"current_hp_per_floor":[68,68,54,57,56,56,49,28,28,28,28,28,63,41,41,17,58,58,47,47,47,61,61,29,29,29,29,29,16,16,45,45,0,0],"gold":10,"neow_bonus":"TRANSFORM_TWO_CARDS","is_daily":false,"chose_seed":false,"campfire_upgraded":5,"win_rate":0.0,"timestamp":1613137534,"path_taken":["M","?","?","M","M","R","M","E","T","$","R","?","R","E","R","BOSS","M","M","?","?","?","R","E","?","T","R","$","M","$","?","R","BOSS"],"items_purchased_type":["Card","Card","Card"],"build_version":"2020-12-22","purchased_purges":3,"victory":false,"max_hp_per_floor":[68,68,68,68,68,68,68,68,68,68,68,68,68,72,72,72,72,76,80,80,80,84,84,84,84,84,84,84,88,88,88,88,88,88],"card_choices":[{"not_picked":["Anger","Cleave"],"picked":"Wild Strike","floor":1.0},{"not_picked":["Blood for Blood","Clash"],"picked":"Spot Weakness","floor":4.0},{"not_picked":["Clash","Twin Strike","Iron Wave"],"picked":"SKIP","floor":5.0},{"not_picked":["Body Slam","Perfected Strike"],"picked":"Burning Pact","floor":7.0},{"not_picked":["Intimidate","Iron Wave"],"picked":"Feed","floor":8.0},{"not_picked":["Body Slam","Brutality","Blood for Blood"],"picked":"SKIP","floor":14.0},{"not_picked":["Exhume","Barricade"],"picked":"Reaper","floor":16},{"not_picked":["Cleave","Thunderclap"],"picked":"True Grit+1","floor":18},{"not_picked":["Perfected Strike","Shockwave"],"picked":"Pommel Strike","floor":19},{"not_picked":["Thunderclap","Body Slam","Dual Wield"],"picked":"SKIP","floor":24},{"not_picked":["Anger","Twin Strike+1"],"picked":"Inflame","floor":29}],"player_experience":573690,"relics_obtained":[{"floor":2.0,"key":"Regal Pillow"},{"floor":8.0,"key":"Red Skull"},{"floor":9.0,"key":"Letter Opener"},{"floor":14.0,"key":"Bird Faced Urn"},{"floor":22,"key":"Red Mask"},{"floor":24,"key":"Peace Pipe"},{"floor":26,"key":"Ornamental Fan"}],"event_choices":[{"damage_healed":0.0,"max_hp_gain":0.0,"max_hp_loss":0.0,"gold_gain":0.0,"event_name":"Shining Light","player_choice":"Entered Light","floor":3.0,"gold_loss":0.0,"damage_taken":14.0,"cards_upgraded":["Second Wind","Defend_R"]},{"damage_healed":0.0,"max_hp_gain":0.0,"max_hp_loss":0.0,"gold_gain":0.0,"event_name":"World of Goop","player_choice":"Left Gold","floor":12.0,"gold_loss":27.0,"damage_taken":0.0},{"damage_healed":0,"gold_gain":0,"cards_transformed":["Strike_R","Strike_R"],"player_choice":"Became Test Subject","damage_taken":0,"max_hp_gain":0,"max_hp_loss":0,"event_name":"Drug Dealer","floor":20,"gold_loss":0,"cards_obtained":["Second Wind","Wild Strike"]},{"cards_removed":["Strike_R"],"damage_healed":0,"gold_gain":0,"player_choice":"Elegance","damage_taken":0,"max_hp_gain":0,"max_hp_loss":0,"event_name":"Back to Basics","floor":21,"gold_loss":0},{"damage_healed":0,"gold_gain":0,"player_choice":"Fought Bandits","damage_taken":0,"max_hp_gain":0,"max_hp_loss":0,"event_name":"Masked Bandits","floor":22,"gold_loss":0},{"damage_healed":29,"gold_gain":0,"player_choice":"Heal","damage_taken":0,"max_hp_gain":0,"max_hp_loss":0,"event_name":"The Library","floor":31,"gold_loss":0}],"is_beta":false,"boss_relics":[{"not_picked":["Cursed Key","SlaversCollar"],"picked":"Coffee Dripper"}],"items_purged_floors":[10,25,28],"is_endless":false,"potions_floor_spawned":[4,8,14,16,18,19,22],"killed_by":"Champ","ascension_level":14}}