{"host":"s2ygc4jgfm0lziqy","time":1613156465,"event":{"mods":["2.2 Compatiblity","BaseMod","Bestiary","Colored Map","Downfall","Highlight Path","Minty Spire (QoL Compilation)","Robot Space Explorer","StSLib"],"gold_per_floor":[99,118,2,2,22,42,124,153,164,196,196,215,215,235,249,353,353,353,353,353,353],"floor_reached":19,"language":"ENG","playtime":1041,"items_purged":["Slimebound:Tackle"],"score":254,"play_id":"2705f5ba-c7e8-4939-83a2-83b5ca8b9bf6","local_time":"20210212190105","is_ascension_mode":false,"campfire_choices":[{"data":"Slimebound:Split","floor":1,"key":"SMITH"},{"data":"Slimebound:LivingWall","floor":11,"key":"SMITH"},{"data":"Slimebound:Schlurp","floor":13,"key":"SMITH"},{"floor":18,"key":"RECALL"}],"circlet_count":0,"master_deck":["Slimebound:Strike_Slimebound","Slimebound:Strike_Slimebound","Slimebound:Defend_Slimebound","Slimebound:Defend_Slimebound","Slimebound:Defend_Slimebound","Slimebound:Split+1","Slimebound:CorrosiveSpit","Slimebound:Schlurp+1","Slimebound:GoopSpray","Slimebound:SplitMire+1","Slimebound:SplitMire","Slimebound:LeechLife","Slimebound:LivingWall+1","Slimebound:ProtectTheBoss","Slimebound:SplitMire","Slimebound:RallyTheTroops"],"relics":["Slimebound:AbsorbEndCombat","Eternal Feather","Calipers","Darkstone Periapt","Empty Cage"],"acts_visited":["Exordium","TheCity"],"potions_floor_usage":[16],"damage_taken":[{"damage":0,"enemies":"Small Slimes","floor":2,"turns":4},{"damage":5,"enemies":"downfall:FleeingMerchant","floor":3,"turns":4},{"damage":0,"enemies":"Cultist","floor":5,"turns":3},{"damage":6,"enemies":"Jaw Worm","floor":6,"turns":2},{"damage":18,"enemies":"3 Sentries","floor":8,"turns":8},{"damage":0,"enemies":"2 Fungi Beasts","floor":9,"turns":3},{"damage":46,"enemies":"Gremlin Nob","floor":10,"turns":6},{"damage":13,"enemies":"Lots of Slimes","floor":12,"turns":9},{"damage":17,"enemies":"Exordium Wildlife","floor":14,"turns":4},{"damage":0,"enemies":"Large Slime","floor":15,"turns":6},{"damage":0,"enemies":"SI_SHIV_ARCHETYPE","floor":16,"turns":11},{"damage":0,"enemies":"3 Byrds","floor":19,"turns":1}],"seed_played":"-3180647127353465622","potions_obtained":[{"floor":8,"key":"Block Potion"},{"floor":9,"key":"SpeedPotion"},{"floor":10,"key":"hexamod:SoulburnPotion"},{"floor":12,"key":"PowerPotion"},{"floor":16,"key":"Fruit Juice"}],"is_trial":false,"path_per_floor":["R","M","$","?","M","M","T","E","M","E","R","M","R","M","M","B",null,"R","M"],"character_chosen":"SLIMEBOUND","items_purchased":["Slimebound:SplitMire"],"campfire_rested":0,"item_purchase_floors":[3],"current_hp_per_floor":[71,71,68,68,71,67,67,55,69,71,71,71,71,71,71,76,76,76,76,76,76],"gold":353,"neow_bonus":"TEN_PERCENT_HP_BONUS","is_daily":false,"chose_seed":false,"campfire_upgraded":3,"win_rate":0.0,"timestamp":1613156465,"path_taken":["R","M","$","?","M","?","T","E","M","E","R","M","R","M","M","BOSS","R","M"],"items_purchased_type":["Card"],"build_version":"2020-12-22","purchased_purges":1,"victory":false,"max_hp_per_floor":[71,71,71,71,71,71,71,71,71,71,71,71,71,71,71,76,76,76,76,76,76],"card_choices":[{"not_picked":["Slimebound:ItLooksTasty","Slimebound:SpikyOuterGoop"],"picked":"Slimebound:Schlurp","floor":2},{"not_picked":["Slimebound:Prepare","Slimebound:DouseInSlime"],"picked":"Slimebound:GoopSpray","floor":3},{"not_picked":["Slimebound:Replication","Slimebound:GoopSpray"],"picked":"Slimebound:SplitMire","floor":5},{"not_picked":["Slimebound:Prepare","Slimebound:PressTheAttack","Slimebound:ComboTackle"],"picked":"SKIP","floor":6},{"not_picked":["Slimebound:ItLooksTasty","Slimebound:PressTheAttack"],"picked":"Slimebound:LeechLife","floor":8},{"not_picked":["Slimebound:PressTheAttack","Slimebound:FinishingTackle"],"picked":"Slimebound:LivingWall","floor":9},{"not_picked":["Slimebound:SplitLeeching","Slimebound:LivingWall"],"picked":"Slimebound:ProtectTheBoss","floor":10},{"not_picked":["Slimebound:BestDefense","Slimebound:Overexert","Slimebound:SplitBruiser"],"picked":"SKIP","floor":12},{"not_picked":["Slimebound:SlimeTap","Slimebound:SlimeSpikes"],"picked":"Slimebound:SplitMire","floor":14},{"not_picked":["Slimebound:HauntingLick","Slimebound:FinishingTackle","Slimebound:DisruptingSlam"],"picked":"SKIP","floor":15},{"not_picked":["Slimebound:Overexert","Slimebound:WasteNot"],"picked":"Slimebound:RallyTheTroops","floor":16}],"player_experience":4831,"relics_obtained":[{"floor":7,"key":"Eternal Feather"},{"floor":8,"key":"Calipers"},{"floor":10,"key":"Darkstone Periapt"}],"event_choices":[],"is_beta":false,"boss_relics":[{"not_picked":["Cursed Key","Slimebound:TarBlob"],"picked":"Empty Cage"}],"items_purged_floors":[3],"is_endless":false,"potions_floor_spawned":[8,9,10,12,14,16],"killed_by":"3 Byrds","ascension_level":0}}