{"host":"684z1xpuwaoqmmh1","time":1613128979,"event":{"mods":["A Magickal Journey","BaseMod","Downfall","Hermit","Jorbs\u0027s Wanderer Trilogy","Marisa????????","Minty Spire (QoL Compilation)","Robot Space Explorer","Shade Mod","StSLib","The Bug Knight","The Dragon Tamer","The Elementalist","The Hayseed","The Hierophant","The Marked","The Mystic","The Runesmith","The Saiyan","The Senshi","The Spell Scribe","The Vixen","TheBandit","TheFirefly"],"gold_per_floor":[119,133,133,147,38,71,87,87,87,118,129,148,183,214,226,338,350,373,385,3,28,49,87,87,87,87],"floor_reached":25,"language":"ENG","playtime":2067,"items_purged":["elementalist:Defend_Elemblue","elementalist:Strike+Elemblue"],"score":325,"play_id":"4586e53f-805b-4d88-9abc-ccce79ce48cc","local_time":"20210212132259","is_ascension_mode":true,"campfire_choices":[{"floor":8.0,"key":"REST"},{"data":"elementalist:Aetheric_Shield","floor":15.0,"key":"SMITH"},{"data":"elementalist:Impact","floor":24,"key":"SMITH"}],"circlet_count":0,"master_deck":["elementalist:Water_Emblem","elementalist:Defend_Elemblue+1","elementalist:Defend_Elemblue+1","elementalist:Defend_Elemblue","elementalist:Defend_Elemblue","elementalist:Firestrike","elementalist:Earthstrike","elementalist:Waterstrike","elementalist:Airstrike","elementalist:Crystal_Chalk","elementalist:Aetheric_Shield+1","elementalist:Gaian_Form","elementalist:Rising_Tides","elementalist:Geomancy","elementalist:Low_Tides","elementalist:Blaze","elementalist:Aegis","elementalist:Astral_Form","elementalist:Confluence","elementalist:Kiln","elementalist:Mist","elementalist:Impact+1","elementalist:Kiln","elementalist:Sidereal_Form","elementalist:Emberveil","elementalist:Undertow"],"relics":["elementalistmod:MagusStaff","elementalistmod:GraduationLetter","champ:DuelingGlove","Meat on the Bone","Bottled Flame","MawBank","Black Star","elementalistmod:RedRibbon","CeramicFish","Medical Kit","bronze:DecasWashers","HornCleat"],"acts_visited":["Exordium","TheCity"],"potions_floor_usage":[25],"damage_taken":[{"damage":4.0,"enemies":"2 Louse","floor":1.0,"turns":3.0},{"damage":7.0,"enemies":"Jaw Worm","floor":2.0,"turns":6.0},{"damage":2.0,"enemies":"Cultist","floor":4.0,"turns":4.0},{"damage":40.0,"enemies":"Gremlin Nob","floor":6.0,"turns":7.0},{"damage":0.0,"enemies":"Exordium Wildlife","floor":7.0,"turns":5.0},{"damage":1.0,"enemies":"Lagavulin","floor":10.0,"turns":7.0},{"damage":0.0,"enemies":"Large Slime","floor":11.0,"turns":9.0},{"damage":5.0,"enemies":"Red Slaver","floor":12.0,"turns":4.0},{"damage":16.0,"enemies":"Gremlin Nob","floor":13.0,"turns":6.0},{"damage":3.0,"enemies":"Looter","floor":14.0,"turns":4.0},{"damage":0.0,"enemies":"Hexaghost","floor":16.0,"turns":12.0},{"damage":0.0,"enemies":"Chosen","floor":18.0,"turns":8.0},{"damage":7.0,"enemies":"Spheric Guardian","floor":21.0,"turns":8.0},{"damage":16.0,"enemies":"Centurion and Healer","floor":22.0,"turns":15.0},{"damage":1.0,"enemies":"Gremlin Leader","floor":23.0,"turns":15.0},{"damage":52,"enemies":"Slavers","floor":25,"turns":4}],"seed_played":"-6213158784700960638","potions_obtained":[{"floor":1.0,"key":"Swift Potion"},{"floor":7.0,"key":"SpeedPotion"},{"floor":10.0,"key":"Strength Potion"},{"floor":11.0,"key":"SkillPotion"},{"floor":12.0,"key":"Energy Potion"}],"is_trial":false,"path_per_floor":["M","M","?","M","$","E","M","R","T","E","M","M","E","M","R","B",null,"M","?","$","M","M","E","R","E"],"character_chosen":"THE_ELEMENTALIST","items_purchased":["elementalist:Low_Tides","CeramicFish","Medical Kit"],"campfire_rested":1,"item_purchase_floors":[5,20,20],"current_hp_per_floor":[66,59,45,43,43,3,3,24,24,35,47,42,38,47,47,47,70,70,70,70,63,47,46,46,0,0],"gold":87,"neow_bonus":"ONE_RANDOM_RARE_CARD","is_daily":false,"chose_seed":false,"campfire_upgraded":2,"win_rate":0.0,"timestamp":1613128979,"path_taken":["M","M","?","M","?","E","M","R","T","E","M","M","E","M","R","BOSS","M","?","$","?","M","E","R","E"],"items_purchased_type":["Card","Relic","Relic"],"build_version":"2020-12-22","purchased_purges":2,"victory":false,"max_hp_per_floor":[70,70,70,70,70,70,70,70,70,70,70,70,70,70,70,70,70,70,70,70,70,70,70,70,70,70],"card_choices":[{"not_picked":["elementalist:Prepared_Sand","elementalist:Wards"],"picked":"elementalist:Gaian_Form","floor":1.0},{"not_picked":["elementalist:Caution","elementalist:Concentricity"],"picked":"elementalist:Rising_Tides","floor":2.0},{"not_picked":["elementalist:Wards","elementalist:Monument"],"picked":"elementalist:Geomancy","floor":4.0},{"not_picked":["elementalist:Momentum","elementalist:Overheat"],"picked":"elementalist:Blaze","floor":6.0},{"not_picked":["elementalist:Mist","elementalist:Undertow"],"picked":"elementalist:Aegis","floor":7.0},{"not_picked":["elementalist:Stone_to_Mud","elementalist:Monument"],"picked":"elementalist:Astral_Form","floor":10.0},{"not_picked":["elementalist:Overheat","elementalist:Flame"],"picked":"elementalist:Confluence","floor":11.0},{"not_picked":["elementalist:Spark","elementalist:Caution"],"picked":"elementalist:Kiln","floor":12.0},{"not_picked":["elementalist:Rising_Tides","elementalist:Caution","elementalist:Monument"],"picked":"SKIP","floor":13.0},{"not_picked":["elementalist:Prepared_Sand","elementalist:Mage_Hand"],"picked":"elementalist:Mist","floor":14.0},{"not_picked":["elementalist:Accelerant","elementalist:Inferno"],"picked":"elementalist:Kiln","floor":16.0},{"not_picked":["elementalist:Etherstrike","elementalist:Momentum","elementalist:Wards+1"],"picked":"SKIP","floor":18.0},{"not_picked":["elementalist:Emberveil","elementalist:Spout"],"picked":"elementalist:Sidereal_Form","floor":21.0},{"not_picked":["elementalist:Flame+1","elementalist:Aegis"],"picked":"elementalist:Emberveil","floor":22.0},{"not_picked":["elementalist:Overheat","elementalist:Astral_Form"],"picked":"elementalist:Undertow","floor":23.0}],"player_experience":3258056,"relics_obtained":[{"floor":6.0,"key":"champ:DuelingGlove"},{"floor":9.0,"key":"Meat on the Bone"},{"floor":10.0,"key":"Bottled Flame"},{"floor":13.0,"key":"MawBank"},{"floor":23.0,"key":"bronze:DecasWashers"},{"floor":23.0,"key":"HornCleat"}],"event_choices":[{"damage_healed":0.0,"max_hp_gain":0.0,"max_hp_loss":0.0,"gold_gain":0.0,"event_name":"Shining Light","player_choice":"Entered Light","floor":3.0,"gold_loss":0.0,"damage_taken":14.0,"cards_upgraded":["elementalist:Defend_Elemblue","elementalist:Defend_Elemblue"]}],"is_beta":false,"boss_relics":[{"not_picked":["Pandora\u0027s Box","theSenshi:MoonKaleidoScopeRelic"],"picked":"Black Star"}],"items_purged_floors":[5,20],"is_endless":false,"potions_floor_spawned":[1,7,10,11,12],"killed_by":"Slavers","ascension_level":2}}