{"host":"bbld1ic1uj90ldt9","time":1613157304,"event":{"mods":["2.2 Compatiblity","AchievementEnabler","Act Like it!","BaseMod","Better Third Choice","Conspire","Downfall","Emptier Cage","Gensokyo","Hallownest","Hermit","Highlight Path","Hubris","Marisa????????","Minty Spire (QoL Compilation)","Random Character Button","Replay The Spire","StSLib","The Animator","The Bug Knight","The Cursed","The Disciple","The Hierophant","The Jungle","The Runesmith","The Servant 0.9.4"],"gold_per_floor":[99,116,116,116,116,130,130,156,170,187,87,115,15,15,15,119,119,119,131,151,151,151,151,198,215,234,234,234,245,257,26,39,143,143,143,160,171,71,92,31,106,106,131,181,181,238,228,315,336,369],"floor_reached":51,"language":"FRA","playtime":7694,"items_purged":["hubris:Gluttony"],"score":1047,"play_id":"27aaa5c4-cf55-4f74-9588-4fa6b8d04a89","local_time":"20210212201504","is_ascension_mode":true,"campfire_choices":[{"data":"Exchange","floor":1,"key":"SMITH"},{"floor":11,"key":"REST"},{"floor":13,"key":"REST"},{"floor":18,"key":"REST"},{"floor":42,"key":"REST"}],"circlet_count":0,"master_deck":["Defend_S","Defend_S","KidneyShot","Exchange+1","BestPractice","Potential","FastForward+1","Alleviate","Potential","Luminosity","Hightail","SoulSculpture","Potential+1","InstantArmor+1","SilverBlades","BestPractice","Shame","Alleviate","Hightail","ShatteredReality","Duplication","Duplication","MoonPhase","SoulSculpture","Spin","Collapse","conspire:SpireCoStock","conspire:SpireCoStock","DoubleEdge","DoubleEdge","SurpressingFire","ShiftingGears+1","Replay:Hysterical Blindness","Spin","TimeWarp+1","PendulumOfEternity","StarChef","StarChef","ReplayTheSpireMod:Splinters","SpecialFormula+1","Manipulate+1"],"relics":["Uniform","Gensokyo:Justice","Gensokyo:CelestialsFlawlessClothing","PreservedInsect","downfall:HeartBlessingBlue","Pet Ghost","downfall:HeartBlessingGreen","Ring of Chaos","Chemical X","hubris:FruitBowl","theJungle:BirthdayCake","Simple Rune","theJungle:SneckoAutograph","StoneMask","Replay:Bottled Snecko","Blue Doll","Toxic Egg 2","OrangePellets","ReplayTheSpireMod:CursedCoin","Replay:Baseball","Pen Nib","ReplayTheSpireMod:TigerMarble"],"acts_visited":["Gensokyo:Gensokyo","theJungle:Jungle","TheBeyond"],"potions_floor_usage":[12,15,30,31,31,32,33,37,44,46,50,50],"damage_taken":[{"damage":8,"enemies":"Gensokyo:Gryphon","floor":2,"turns":6},{"damage":0,"enemies":"Gensokyo:Python","floor":6,"turns":3},{"damage":15,"enemies":"Gensokyo:Aya","floor":8,"turns":6},{"damage":0,"enemies":"Gensokyo:3_Fairies","floor":9,"turns":4},{"damage":4,"enemies":"Gensokyo:3_Kodama","floor":10,"turns":6},{"damage":1,"enemies":"Gensokyo:Cirno","floor":12,"turns":5},{"damage":0,"enemies":"Gensokyo:Gryphon_and_Rabbit","floor":15,"turns":1},{"damage":17,"enemies":"SI_SHIV_ARCHETYPE","floor":16,"turns":10},{"damage":11,"enemies":"theJungle:5_Spyders","floor":19,"turns":9},{"damage":2,"enemies":"theJungle:Flameango_and_Byrd","floor":20,"turns":5},{"damage":0,"enemies":"theJungle:JungleHuntersEncounter","floor":25,"turns":7},{"damage":0,"enemies":"theJungle:2_Snecko_Cultists","floor":26,"turns":5},{"damage":7,"enemies":"theJungle:Snecko_Cultist_And_Trap","floor":29,"turns":5},{"damage":0,"enemies":"Snake Plant","floor":30,"turns":5},{"damage":0,"enemies":"downfall:FleeingMerchant","floor":31,"turns":4},{"damage":0,"enemies":"theJungle:SlimyTreeVines","floor":32,"turns":10},{"damage":9,"enemies":"WA_ARCHETYPE_CALM","floor":33,"turns":25},{"damage":0,"enemies":"3 Shapes","floor":36,"turns":9},{"damage":0,"enemies":"Orb Walker","floor":37,"turns":6},{"damage":84,"enemies":"Spire Growth","floor":39,"turns":9},{"damage":0,"enemies":"downfall:FleeingMerchant","floor":40,"turns":4},{"damage":0,"enemies":"Nemesis","floor":44,"turns":11},{"damage":12,"enemies":"4 Shapes","floor":46,"turns":11},{"damage":0,"enemies":"downfall:FleeingMerchant","floor":47,"turns":4},{"damage":2,"enemies":"Maw","floor":49,"turns":11},{"damage":77,"enemies":"DF_ARCHETYPE_ORBS","floor":50,"turns":17}],"seed_played":"9067844967138385360","potions_obtained":[{"floor":8,"key":"SmokeBomb"},{"floor":10,"key":"LiquidBronze"},{"floor":16,"key":"Energy Potion"},{"floor":26,"key":"Venom Potion"},{"floor":29,"key":"bronze:BurnAndBuffPotion"},{"floor":30,"key":"hexamod:SoulburnPotion"},{"floor":32,"key":"Ancient Potion"},{"floor":33,"key":"CultistPotion"},{"floor":36,"key":"AttackPotion"},{"floor":44,"key":"AttackPotion"},{"floor":49,"key":"Strength Potion"}],"is_trial":false,"path_per_floor":["R","M","?","?","?","M","T","E","M","M","R","E","R","?","M","B",null,"R","M","M","$","?","?","T","M","M","?","?","M","M","$","M","B",null,"R","M","M","?","M","?","T","R","T","E","?","M","$","?","M","B",null],"character_chosen":"THE_SERVANT","items_purchased":["Chemical X","hubris:FruitBowl","Fruit Juice","Duplication","SurpressingFire","ReplayTheSpireMod:CursedCoin","Replay:Baseball","PendulumOfEternity","Pen Nib","StarChef"],"campfire_rested":4,"item_purchase_floors":[21,21,31,31,40,47,47,47,47,47],"current_hp_per_floor":[59,51,51,35,35,35,35,20,20,16,48,47,69,39,39,22,62,75,64,62,33,63,41,41,41,41,55,55,48,48,55,61,52,97,112,115,116,116,35,35,35,70,70,73,73,73,76,76,85,19],"gold":369,"neow_bonus":"THREE_CARDS","is_daily":false,"chose_seed":false,"campfire_upgraded":1,"win_rate":0.0,"timestamp":1613157304,"path_taken":["R","M","?","?","?","M","T","E","M","?","R","E","R","?","M","BOSS","R","M","M","?","?","?","T","M","?","?","?","M","M","?","M","BOSS","R","M","M","?","M","?","T","R","?","E","?","?","$","?","M","BOSS"],"items_purchased_type":["Relic","Relic","Potion","Card","Card","Relic","Relic","Card","Relic","Card"],"build_version":"2020-12-22","purchased_purges":1,"victory":true,"max_hp_per_floor":[65,65,65,65,65,65,65,65,65,65,75,75,75,75,75,75,75,75,75,75,75,105,105,105,105,105,105,105,105,105,112,112,112,112,112,115,116,116,117,117,117,117,117,118,118,122,123,123,124,125],"card_choices":[{"not_picked":["MoonPhase","Starlight"],"picked":"Rearm","floor":0},{"not_picked":["Ricochet","Shuttle"],"picked":"BestPractice","floor":2},{"not_picked":["Alleviate","Shuttle"],"picked":"FastForward","floor":6},{"not_picked":["Starlight","Read"],"picked":"Alleviate","floor":8},{"not_picked":["Rearm","DoubleEdge"],"picked":"Potential","floor":9},{"not_picked":["Sabotage","Desolation"],"picked":"Luminosity","floor":10},{"not_picked":["Unruled","Defy"],"picked":"Hightail","floor":12},{"not_picked":["TheWorld","KillingDoll"],"picked":"SoulSculpture","floor":16},{"not_picked":["RealityMarble","BottledTime"],"picked":"Potential+1","floor":19},{"not_picked":["Read+1","Rewind"],"picked":"InstantArmor+1","floor":20},{"not_picked":["Rewind","FanOfKnives"],"picked":"SilverBlades","floor":25},{"not_picked":["Rewind","Spin"],"picked":"BestPractice","floor":26},{"not_picked":["TimeWarp","ShatteredReality"],"picked":"Alleviate","floor":29},{"not_picked":["Moondial","Comet"],"picked":"Hightail","floor":30},{"not_picked":["FloweringNight","Revamp"],"picked":"ShatteredReality","floor":31},{"not_picked":["Unruled","Ricochet"],"picked":"MoonPhase","floor":32},{"not_picked":["TheWorld","ForgedInTime"],"picked":"SoulSculpture","floor":33},{"not_picked":["Rearm","Contraction+1"],"picked":"Spin","floor":36},{"not_picked":["Ricochet","Rearm+1"],"picked":"Collapse","floor":37},{"not_picked":["FloweringNight","ShatteredReality+1"],"picked":"DoubleEdge","floor":39},{"not_picked":["KillingDoll","Read+1"],"picked":"DoubleEdge","floor":40},{"not_picked":["DancingSilver+1","Comet+1"],"picked":"ShiftingGears+1","floor":44},{"not_picked":["TimeWarp","Starlight"],"picked":"Spin","floor":46},{"not_picked":["FastForward+1","Alleviate+1"],"picked":"TimeWarp+1","floor":47},{"not_picked":["Potential+1","ShatteredReality"],"picked":"SpecialFormula+1","floor":48},{"not_picked":["Gouge+1","Starlight+1"],"picked":"Manipulate+1","floor":48},{"not_picked":["Contraction+1","Read+1","TimeWarp"],"picked":"SKIP","floor":49}],"player_experience":2291149,"relics_obtained":[{"floor":8,"key":"PreservedInsect"},{"floor":12,"key":"Pet Ghost"},{"floor":24,"key":"Simple Rune"},{"floor":41,"key":"Replay:Bottled Snecko"},{"floor":43,"key":"Blue Doll"},{"floor":44,"key":"Toxic Egg 2"},{"floor":48,"key":"ReplayTheSpireMod:TigerMarble"}],"event_choices":[{"damage_healed":0,"gold_gain":0,"player_choice":"Invest 2","damage_taken":0,"max_hp_gain":0,"max_hp_loss":0,"event_name":"conspire:Investor","floor":38,"gold_loss":0}],"is_beta":false,"boss_relics":[{"not_picked":["conspire:SpecialSausage","hubris:CrackedHourglass"],"picked":"Ring of Chaos"},{"not_picked":["hubris:GrandSneckoEye","Kintsugi"],"picked":"StoneMask"}],"items_purged_floors":[47],"is_endless":false,"potions_floor_spawned":[8,10,15,16,26,29,30,32,33,36,44,49],"ascension_level":8}}