{"host":"6xsbn6ynqlzwllfm","time":1613151218,"event":{"mods":["2.2 Compatiblity","BaseMod","Bestiary","Colored Map","Colored Powertips","Curses Come First","Downfall","Highlight Path","Keyboard Shortcuts","Minty Spire (QoL Compilation)","Relic Stats","Slay the Relics Exporter","StSLib","SuperFastMode"],"gold_per_floor":[99,118,118,137,148,177,202,102,102,137,37,101,101,131,141,236,236,136,146,177,15,15,32,32,67,86,118,118,27,47,47,63,162,162,162,174,187,187,187,177,200,200,216,231,36,9,9,20,40,40,40,40,40,40],"floor_reached":52,"language":"ENG","playtime":2277,"items_purged":["bronze:Strike","bronze:Strike"],"score":1076,"play_id":"00ee0fbb-7ba8-43a8-8e0e-07637bc4e277","local_time":"20210212123338","is_ascension_mode":true,"campfire_choices":[{"data":"bronze:Goto","floor":1.0,"key":"SMITH"},{"floor":8.0,"key":"RECALL"},{"data":"bronze:HardenedForm","floor":11.0,"key":"SMITH"},{"floor":13.0,"key":"REST"},{"data":"bronze:AlphaBuild","floor":18.0,"key":"SMITH"},{"floor":28.0,"key":"REST"},{"data":"bronze:Flail","floor":35.0,"key":"SMITH"},{"data":"expansioncontent:StudyTheSpire","floor":47.0,"key":"SMITH"}],"circlet_count":0,"master_deck":["bronze:Strike","bronze:Defend","bronze:Defend","bronze:Defend","bronze:Defend","bronze:Replicate","bronze:Goto+1","bronze:Shell","bronze:DelayedGuard+1","bronze:Optimize","bronze:Frontload","bronze:HardenedForm+1","bronze:Fortify","bronze:ChosenStrike","bronze:AlphaBuild+1","bronze:Flail+1","bronze:Frontload","bronze:ForceShield","downfall:Bewildered","bronze:Flail+1","bronze:Repulsor","bronze:Fortify","bronze:Library","bronze:Shell+1","expansioncontent:StudyTheSpire+1","Writhe","expansioncontent:InvincibleStrength","expansioncontent:LastStand","expansioncontent:YouAreMine","Parasite","bronze:Frontload"],"relics":["Philosopher\u0027s Stone","Boot","downfall:HeartBlessingBlue","InkBottle","downfall:HeartBlessingRed","StrikeDummy","CaptainsWheel","Snecko Eye","downfall:HeartBlessingGreen","Red Mask","Membership Card","sneckomod:BabySnecko","Strawberry","Matryoshka","Mango","Cursed Key","bronze:BottledCode","Medical Kit","Slimebound:PreparedRelic","Nunchaku","War Paint","Kunai","Lantern"],"acts_visited":["Exordium","TheCity","TheBeyond","TheEnding"],"potions_floor_usage":[],"damage_taken":[{"damage":2.0,"enemies":"2 Louse","floor":2.0,"turns":3.0},{"damage":0.0,"enemies":"Jaw Worm","floor":4.0,"turns":3.0},{"damage":0.0,"enemies":"Small Slimes","floor":5.0,"turns":3.0},{"damage":33.0,"enemies":"3 Sentries","floor":6.0,"turns":11.0},{"damage":7.0,"enemies":"Gremlin Nob","floor":10.0,"turns":6.0},{"damage":0.0,"enemies":"Lagavulin Event","floor":12.0,"turns":6.0},{"damage":5.0,"enemies":"3 Sentries","floor":14.0,"turns":6.0},{"damage":2.0,"enemies":"Blue Slaver","floor":15.0,"turns":3.0},{"damage":5.0,"enemies":"DF_ARCHETYPE_STREAMLINE","floor":16.0,"turns":8.0},{"damage":0.0,"enemies":"Shell Parasite","floor":19.0,"turns":4.0},{"damage":21.0,"enemies":"Masked Bandits","floor":20.0,"turns":3.0},{"damage":0.0,"enemies":"downfall:FleeingMerchant","floor":21.0,"turns":4.0},{"damage":0.0,"enemies":"Centurion and Healer","floor":23.0,"turns":5.0},{"damage":24.0,"enemies":"Slavers","floor":25.0,"turns":3.0},{"damage":0.0,"enemies":"Chosen and Byrds","floor":26.0,"turns":3.0},{"damage":12.0,"enemies":"Book of Stabbing","floor":27.0,"turns":5.0},{"damage":0.0,"enemies":"downfall:FleeingMerchant","floor":29.0,"turns":4.0},{"damage":0.0,"enemies":"Shelled Parasite and Fungi","floor":30.0,"turns":4.0},{"damage":0.0,"enemies":"Centurion and Healer","floor":32.0,"turns":3.0},{"damage":0.0,"enemies":"SI_MIRROR_ARCHETYPE","floor":33.0,"turns":7.0},{"damage":4.0,"enemies":"3 Darklings","floor":36.0,"turns":2.0},{"damage":9.0,"enemies":"Orb Walker","floor":37.0,"turns":3.0},{"damage":0.0,"enemies":"downfall:FleeingMerchant","floor":40.0,"turns":4.0},{"damage":0.0,"enemies":"Transient","floor":43.0,"turns":5.0},{"damage":10.0,"enemies":"Writhing Mass","floor":44.0,"turns":6.0},{"damage":20.0,"enemies":"Jaw Worm Horde","floor":48.0,"turns":6.0},{"damage":0.0,"enemies":"Maw","floor":49.0,"turns":6.0},{"damage":0.0,"enemies":"IC_BLOCK_ARCHETYPE","floor":50.0,"turns":9.0},{"damage":82,"enemies":"downfall:CharBossMerchant","floor":52,"turns":5}],"seed_played":"7426247811897088242","potions_obtained":[{"floor":4.0,"key":"sneckomod:MuddlingPotion"},{"floor":12.0,"key":"SkillPotion"},{"floor":16.0,"key":"Explosive Potion"},{"floor":19.0,"key":"bronze:FreeFunctionsPotion"},{"floor":20.0,"key":"Dexterity Potion"},{"floor":27.0,"key":"LiquidMemories"},{"floor":30.0,"key":"SteroidPotion"},{"floor":37.0,"key":"Fire Potion"},{"floor":44.0,"key":"FearPotion"},{"floor":49.0,"key":"PowerPotion"}],"is_trial":false,"path_per_floor":["R","M","?","M","M","E","T","R","?","E","R","?","R","E","M","B",null,"R","M","?","$","?","M","T","E","M","E","R","$","M","?","M","B",null,"R","M","M","?","?","$","T","?","M","M","$","$","R","M","M","B",null,"E"],"character_chosen":"THE_AUTOMATON","items_purchased":["Membership Card","Regen Potion","Medical Kit","expansioncontent:StudyTheSpire","Slimebound:PreparedRelic","Kunai","Lantern","bronze:Frontload"],"campfire_rested":2,"item_purchase_floors":[21,29,40,40,40,45,45,46],"current_hp_per_floor":[63,61,61,61,61,28,28,38,38,31,31,31,55,50,48,43,71,71,71,50,50,50,50,57,33,33,35,65,65,65,65,74,74,94,94,90,81,81,81,81,81,71,71,61,61,61,61,41,41,41,79,0,0,0],"gold":40,"neow_bonus":"BOSS_RELIC","is_daily":false,"chose_seed":false,"campfire_upgraded":5,"win_rate":0.0,"timestamp":1613151218,"path_taken":["R","M","?","M","M","E","T","R","?","E","R","?","R","E","M","BOSS","R","M","?","$","?","M","T","E","M","E","R","$","M","?","M","BOSS","R","M","M","?","?","$","T","?","M","M","?","$","R","M","M","BOSS","E"],"items_purchased_type":["Relic","Potion","Relic","Card","Relic","Relic","Relic","Card"],"build_version":"2020-12-22","purchased_purges":2,"victory":false,"max_hp_per_floor":[70,70,70,70,70,70,70,80,80,80,80,80,80,80,80,80,80,80,80,80,80,80,80,87,87,87,101,101,101,101,101,101,101,101,101,101,101,101,91,91,91,91,91,91,91,91,91,91,91,91,91,91,91,91],"relic_stats":{"Nunchaku":[6],"counters":[29,140],"Snecko Eye":[176,154,169,153],"Kunai":[6],"War Paint":["bronze:DelayedGuard","bronze:Shell"],"Boot":[55],"Cursed Key":1,"Medical Kit":[6],"obtain_stats":[{"Lantern":45,"bronze:BronzeCore":0,"downfall:HeartBlessingRed":11,"downfall:HeartBlessingGreen":18,"Mango":27,"War Paint":41,"Boot":6,"Cursed Key":34,"Medical Kit":40,"bronze:BottledCode":39,"sneckomod:BabySnecko":22,"CaptainsWheel":14,"Nunchaku":41,"Matryoshka":25,"downfall:HeartBlessingBlue":8,"Strawberry":24,"Snecko Eye":17,"Philosopher\u0027s Stone":0,"Slimebound:PreparedRelic":40,"Red Mask":20,"Membership Card":21,"Kunai":45,"StrikeDummy":12,"InkBottle":10},{"Lantern":25,"bronze:BronzeCore":0,"downfall:HeartBlessingRed":5,"downfall:HeartBlessingGreen":9,"Mango":16,"War Paint":23,"Boot":4,"Cursed Key":20,"Medical Kit":23,"bronze:BottledCode":22,"sneckomod:BabySnecko":12,"CaptainsWheel":7,"Nunchaku":23,"Matryoshka":14,"downfall:HeartBlessingBlue":4,"Strawberry":13,"Snecko Eye":9,"Philosopher\u0027s Stone":0,"Slimebound:PreparedRelic":23,"Red Mask":11,"Membership Card":12,"Kunai":25,"StrikeDummy":6,"InkBottle":5},{"Lantern":114,"bronze:BronzeCore":0,"downfall:HeartBlessingRed":26,"downfall:HeartBlessingGreen":49,"Mango":76,"War Paint":103,"Boot":20,"Cursed Key":94,"Medical Kit":103,"bronze:BottledCode":99,"sneckomod:BabySnecko":60,"CaptainsWheel":38,"Nunchaku":103,"Matryoshka":68,"downfall:HeartBlessingBlue":20,"Strawberry":65,"Snecko Eye":49,"Philosopher\u0027s Stone":0,"Slimebound:PreparedRelic":103,"Red Mask":56,"Membership Card":60,"Kunai":114,"StrikeDummy":32,"InkBottle":26}],"InkBottle":[49]},"card_choices":[{"not_picked":["bronze:WildBeam","bronze:Turbo"],"picked":"bronze:Shell","floor":2.0},{"not_picked":["bronze:DelayedSlice","bronze:BuggyMess"],"picked":"bronze:DelayedGuard","floor":4.0},{"not_picked":["bronze:Overload","bronze:DelayedGuard"],"picked":"bronze:Optimize","floor":5.0},{"not_picked":["bronze:WildBeam","bronze:Constructor"],"picked":"bronze:Frontload","floor":6.0},{"not_picked":["bronze:BitShift","bronze:GetLatest"],"picked":"bronze:HardenedForm","floor":10.0},{"not_picked":["bronze:Invalidate","bronze:BugBarrage"],"picked":"bronze:Fortify","floor":12.0},{"not_picked":["bronze:Safeguard","bronze:WhirlingStrike"],"picked":"bronze:ChosenStrike","floor":14.0},{"not_picked":["bronze:Iterate","bronze:BugBarrage","bronze:WhirlingStrike"],"picked":"SKIP","floor":15.0},{"not_picked":["bronze:Virus","bronze:Hardcode"],"picked":"bronze:AlphaBuild","floor":16.0},{"not_picked":["bronze:FineTuning","bronze:Optimize+1"],"picked":"bronze:Flail","floor":19.0},{"not_picked":["bronze:Return","bronze:Turbo"],"picked":"bronze:Frontload","floor":20.0},{"not_picked":["bronze:DarkDash","bronze:Branch"],"picked":"bronze:ForceShield","floor":21.0},{"not_picked":["bronze:BugBarrage","bronze:Frontload+1"],"picked":"bronze:Flail+1","floor":23.0},{"not_picked":["bronze:ChosenStrike","bronze:DelayedGuard+1","bronze:FineTuning"],"picked":"SKIP","floor":25.0},{"not_picked":["bronze:DelayedSlice","bronze:Separator"],"picked":"bronze:Repulsor","floor":27.0},{"not_picked":["bronze:Shield+1","bronze:ChildClass+1"],"picked":"bronze:Fortify","floor":29.0},{"not_picked":["bronze:SpaghettiCode","bronze:ShipIt"],"picked":"bronze:Library","floor":33.0},{"not_picked":["bronze:InfiniteBeams","bronze:Iterate"],"picked":"bronze:Shell","floor":40.0},{"not_picked":["expansioncontent:LastStand","expansioncontent:PolyBeam"],"picked":"expansioncontent:InvincibleStrength","floor":42.0},{"not_picked":["expansioncontent:PolyBeam","expansioncontent:Hexaburn"],"picked":"expansioncontent:LastStand","floor":42.0},{"not_picked":["expansioncontent:PrepareCrush","expansioncontent:GuardianWhirl"],"picked":"expansioncontent:YouAreMine","floor":42.0}],"player_experience":1749105,"relics_obtained":[{"floor":6.0,"key":"Boot"},{"floor":10.0,"key":"InkBottle"},{"floor":12.0,"key":"StrikeDummy"},{"floor":14.0,"key":"CaptainsWheel"},{"floor":20.0,"key":"Red Mask"},{"floor":24.0,"key":"Strawberry"},{"floor":25.0,"key":"Matryoshka"},{"floor":27.0,"key":"Mango"},{"floor":41.0,"key":"Nunchaku"},{"floor":41.0,"key":"War Paint"}],"event_choices":[{"cards_removed":["bronze:Strike"],"damage_healed":0.0,"max_hp_gain":0.0,"max_hp_loss":0.0,"gold_gain":0.0,"event_name":"The Cleric","player_choice":"Card Removal","floor":3.0,"gold_loss":0.0,"damage_taken":0.0},{"damage_healed":0.0,"max_hp_gain":0.0,"max_hp_loss":0.0,"gold_gain":0.0,"event_name":"Masked Bandits","player_choice":"Fought Bandits","floor":20.0,"gold_loss":0.0,"damage_taken":0.0}],"is_beta":false,"boss_relics":[{"not_picked":["Busted Crown","SacredBark"],"picked":"Snecko Eye"},{"not_picked":["Tiny House","Pandora\u0027s Box"],"picked":"Cursed Key"}],"items_purged_floors":[29,40],"is_endless":false,"potions_floor_spawned":[4,12,16,19,20,27,30,37,44,49],"killed_by":"downfall:CharBossMerchant","ascension_level":7}}