{"host":"xb2tau8pgi8aflss","time":1613109056,"event":{"mods":["AchievementEnabler","BaseMod","Hermit","Minty Spire (QoL Compilation)","StSLib","SuperFastMode"],"gold_per_floor":[112,112,187,197,147,147,147,166,166,183,201,221,235,253,253,355,355,369,369,369,66,66,66],"floor_reached":22,"language":"KOR","playtime":708,"items_purged":["Writhe"],"score":253,"play_id":"f97e9979-b8a7-4a36-9149-2848f6a6d1f7","local_time":"20210212145056","daily_mods":["Draft","Specialized","Heirloom"],"is_ascension_mode":false,"campfire_choices":[{"data":"MentalFortress","floor":6.0,"key":"SMITH"},{"data":"TalkToTheHand","floor":15.0,"key":"SMITH"}],"circlet_count":0,"master_deck":["Perseverance","Perseverance","Perseverance","Perseverance","SignatureMove","BowlingBash","EmptyMind","ThirdEye","EmptyFist","TalkToTheHand+1","Prostrate+1","FlurryOfBlows","MentalFortress+1","Crescendo","WheelKick","Halt","Evaluate","EmptyFist+1","ClearTheMind","WheelKick","Parasite","DevaForm","Fasting2","Protect","Tantrum","Establishment","FearNoEvil","Adaptation"],"relics":["PureWater","Ice Cream","White Beast Statue","SlaversCollar","Meat on the Bone","MutagenicStrength","Sling"],"acts_visited":["Exordium","TheCity"],"potions_floor_usage":[22],"damage_taken":[{"damage":0.0,"enemies":"Jaw Worm","floor":1.0,"turns":3.0},{"damage":0.0,"enemies":"2 Louse","floor":4.0,"turns":3.0},{"damage":0.0,"enemies":"Cultist","floor":8.0,"turns":3.0},{"damage":0.0,"enemies":"2 Fungi Beasts","floor":10.0,"turns":2.0},{"damage":0.0,"enemies":"Exordium Thugs","floor":11.0,"turns":3.0},{"damage":0.0,"enemies":"Blue Slaver","floor":12.0,"turns":2.0},{"damage":0.0,"enemies":"Lots of Slimes","floor":13.0,"turns":3.0},{"damage":0.0,"enemies":"Looter","floor":14.0,"turns":3.0},{"damage":0.0,"enemies":"Slime Boss","floor":16.0,"turns":6.0},{"damage":0.0,"enemies":"2 Thieves","floor":18.0,"turns":2.0},{"damage":2,"enemies":"3 Byrds","floor":22,"turns":4}],"seed_played":"221074489313023971","potions_obtained":[{"floor":1.0,"key":"Ancient Potion"},{"floor":10.0,"key":"Weak Potion"},{"floor":11.0,"key":"Dexterity Potion"},{"floor":14.0,"key":"BlessingOfTheForge"},{"floor":16.0,"key":"Energy Potion"},{"floor":18.0,"key":"Dexterity Potion"}],"is_trial":true,"path_per_floor":["M","?","?","M","?","R","?","M","T","M","M","M","M","M","R","B",null,"M","?","?","$","M"],"character_chosen":"WATCHER","items_purchased":["Adaptation","Sling"],"campfire_rested":0,"item_purchase_floors":[21,21],"current_hp_per_floor":[1,1,1,1,1,1,1,1,1,1,1,1,1,1,1,1,1,1,1,1,1,0,0],"gold":66,"neow_bonus":"","is_daily":false,"chose_seed":false,"campfire_upgraded":2,"win_rate":0.0,"timestamp":1613109056,"path_taken":["M","?","?","M","?","R","?","M","T","M","M","?","M","M","R","BOSS","M","?","?","?","M"],"items_purchased_type":["Card","Relic"],"build_version":"2020-12-22","purchased_purges":1,"victory":false,"max_hp_per_floor":[1,1,1,1,1,1,1,1,1,1,1,1,1,1,1,1,1,1,1,1,1,1,1],"card_choices":[{"not_picked":["FlurryOfBlows","Fasting2"],"picked":"SignatureMove","floor":0.0},{"not_picked":["Halt","PathToVictory"],"picked":"BowlingBash","floor":0.0},{"not_picked":["PathToVictory","BowlingBash"],"picked":"EmptyMind","floor":0.0},{"not_picked":["PathToVictory","FlyingSleeves"],"picked":"ThirdEye","floor":0.0},{"not_picked":["Conclude","FlurryOfBlows"],"picked":"EmptyFist","floor":0.0},{"not_picked":["FlyingSleeves","Prostrate"],"picked":"TalkToTheHand","floor":0.0},{"not_picked":["FlyingSleeves","Consecrate"],"picked":"Prostrate","floor":0.0},{"not_picked":["Collect","Halt"],"picked":"FlurryOfBlows","floor":0.0},{"not_picked":["InnerPeace","Consecrate"],"picked":"MentalFortress","floor":0.0},{"not_picked":["PathToVictory","FlyingSleeves"],"picked":"Crescendo","floor":0.0},{"not_picked":["Prostrate","PathToVictory"],"picked":"WheelKick","floor":0.0},{"not_picked":["Meditate","ForeignInfluence"],"picked":"Halt","floor":0.0},{"not_picked":["BowlingBash","FlurryOfBlows"],"picked":"Evaluate","floor":0.0},{"not_picked":["JustLucky","SignatureMove"],"picked":"EmptyFist","floor":0.0},{"not_picked":["Consecrate","Worship"],"picked":"ClearTheMind","floor":0.0},{"not_picked":["Collect","Evaluate","Pray"],"picked":"SKIP","floor":1.0},{"not_picked":["ClearTheMind","JustLucky"],"picked":"WheelKick","floor":4.0},{"not_picked":["CutThroughFate","Evaluate","PathToVictory"],"picked":"SKIP","floor":8.0},{"not_picked":["EmptyFist","PathToVictory"],"picked":"DevaForm","floor":10.0},{"not_picked":["CutThroughFate","Crescendo"],"picked":"Fasting2","floor":11.0},{"not_picked":["Nirvana","ClearTheMind"],"picked":"Protect","floor":12.0},{"not_picked":["BowlingBash","Meditate","ReachHeaven"],"picked":"SKIP","floor":13.0},{"not_picked":["WindmillStrike","ClearTheMind"],"picked":"Tantrum","floor":14.0},{"not_picked":["Scrawl","SpiritShield"],"picked":"Establishment","floor":16.0},{"not_picked":["EmptyFist","CrushJoints"],"picked":"FearNoEvil","floor":18.0}],"player_experience":826882,"relics_obtained":[{"floor":9.0,"key":"White Beast Statue"}],"event_choices":[{"damage_healed":0.0,"max_hp_gain":0.0,"max_hp_loss":0.0,"gold_gain":0.0,"event_name":"Shining Light","player_choice":"Entered Light","floor":2.0,"gold_loss":0.0,"damage_taken":0.0,"cards_upgraded":["EmptyFist","Prostrate"]},{"damage_healed":0.0,"max_hp_gain":0.0,"max_hp_loss":0.0,"gold_gain":75.0,"event_name":"Golden Wing","player_choice":"Gained Gold","floor":3.0,"gold_loss":0.0,"damage_taken":0.0},{"cards_removed":["Perseverance"],"damage_healed":0.0,"max_hp_gain":0.0,"max_hp_loss":0.0,"gold_gain":0.0,"event_name":"The Cleric","player_choice":"Card Removal","floor":5.0,"gold_loss":50.0,"damage_taken":0.0},{"damage_healed":0.0,"max_hp_gain":0.0,"max_hp_loss":0.0,"gold_gain":0.0,"event_name":"Mushrooms","player_choice":"Healed and dodged fight","floor":7.0,"gold_loss":0.0,"damage_taken":0.0,"cards_obtained":["Parasite"]},{"damage_healed":0.0,"max_hp_gain":0.0,"max_hp_loss":0.0,"gold_gain":0.0,"event_name":"The Mausoleum","player_choice":"Opened","floor":19.0,"gold_loss":0.0,"damage_taken":0.0,"relics_obtained":["Meat on the Bone"],"cards_obtained":["Writhe"]},{"damage_healed":0.0,"max_hp_gain":0.0,"max_hp_loss":0.0,"gold_gain":0.0,"event_name":"Drug Dealer","player_choice":"Inject Mutagens","floor":20.0,"gold_loss":0.0,"damage_taken":0.0,"relics_obtained":["MutagenicStrength"]}],"is_beta":false,"boss_relics":[{"not_picked":["Astrolabe","Tiny House"],"picked":"SlaversCollar"}],"items_purged_floors":[21],"is_endless":false,"potions_floor_spawned":[1,10,11,12,13,14,16,18],"killed_by":"3 Byrds","ascension_level":0}}