{"host":"zwb5naz29bygj01b","time":1613168625,"event":{"mods":["2.2 Compatiblity","AchievementEnabler","BaseMod","Bestiary","Better Altar","Better Match","Better Note","Better Sensory Stone","Better Skull","Better Third Choice","Better-Laid Plans","BetterRewards","Block Reminder","Colored Map","Colored Powertips","Custom Start","Dark Map","DeckTracker","Downfall","Filter the Spire","GungeonMod","Hermit","Highlight Path","Minty Spire (QoL Compilation)","Practice Mode","Quick Restart","Random Character Button","Rare Cards Sparkle","Shade Mod","Spicy Shops","StSLib","The Bug Knight","The Cursed","The Disciple","The Hierophant","The IronCluck","Transform Curses"],"gold_per_floor":[119,119,119,18,18,43,53,53,105,133,133,133,133,149,149,249,249,261,261,338,353,353,387,401,433,433,459,479,479,479,491,491,593,593,606,606,620,2,53,53,80,80,153,169,169,0,0,12,12,12],"floor_reached":51,"language":"ENG","playtime":1845,"items_purged":[],"score":905,"play_id":"e7c49ab3-5b7d-4c31-a224-f96705852319","local_time":"20210212162345","is_ascension_mode":true,"campfire_choices":[{"floor":8,"key":"REST"},{"data":"Gash","floor":11,"key":"SMITH"},{"data":"Reprogram","floor":15,"key":"SMITH"},{"floor":29,"key":"REST"},{"floor":32,"key":"REST"},{"data":"Gash","floor":40,"key":"SMITH"},{"floor":42,"key":"REST"},{"floor":47,"key":"REST"},{"floor":49,"key":"REST"}],"circlet_count":0,"master_deck":["Strike_B","Strike_B","Strike_B","Strike_B","Defend_B","Defend_B","Defend_B","Defend_B","Zap+1","Dualcast","Double Energy+1","Violence","Discovery","Rebound","Aggregate+1","Gash+1","Rip and Tear","Undo","Conserve Battery","All For One","Reprogram+1","Creative AI","Hologram+1","Self Repair","downfall:Bewildered","Biased Cognition","FTL","Gash","Rebound","Slimebound:CheckThePlaybook","Gash+1","All For One","Sweeping Beam","Beam Cell","Go for the Eyes","Hologram+1","Steam+1"],"relics":["Cracked Core","Bag of Preparation","Tiny Chest","Blood Vial","Happy Flower","Ancient Tea Set","Kunai","Matryoshka","Runic Pyramid","Smiling Mask","White Beast Statue","sneckomod:BabySnecko","DemoMod:MonsterBlood","StrikeDummy","DemoMod:LamentConfigurum","DemoMod:ClearGuonStone","DemoMod:WhiteGuonStone","Black Star","Vajra","Lee\u0027s Waffle","Toolbox","Strawberry","Potion Belt","Gambling Chip","DemoMod:OrangeGuonStone","DemoMod:JetPack","HornCleat","Red Mask"],"acts_visited":["Exordium","TheCity","TheBeyond"],"potions_floor_usage":[24,33,33,33,35,50,50],"damage_taken":[{"damage":1,"enemies":"2 Louse","floor":1,"turns":2},{"damage":16,"enemies":"Lagavulin","floor":6,"turns":5},{"damage":0,"enemies":"Jaw Worm","floor":7,"turns":2},{"damage":0,"enemies":"Gremlin Nob","floor":10,"turns":2},{"damage":0,"enemies":"Small Slimes","floor":14,"turns":2},{"damage":30,"enemies":"The Guardian","floor":16,"turns":8},{"damage":9,"enemies":"Spheric Guardian","floor":18,"turns":3},{"damage":0,"enemies":"Chosen","floor":21,"turns":3},{"damage":40,"enemies":"Book of Stabbing","floor":23,"turns":5},{"damage":0,"enemies":"Centurion and Healer","floor":24,"turns":5},{"damage":34,"enemies":"HollowMod:Nosk","floor":25,"turns":7},{"damage":20,"enemies":"Shelled Parasite and Fungi","floor":28,"turns":5},{"damage":6,"enemies":"Chosen and Byrds","floor":31,"turns":4},{"damage":51,"enemies":"Collector","floor":33,"turns":6},{"damage":35,"enemies":"3 Darklings","floor":35,"turns":4},{"damage":40,"enemies":"3 Shapes","floor":37,"turns":3},{"damage":43,"enemies":"2 Orb Walkers","floor":39,"turns":3},{"damage":20,"enemies":"Giant Head","floor":41,"turns":3},{"damage":32,"enemies":"Spire Growth","floor":44,"turns":4},{"damage":15,"enemies":"Maw","floor":48,"turns":2},{"damage":40,"enemies":"Time Eater","floor":50,"turns":6}],"seed_played":"2200307812090941734","potions_obtained":[{"floor":6,"key":"Explosive Potion"},{"floor":7,"key":"SpeedPotion"},{"floor":10,"key":"AttackPotion"},{"floor":24,"key":"LiquidMemories"},{"floor":25,"key":"ColorlessPotion"},{"floor":31,"key":"AttackPotion"},{"floor":33,"key":"ColorlessPotion"},{"floor":35,"key":"hexamod:SoulburnPotion"},{"floor":37,"key":"Block Potion"},{"floor":39,"key":"ColorlessPotion"},{"floor":41,"key":"GamblersBrew"},{"floor":44,"key":"AttackPotion"}],"is_trial":false,"path_per_floor":["M","?","?","$","?","E","M","R","T","E","R","T","?","M","R","B",null,"M","?","T","M","?","E","M","E","T","T","M","R","?","M","R","B",null,"M","T","M","$","?","R","E","R","T","M","?","?","R","M","R","B",null],"character_chosen":"DEFECT","items_purchased":["Double Energy","Bag of Preparation","Tiny Chest","Blood Vial","Violence","Discovery","Stack","Gash","Rip and Tear","Lee\u0027s Waffle","Toolbox","Strawberry","Potion Belt"],"campfire_rested":6,"item_purchase_floors":[0,0,0,0,0,0,0,4,4,38,38,38,38],"current_hp_per_floor":[41,41,26,26,51,37,39,61,61,63,63,63,63,65,65,37,75,66,66,66,68,68,44,53,28,28,28,17,41,41,44,66,24,74,46,46,8,88,52,52,34,60,60,40,40,40,66,60,86,48],"gold":12,"neow_bonus":"","is_daily":false,"chose_seed":false,"campfire_upgraded":3,"win_rate":0.0,"timestamp":1613168625,"path_taken":["M","?","?","$","?","E","M","R","T","E","R","?","?","?","R","BOSS","M","?","?","M","?","E","M","E","T","?","M","R","?","M","R","BOSS","M","?","M","$","?","R","E","R","T","M","?","?","R","M","R","BOSS"],"items_purchased_type":["Card","Relic","Relic","Relic","Card","Card","Card","Card","Card","Relic","Relic","Relic","Relic"],"build_version":"2020-12-22","purchased_purges":0,"victory":true,"max_hp_per_floor":[75,75,75,75,75,75,75,75,75,75,75,75,75,75,75,75,75,75,75,75,75,75,82,82,82,82,82,82,82,74,74,74,74,74,74,74,74,88,88,88,88,88,88,88,88,88,88,88,88,88],"card_choices":[{"not_picked":["Steam","Redo"],"picked":"Rebound","floor":1},{"not_picked":["Sweeping Beam","Sunder"],"picked":"Undo","floor":6},{"not_picked":["Compile Driver","Rebound"],"picked":"Conserve Battery","floor":7},{"not_picked":["Force Field","Turbo"],"picked":"All For One","floor":10},{"not_picked":["Turbo","Skim"],"picked":"Reprogram","floor":14},{"not_picked":["Seek","Fission"],"picked":"Creative AI","floor":16},{"not_picked":["Coolheaded+1","Sunder"],"picked":"Hologram","floor":18},{"not_picked":["Barrage","Storm+1"],"picked":"Self Repair","floor":21},{"not_picked":["Steam+1","Conserve Battery"],"picked":"Biased Cognition","floor":23},{"not_picked":["Beam Cell","Rebound"],"picked":"FTL","floor":24},{"not_picked":["Electrodynamics","Sweeping Beam"],"picked":"Gash","floor":25},{"not_picked":["Redo","Ball Lightning+1"],"picked":"Rebound","floor":28},{"not_picked":["Streamline+1","Coolheaded"],"picked":"Gash","floor":31},{"not_picked":["Electrodynamics","Creative AI"],"picked":"All For One","floor":33},{"not_picked":["Steam","Redo","Cold Snap+1"],"picked":"SKIP","floor":35},{"not_picked":["Barrage","Ball Lightning"],"picked":"Sweeping Beam","floor":37},{"not_picked":["Rebound+1","Coolheaded+1"],"picked":"Beam Cell","floor":39},{"not_picked":["Streamline+1","Skim+1"],"picked":"Go for the Eyes","floor":41},{"not_picked":["Go for the Eyes+1","Conserve Battery"],"picked":"Hologram+1","floor":44},{"not_picked":["Melter+1","Force Field+1"],"picked":"Steam+1","floor":48}],"player_experience":53826,"relics_obtained":[{"floor":6,"key":"Happy Flower"},{"floor":9,"key":"Ancient Tea Set"},{"floor":10,"key":"Kunai"},{"floor":12,"key":"Matryoshka"},{"floor":20,"key":"Smiling Mask"},{"floor":20,"key":"White Beast Statue"},{"floor":23,"key":"DemoMod:MonsterBlood"},{"floor":25,"key":"StrikeDummy"},{"floor":26,"key":"DemoMod:LamentConfigurum"},{"floor":26,"key":"DemoMod:ClearGuonStone"},{"floor":27,"key":"DemoMod:WhiteGuonStone"},{"floor":36,"key":"Vajra"},{"floor":39,"key":"Gambling Chip"},{"floor":41,"key":"DemoMod:OrangeGuonStone"},{"floor":41,"key":"DemoMod:JetPack"},{"floor":43,"key":"HornCleat"}],"event_choices":[{"damage_healed":0,"gold_gain":0,"cards_transformed":["Stack"],"player_choice":"Change","damage_taken":0,"max_hp_gain":0,"max_hp_loss":0,"event_name":"Living Wall","floor":2,"gold_loss":0,"cards_obtained":["Aggregate"]},{"damage_healed":41,"gold_gain":0,"player_choice":"Upgrade","damage_taken":15,"max_hp_gain":0,"max_hp_loss":75,"event_name":"betterThird:BetterShining","floor":3,"gold_loss":0,"cards_upgraded":["Double Energy","Zap"]},{"damage_healed":25,"gold_gain":0,"player_choice":"Banana","damage_taken":0,"max_hp_gain":0,"max_hp_loss":0,"event_name":"Big Fish","floor":5,"gold_loss":0},{"damage_healed":0,"gold_gain":0,"player_choice":"Forge","damage_taken":0,"max_hp_gain":0,"max_hp_loss":0,"event_name":"Accursed Blacksmith","floor":13,"gold_loss":0,"cards_upgraded":["Aggregate"]},{"damage_healed":0,"gold_gain":0,"player_choice":"Upgraded","damage_taken":0,"max_hp_gain":0,"max_hp_loss":0,"event_name":"Upgrade Shrine","floor":19,"gold_loss":0,"cards_upgraded":["Hologram"]},{"damage_healed":0,"gold_gain":0,"player_choice":"Fight","damage_taken":0,"max_hp_gain":0,"max_hp_loss":0,"event_name":"Mysterious Sphere","floor":39,"gold_loss":0},{"damage_healed":0,"gold_gain":0,"player_choice":"Ignored","damage_taken":0,"max_hp_gain":0,"max_hp_loss":0,"event_name":"Falling","floor":45,"gold_loss":0},{"damage_healed":0,"gold_gain":0,"player_choice":"Paid","damage_taken":0,"relics_obtained":["Red Mask"],"max_hp_gain":0,"max_hp_loss":0,"event_name":"Tomb of Lord Red Mask","floor":46,"gold_loss":169}],"is_beta":false,"boss_relics":[{"not_picked":["SlaversCollar","bronze:MakeshiftBattery"],"picked":"Runic Pyramid"},{"not_picked":["Tiny House","Busted Crown"],"picked":"Black Star"}],"items_purged_floors":[],"is_endless":false,"potions_floor_spawned":[6,7,10,21,23,24,25,28,31,33,35,37,39,41,44,48],"ascension_level":1}}