{"host":"t1puqh5lxz8sp6fn","time":1613094883,"event":{"mods":["AchievementEnabler","BaseMod","Colored Powertips","Minty Spire (QoL Compilation)","Rare Cards Sparkle","Relic Stats","StSLib"],"gold_per_floor":[119,139,189,207,220,250,261,261,310,339,227,302,302,123,123,197,197,211,230,230,230,230],"floor_reached":21,"playtime":1056,"items_purged":["Strike_G"],"score":331,"play_id":"d420a863-f3d2-4384-843e-b153a9a56e00","local_time":"20210211225443","is_ascension_mode":true,"campfire_choices":[{"floor":8.0,"key":"REST"},{"data":"Footwork","floor":13.0,"key":"SMITH"},{"floor":15.0,"key":"REST"}],"circlet_count":0,"master_deck":["AscendersBane","Strike_G","Strike_G","Strike_G","Strike_G","Defend_G","Defend_G","Defend_G+1","Defend_G","Defend_G+1","Survivor","Neutralize+1","Riddle With Holes","Flying Knee","Bouncing Flask","Bane","Footwork+1","Footwork","Corpse Explosion","PiercingWail","Cloak And Dagger"],"relics":["Ring of the Snake","Lantern","War Paint","Question Card","SacredBark"],"acts_visited":["Exordium","TheCity"],"potions_floor_usage":[16,16],"damage_taken":[{"damage":0.0,"enemies":"Jaw Worm","floor":1.0,"turns":7.0},{"damage":1.0,"enemies":"Cultist","floor":2.0,"turns":3.0},{"damage":1.0,"enemies":"2 Louse","floor":4.0,"turns":3.0},{"damage":1.0,"enemies":"Looter","floor":5.0,"turns":3.0},{"damage":33.0,"enemies":"Lagavulin","floor":6.0,"turns":6.0},{"damage":8.0,"enemies":"3 Louse","floor":7.0,"turns":4.0},{"damage":28.0,"enemies":"3 Sentries","floor":10.0,"turns":10.0},{"damage":24,"enemies":"The Guardian","floor":16,"turns":12},{"damage":12,"enemies":"Shell Parasite","floor":18,"turns":7},{"damage":10,"enemies":"Spheric Guardian","floor":19,"turns":7},{"damage":40,"enemies":"Cultist and Chosen","floor":21,"turns":6}],"seed_played":"-6763794489087953069","potions_obtained":[{"floor":1.0,"key":"Regen Potion"},{"floor":2.0,"key":"Block Potion"},{"floor":16,"key":"PowerPotion"},{"floor":18,"key":"Ancient Potion"}],"is_trial":false,"path_per_floor":["M","M","?","M","M","E","M","R","T","E","$","?","R","$","R","B",null,"M","M","?","M"],"character_chosen":"THE_SILENT","items_purchased":["Footwork","Footwork","FearPotion","Block Potion"],"campfire_rested":2,"item_purchase_floors":[11,14,14,14],"current_hp_per_floor":[59,58,58,57,56,23,15,34,34,21,21,10,10,10,29,5,51,39,29,29,0,0],"gold":230,"neow_bonus":"UPGRADE_CARD","is_daily":false,"chose_seed":false,"campfire_upgraded":1,"win_rate":0.0,"timestamp":1613094883,"path_taken":["M","M","?","?","M","E","M","R","T","E","$","?","R","$","R","BOSS","M","M","?","M"],"items_purchased_type":["Card","Card","Potion","Potion"],"build_version":"2020-12-13","purchased_purges":1,"victory":false,"max_hp_per_floor":[66,66,66,66,66,66,66,66,66,66,66,66,66,66,66,66,66,66,66,66,66,66],"relic_stats":{"counters":[11,68],"War Paint":["Defend_G","Defend_G"],"Question Card":3,"obtain_stats":[{"Lantern":6,"SacredBark":17,"War Paint":9,"Question Card":10,"Ring of the Snake":0},{"Lantern":5,"SacredBark":8,"War Paint":6,"Question Card":7,"Ring of the Snake":0},{"Lantern":22,"SacredBark":48,"War Paint":26,"Question Card":36,"Ring of the Snake":0}],"Ring of the Snake":[22]},"card_choices":[{"not_picked":["Blade Dance","Backstab"],"picked":"Riddle With Holes","floor":1.0},{"not_picked":["Expertise","Flechettes"],"picked":"Flying Knee","floor":2.0},{"not_picked":["Cloak And Dagger","Tactician"],"picked":"Bouncing Flask","floor":4.0},{"not_picked":["Masterful Stab","Outmaneuver","Night Terror"],"picked":"SKIP","floor":5.0},{"not_picked":["Quick Slash","Storm of Steel"],"picked":"Bane","floor":6.0},{"not_picked":["Deflect","Masterful Stab","Sucker Punch"],"picked":"SKIP","floor":7.0},{"not_picked":["Dagger Throw","Dodge and Roll","Sucker Punch"],"picked":"SKIP","floor":10.0},{"not_picked":["Glass Knife","Phantasmal Killer","Die Die Die"],"picked":"Corpse Explosion","floor":16},{"not_picked":["Skewer","Dagger Spray","Blade Dance"],"picked":"PiercingWail","floor":18},{"not_picked":["Underhanded Strike","Predator","Dagger Throw"],"picked":"Cloak And Dagger","floor":19}],"player_experience":510727,"relics_obtained":[{"floor":6.0,"key":"Lantern"},{"floor":9.0,"key":"War Paint"},{"floor":10.0,"key":"Question Card"}],"event_choices":[{"damage_healed":0.0,"max_hp_gain":0.0,"max_hp_loss":0.0,"gold_gain":50.0,"event_name":"Golden Shrine","player_choice":"Pray","floor":3.0,"gold_loss":0.0,"damage_taken":0.0},{"damage_healed":0.0,"max_hp_gain":0.0,"max_hp_loss":0.0,"gold_gain":75.0,"event_name":"World of Goop","player_choice":"Gather Gold","floor":12.0,"gold_loss":0.0,"damage_taken":11.0},{"damage_healed":0,"gold_gain":0,"player_choice":"Ignored","damage_taken":0,"max_hp_gain":0,"max_hp_loss":0,"event_name":"Vampires","floor":20,"gold_loss":0}],"is_beta":false,"boss_relics":[{"not_picked":["Runic Pyramid","Busted Crown"],"picked":"SacredBark"}],"items_purged_floors":[11],"is_endless":false,"potions_floor_spawned":[1,2,16,18],"killed_by":"Cultist and Chosen","ascension_level":15}}