{"host":"lx933ja015x1ub68","time":1613134975,"event":{"mods":["AchievementEnabler","BaseMod","Better Match","Better Third Choice","BetterRewards","Colored Map","Exacting","FTL Soundtrack","Minty Spire (QoL Compilation)","Shop Mod","StSLib"],"gold_per_floor":[111,128,53,65,26,57,57,82,82,82,82,113,125,156,168,305,317,348,360,372,403,415,427,439,451,510,447,459,0,0,14,14,109,109,128,145,145,145,159,159,159,171,171,171,64,64,95,47,47,150,150,162,162,179,242,242,242,271,271,353,353,364,382,410,585,585,689,689,701,701,800,113,130,143,143,163,194,214,214,249,524,552,552,655,655,666,666,684,684,701,701,193,193,219,237,237,253,253,282,282,383,383,394,30,43,55,54,90,90,406,445,410,375,79,99,110,110,209,218,246,413,413,328,328,353,353,353,382,400,419,329,428,428,428,523,523,542,542,542,542,542],"floor_reached":140,"language":"ENG","playtime":8334,"items_purged":[],"score":3344,"play_id":"e6cbee99-6d8f-4ae8-a18e-3c398a7a9034","local_time":"20210213000255","daily_mods":["Draft","Vintage","Colorless Cards","Heirloom"],"is_ascension_mode":false,"campfire_choices":[{"data":"Sunder","floor":7.0,"key":"SMITH"},{"data":"Capacitor","floor":10.0,"key":"SMITH"},{"floor":15.0,"key":"REST"},{"data":"Double Energy","floor":23.0,"key":"SMITH"},{"data":"Loop","floor":25.0,"key":"SMITH"},{"data":"Loop","floor":28.0,"key":"SMITH"},{"floor":32.0,"key":"DIG"},{"floor":40.0,"key":"DIG"},{"floor":44.0,"key":"REST"},{"data":"Loop","floor":46.0,"key":"SMITH"},{"data":"Madness","floor":49.0,"key":"SMITH"},{"floor":57.0,"key":"REST"},{"data":"MasterReality","floor":59.0,"key":"SMITH"},{"data":"Doubt","floor":66.0,"key":"PURGE"},{"data":"Fusion","floor":79.0,"key":"SMITH"},{"data":"Mayhem","floor":83.0,"key":"SMITH"},{"data":"Regret","floor":91.0,"key":"PURGE"},{"floor":93.0,"key":"DIG"},{"floor":98.0,"key":"REST"},{"floor":100.0,"key":"DIG"},{"floor":109.0,"key":"DIG"},{"floor":117.0,"key":"DIG"},{"floor":127.0,"key":"DIG"},{"floor":134.0,"key":"DIG"}],"circlet_count":1,"master_deck":["Stack+1","Conserve Battery+1","Barrage+1","Double Energy+1","Tempest+1","Skim+1","Force Field+1","Sunder+1","Force Field+1","Stack+1","Barrage+1","Blind+1","Turbo+1","Barrage+1","Loop+1","Capacitor+1","Fusion+1","Echo Form+1","Loop+1","Loop+1","Mayhem+1","Core Surge+1","Panache+1","Dramatic Entrance+1","Trip+1","Madness+1","Madness+1","Panacea+1","Turbo+1","Meteor Strike+1","Cold Snap+1","MasterReality+1","Multi-Cast+1","Panacea+1","Conserve Battery+1","Metamorphosis+1","Master of Strategy+1","Redo+1","Ball Lightning+1","Panache+1","Redo+1","Turbo+1","Bandage Up+1","Go for the Eyes+1","CurseOfTheBell"],"relics":["Cracked Core","Torii","Question Card","Ancient Tea Set","betterThird:SlimedRelic","Ice Cream","Orichalcum","Letter Opener","Bloody Idol","White Beast Statue","SlaversCollar","Meat on the Bone","Symbiotic Virus","Ornamental Fan","Toy Ornithopter","MerchantsRug","DataDisk","Regal Pillow","Shovel","Shuriken","Busted Crown","Vajra","Toxic Egg 2","Bag of Marbles","Pen Nib","Pantograph","Runic Capacitor","Mercury Hourglass","Cursed Key","Centennial Puzzle","HornCleat","Gremlin Horn","Kunai","Molten Egg 2","Darkstone Periapt","StrikeDummy","Mummified Hand","Peace Pipe","SacredBark","Dream Catcher","MutagenicStrength","Bottled Lightning","Matryoshka","Singing Bowl","Boot","Lantern","CeramicFish","Ginger","Mark of the Bloom","Frozen Egg 2","Anchor","Eternal Feather","WingedGreaves","Pocketwatch","Coffee Dripper","Akabeko","Bronze Scales","MawBank","Happy Flower","Old Coin","StoneCalendar","Mango","Bottled Tornado","Juzu Bracelet","Cables","The Courier","Pear","Circlet","Du-Vu Doll","Dead Branch","Whetstone","Nunchaku","Inserter","CaptainsWheel"],"acts_visited":["Exordium","TheCity","TheBeyond","Exordium","TheCity","TheBeyond","Exordium","TheCity","TheBeyond"],"potions_floor_usage":[135,135,137],"damage_taken":[{"damage":0.0,"enemies":"Jaw Worm","floor":1.0,"turns":4.0},{"damage":7.0,"enemies":"Cultist","floor":2.0,"turns":5.0},{"damage":0.0,"enemies":"Small Slimes","floor":4.0,"turns":3.0},{"damage":6.0,"enemies":"Lagavulin","floor":6.0,"turns":6.0},{"damage":8.0,"enemies":"3 Sentries","floor":8.0,"turns":4.0},{"damage":1.0,"enemies":"Lagavulin","floor":12.0,"turns":5.0},{"damage":6.0,"enemies":"2 Fungi Beasts","floor":14.0,"turns":4.0},{"damage":1.0,"enemies":"The Guardian","floor":16.0,"turns":9.0},{"damage":2.0,"enemies":"3 Byrds","floor":18.0,"turns":3.0},{"damage":22.0,"enemies":"2 Thieves","floor":21.0,"turns":4.0},{"damage":0.0,"enemies":"Chosen and Byrds","floor":31.0,"turns":4.0},{"damage":12.0,"enemies":"Collector","floor":33.0,"turns":5.0},{"damage":3.0,"enemies":"Orb Walker","floor":35.0,"turns":4.0},{"damage":26.0,"enemies":"3 Shapes","floor":36.0,"turns":4.0},{"damage":11.0,"enemies":"Maw","floor":39.0,"turns":5.0},{"damage":33.0,"enemies":"4 Shapes","floor":42.0,"turns":3.0},{"damage":9.0,"enemies":"3 Darklings","floor":47.0,"turns":4.0},{"damage":29.0,"enemies":"Awakened One","floor":50.0,"turns":6.0},{"damage":6.0,"enemies":"Jaw Worm","floor":52.0,"turns":2.0},{"damage":0.0,"enemies":"2 Louse","floor":54.0,"turns":1.0},{"damage":0.0,"enemies":"Gremlin Nob","floor":55.0,"turns":3.0},{"damage":0.0,"enemies":"Gremlin Nob","floor":58.0,"turns":2.0},{"damage":0.0,"enemies":"Small Slimes","floor":62.0,"turns":2.0},{"damage":0.0,"enemies":"3 Louse","floor":63.0,"turns":2.0},{"damage":0.0,"enemies":"Gremlin Gang","floor":64.0,"turns":1.0},{"damage":19.0,"enemies":"Hexaghost","floor":67.0,"turns":4.0},{"damage":2.0,"enemies":"3 Byrds","floor":69.0,"turns":2.0},{"damage":0.0,"enemies":"Shell Parasite","floor":73.0,"turns":1.0},{"damage":0.0,"enemies":"Centurion and Healer","floor":74.0,"turns":2.0},{"damage":13.0,"enemies":"Snake Plant","floor":76.0,"turns":3.0},{"damage":0.0,"enemies":"Slavers","floor":77.0,"turns":2.0},{"damage":0.0,"enemies":"Chosen and Byrds","floor":78.0,"turns":3.0},{"damage":13.0,"enemies":"Centurion and Healer","floor":80.0,"turns":3.0},{"damage":0.0,"enemies":"Book of Stabbing","floor":82.0,"turns":3.0},{"damage":0.0,"enemies":"Collector","floor":84.0,"turns":2.0},{"damage":13.0,"enemies":"3 Darklings","floor":86.0,"turns":4.0},{"damage":10.0,"enemies":"3 Shapes","floor":88.0,"turns":3.0},{"damage":0.0,"enemies":"Writhing Mass","floor":90.0,"turns":2.0},{"damage":56.0,"enemies":"Nemesis","floor":94.0,"turns":3.0},{"damage":0.0,"enemies":"4 Shapes","floor":97.0,"turns":1.0},{"damage":0.0,"enemies":"Jaw Worm Horde","floor":99.0,"turns":1.0},{"damage":11.0,"enemies":"Donu and Deca","floor":101.0,"turns":4.0},{"damage":0.0,"enemies":"Small Slimes","floor":103.0,"turns":1.0},{"damage":0.0,"enemies":"2 Louse","floor":105.0,"turns":1.0},{"damage":0.0,"enemies":"Lagavulin","floor":108.0,"turns":1.0},{"damage":0.0,"enemies":"Jaw Worm","floor":110.0,"turns":1.0},{"damage":0.0,"enemies":"Gremlin Nob","floor":111.0,"turns":1.0},{"damage":0.0,"enemies":"3 Louse","floor":115.0,"turns":1.0},{"damage":0.0,"enemies":"Blue Slaver","floor":116.0,"turns":1.0},{"damage":0.0,"enemies":"Hexaghost","floor":118.0,"turns":4.0},{"damage":1.0,"enemies":"3 Byrds","floor":120.0,"turns":2.0},{"damage":0.0,"enemies":"Book of Stabbing","floor":125.0,"turns":3.0},{"damage":0.0,"enemies":"Gremlin Leader","floor":128.0,"turns":4.0},{"damage":0.0,"enemies":"Spheric Guardian","floor":129.0,"turns":1.0},{"damage":0.0,"enemies":"Centurion and Healer","floor":130.0,"turns":3.0},{"damage":0,"enemies":"Automaton","floor":135,"turns":3},{"damage":0,"enemies":"Orb Walker","floor":137,"turns":1},{"damage":19,"enemies":"3 Shapes","floor":140,"turns":1}],"seed_played":"-3629000282336455331","potions_obtained":[{"floor":1.0,"key":"BlessingOfTheForge"},{"floor":1.0,"key":"Explosive Potion"},{"floor":4.0,"key":"Explosive Potion"},{"floor":8.0,"key":"FairyPotion"},{"floor":16.0,"key":"LiquidBronze"},{"floor":18.0,"key":"Fire Potion"},{"floor":18.0,"key":"ColorlessPotion"},{"floor":21.0,"key":"EssenceOfSteel"},{"floor":31.0,"key":"FocusPotion"},{"floor":33.0,"key":"PowerPotion"},{"floor":35.0,"key":"Regen Potion"},{"floor":36.0,"key":"AttackPotion"},{"floor":39.0,"key":"AttackPotion"},{"floor":42.0,"key":"Weak Potion"},{"floor":47.0,"key":"Block Potion"},{"floor":50.0,"key":"SkillPotion"},{"floor":52.0,"key":"SteroidPotion"},{"floor":54.0,"key":"Strength Potion"},{"floor":55.0,"key":"Explosive Potion"},{"floor":58.0,"key":"DuplicationPotion"},{"floor":62.0,"key":"SkillPotion"},{"floor":64.0,"key":"Weak Potion"},{"floor":67.0,"key":"Swift Potion"},{"floor":69.0,"key":"Regen Potion"},{"floor":73.0,"key":"SkillPotion"},{"floor":74.0,"key":"SteroidPotion"},{"floor":76.0,"key":"DistilledChaos"},{"floor":77.0,"key":"GamblersBrew"},{"floor":78.0,"key":"Block Potion"},{"floor":80.0,"key":"FocusPotion"},{"floor":82.0,"key":"Swift Potion"},{"floor":84.0,"key":"Regen Potion"},{"floor":86.0,"key":"SpeedPotion"},{"floor":88.0,"key":"Block Potion"},{"floor":90.0,"key":"PowerPotion"},{"floor":94.0,"key":"LiquidBronze"},{"floor":97.0,"key":"SkillPotion"},{"floor":99.0,"key":"Swift Potion"},{"floor":101.0,"key":"Explosive Potion"},{"floor":103.0,"key":"EssenceOfDarkness"},{"floor":108.0,"key":"Energy Potion"},{"floor":110.0,"key":"LiquidMemories"},{"floor":111.0,"key":"FearPotion"},{"floor":116.0,"key":"AttackPotion"},{"floor":118.0,"key":"PotionOfCapacity"},{"floor":120.0,"key":"Swift Potion"},{"floor":125.0,"key":"Ancient Potion"},{"floor":128.0,"key":"SpeedPotion"},{"floor":129.0,"key":"Explosive Potion"},{"floor":135,"key":"Fruit Juice"},{"floor":137,"key":"BlessingOfTheForge"}],"is_trial":true,"path_per_floor":["M","M","?","M","?","E","R","E","T","R","?","E","?","M","R","B",null,"M","?","?","M","T","R","?","R","T","?","R","$","?","M","R","B",null,"M","M","?","?","M","R","?","M","T","R","$","R","M","$","R","B",null,"M","?","M","?","?","R","E","R","T","?","M","M","M","?","R","B",null,"M","?","?","$","M","M","?","M","E","M","R","M","?","E","R","B",null,"M","?","M","?","M","R","$","R","E","?","?","M","R","M","R","B",null,"M","$","M","?","$","E","R","M","E","?","?","$","M","M","R","B",null,"M","$","?","?","?","E","?","R","E","M","M","?","?","?","R","B",null,"M","?","?","M"],"character_chosen":"DEFECT","items_purchased":["MerchantsRug","DataDisk","Loop","Mayhem","Runic Capacitor","Turbo+1","Bottled Lightning","Panacea+1","Matryoshka","Recycle+1","Redo+1","Ball Lightning+1","Frozen Egg 2","Anchor","Panache+1","EssenceOfSteel","Bronze Scales","Redo+1","FearPotion","PowerPotion","Turbo+1","StoneCalendar"],"campfire_rested":4,"item_purchase_floors":[29,29,29,29,45,48,72,72,72,72,92,92,92,92,92,104,104,104,104,104,107,114],"current_hp_per_floor":[75,68,68,68,57,51,51,43,43,43,43,42,42,36,58,57,75,73,73,73,63,68,73,75,75,75,75,75,75,75,75,75,68,75,75,67,57,48,47,47,47,36,36,73,75,75,75,75,75,51,75,74,74,75,75,53,75,75,75,75,60,65,75,75,81,81,67,81,81,81,81,81,88,88,88,80,88,88,88,85,94,94,94,94,94,86,86,87,87,87,87,87,87,31,21,21,21,21,21,21,10,10,10,10,10,10,10,10,10,10,10,10,10,10,10,10,10,10,10,9,9,9,9,9,9,9,9,9,9,9,9,9,9,9,9,9,9,9,9,0,0],"gold":542,"neow_bonus":"","is_daily":false,"chose_seed":false,"campfire_upgraded":10,"win_rate":0.0,"timestamp":1613134975,"path_taken":["M","M","?","M","?","E","R","E","T","R","?","E","?","M","R","BOSS","M","?","?","M","?","R","?","R","T","?","R","$","?","M","R","BOSS","M","M","?","?","M","R","?","?","T","R","?","R","M","$","R","BOSS","M","?","M","?","?","R","E","R","T","?","M","?","M","?","R","BOSS","M","?","?","$","M","M","?","M","E","?","R","M","?","E","R","BOSS","M","?","M","?","M","R","$","R","E","?","?","M","R","?","R","BOSS","M","$","M","?","$","E","R","M","E","?","?","?","M","M","R","BOSS","M","$","?","?","?","E","?","R","E","M","M","?","?","?","R","BOSS","M","?","?","M"],"items_purchased_type":["Relic","Relic","Card","Card","Relic","Card","Relic","Card","Relic","Card","Card","Card","Relic","Relic","Card","Potion","Relic","Card","Potion","Potion","Card","Relic"],"build_version":"2020-12-22","purchased_purges":0,"victory":false,"max_hp_per_floor":[75,75,75,75,75,75,75,75,75,75,75,75,75,75,75,75,75,75,75,75,75,75,75,75,75,75,75,75,75,75,75,75,75,75,75,75,75,75,75,75,75,75,75,75,75,75,75,75,75,75,75,75,75,75,75,75,75,75,75,75,75,75,75,75,81,81,81,81,81,81,81,81,88,88,88,88,88,88,88,88,94,94,94,94,94,94,89,89,89,89,89,89,89,91,93,93,93,95,95,95,97,97,97,97,97,97,97,97,97,97,97,97,97,97,111,111,111,111,117,117,117,117,127,127,129,129,129,131,131,131,131,131,131,131,133,133,143,145,145,145,145],"card_choices":[{"not_picked":["Deep Breath","Steam"],"picked":"Stack","floor":0.0},{"not_picked":["Hologram","Swift Strike"],"picked":"Conserve Battery","floor":0.0},{"not_picked":["Leap","Tempest"],"picked":"Barrage","floor":0.0},{"not_picked":["Finesse","Compile Driver"],"picked":"Double Energy","floor":0.0},{"not_picked":["Steam","Beam Cell"],"picked":"Tempest","floor":0.0},{"not_picked":["Hologram","Rebound"],"picked":"Skim","floor":0.0},{"not_picked":["Good Instincts","Coolheaded"],"picked":"Force Field","floor":0.0},{"not_picked":["Beam Cell","Steam Power"],"picked":"Sunder","floor":0.0},{"not_picked":["Hologram","Coolheaded"],"picked":"Force Field","floor":0.0},{"not_picked":["Tempest","Barrage"],"picked":"Stack","floor":0.0},{"not_picked":["Gash","Hologram"],"picked":"Barrage","floor":0.0},{"not_picked":["Compile Driver","Beam Cell"],"picked":"Rebound","floor":0.0},{"not_picked":["Reprogram","Barrage"],"picked":"Heatsinks","floor":0.0},{"not_picked":["Turbo","Sweeping Beam"],"picked":"Blind","floor":0.0},{"not_picked":["Dark Shackles","Forethought"],"picked":"Turbo","floor":0.0},{"not_picked":["Coolheaded+1","Conserve Battery+1","Go for the Eyes+1"],"picked":"Barrage+1","floor":3.0},{"not_picked":["Cold Snap","Chill","Purity"],"picked":"Loop","floor":6.0},{"not_picked":["Redo","Cold Snap","Gash","Consume"],"picked":"SKIP","floor":6.0},{"not_picked":["Metamorphosis","Rebound","Coolheaded"],"picked":"Capacitor","floor":8.0},{"not_picked":["Cold Snap","Darkness","Ball Lightning"],"picked":"Fusion","floor":12.0},{"not_picked":["Reboot","Master of Strategy","Machine Learning"],"picked":"Echo Form","floor":16.0},{"not_picked":["Transmutation","Reboot","Chrysalis"],"picked":"Core Surge","floor":33.0},{"not_picked":["Dark Shackles"],"picked":"Panache","floor":37.0},{"not_picked":["Secret Weapon"],"picked":"Dramatic Entrance","floor":37.0},{"not_picked":["Impatience"],"picked":"Trip","floor":37.0},{"not_picked":["Compile Driver"],"picked":"Panacea+1","floor":42.0},{"not_picked":["Machine Learning"],"picked":"Meteor Strike","floor":50.0},{"not_picked":["Go for the Eyes"],"picked":"Cold Snap","floor":55.0},{"not_picked":["Steam+1","Reboot+1"],"picked":"SKIP","floor":58.0},{"not_picked":["Violence+1"],"picked":"Multi-Cast+1","floor":67.0},{"not_picked":["Gash+1"],"picked":"Conserve Battery+1","floor":77.0},{"not_picked":["Compile Driver+1"],"picked":"Metamorphosis+1","floor":82.0},{"not_picked":["Core Surge+1"],"picked":"Master of Strategy+1","floor":84.0},{"not_picked":["Compile Driver+1","Redo+1"],"picked":"Singing Bowl","floor":94.0},{"not_picked":["Mind Blast+1"],"picked":"Good Instincts+1","floor":95.0},{"not_picked":["Mind Blast+1"],"picked":"Apotheosis+1","floor":95.0},{"not_picked":["Enlightenment+1","Jack Of All Trades+1"],"picked":"Singing Bowl","floor":95.0},{"not_picked":["Sweeping Beam+1","Swift Strike+1"],"picked":"Singing Bowl","floor":98.0},{"not_picked":["Thunder Strike+1","Metamorphosis+1"],"picked":"Singing Bowl","floor":101.0},{"not_picked":["Flash of Steel+1"],"picked":"Bandage Up+1","floor":108.0},{"not_picked":["Enlightenment+1"],"picked":"Go for the Eyes+1","floor":111.0},{"not_picked":["Redo+1","Rebound+1"],"picked":"Singing Bowl","floor":125.0},{"not_picked":["Undo+1","Steam+1"],"picked":"Singing Bowl","floor":128.0},{"not_picked":["Creative AI+1","Magnetism+1"],"picked":"Singing Bowl","floor":135},{"not_picked":["Trip+1","Purity+1"],"picked":"Singing Bowl","floor":138}],"player_experience":66240,"relics_obtained":[{"floor":1.0,"key":"Question Card"},{"floor":2.0,"key":"War Paint"},{"floor":4.0,"key":"Ancient Tea Set"},{"floor":6.0,"key":"Ice Cream"},{"floor":8.0,"key":"Orichalcum"},{"floor":9.0,"key":"Letter Opener"},{"floor":12.0,"key":"MawBank"},{"floor":14.0,"key":"White Beast Statue"},{"floor":16.0,"key":"Omamori"},{"floor":18.0,"key":"Meat on the Bone"},{"floor":21.0,"key":"Symbiotic Virus"},{"floor":22.0,"key":"Ornamental Fan"},{"floor":26.0,"key":"Toy Ornithopter"},{"floor":31.0,"key":"Shovel"},{"floor":32.0,"key":"Shuriken"},{"floor":35.0,"key":"Potion Belt"},{"floor":36.0,"key":"Vajra"},{"floor":39.0,"key":"Toxic Egg 2"},{"floor":40.0,"key":"Bag of Marbles"},{"floor":42.0,"key":"Pen Nib"},{"floor":43.0,"key":"Pantograph"},{"floor":47.0,"key":"Mercury Hourglass"},{"floor":52.0,"key":"Centennial Puzzle"},{"floor":54.0,"key":"HornCleat"},{"floor":60.0,"key":"Darkstone Periapt"},{"floor":62.0,"key":"StrikeDummy"},{"floor":63.0,"key":"Mummified Hand"},{"floor":64.0,"key":"Peace Pipe"},{"floor":69.0,"key":"Dream Catcher"},{"floor":73.0,"key":"Strawberry"},{"floor":74.0,"key":"Singing Bowl"},{"floor":76.0,"key":"Potion Belt"},{"floor":78.0,"key":"Boot"},{"floor":80.0,"key":"Lantern"},{"floor":86.0,"key":"CeramicFish"},{"floor":88.0,"key":"Ginger"},{"floor":90.0,"key":"Blue Candle"},{"floor":93.0,"key":"Eternal Feather"},{"floor":97.0,"key":"WingedGreaves"},{"floor":99.0,"key":"War Paint"},{"floor":100.0,"key":"Pocketwatch"},{"floor":103.0,"key":"Akabeko"},{"floor":105.0,"key":"MawBank"},{"floor":109.0,"key":"Happy Flower"},{"floor":110.0,"key":"Old Coin"},{"floor":115.0,"key":"Mango"},{"floor":116.0,"key":"Blue Candle"},{"floor":117.0,"key":"Bottled Tornado"},{"floor":119.0,"key":"Juzu Bracelet"},{"floor":119.0,"key":"Cables"},{"floor":119.0,"key":"Gambling Chip"},{"floor":120.0,"key":"The Courier"},{"floor":127.0,"key":"Du-Vu Doll"},{"floor":129.0,"key":"Dead Branch"},{"floor":130.0,"key":"Whetstone"},{"floor":134.0,"key":"Nunchaku"},{"floor":137,"key":"CaptainsWheel"}],"event_choices":[{"damage_healed":0.0,"max_hp_gain":0.0,"max_hp_loss":0.0,"gold_gain":0.0,"event_name":"betterMatch:BetterMatch","player_choice":"2","floor":3.0,"gold_loss":0.0,"damage_taken":0.0,"cards_obtained":["betterMatch:CommonCard"]},{"damage_healed":0.0,"max_hp_gain":0.0,"max_hp_loss":0.0,"gold_gain":0.0,"event_name":"betterThird:BetterGoop","player_choice":"Slimed","floor":5.0,"gold_loss":39.0,"damage_taken":11.0},{"damage_healed":0.0,"max_hp_gain":0.0,"max_hp_loss":0.0,"gold_gain":0.0,"event_name":"The Cleric","player_choice":"Leave","floor":11.0,"gold_loss":0.0,"damage_taken":0.0},{"damage_healed":0.0,"max_hp_gain":0.0,"max_hp_loss":0.0,"gold_gain":0.0,"event_name":"Golden Idol","player_choice":"Take Wound","floor":13.0,"gold_loss":0.0,"damage_taken":0.0,"relics_obtained":["Golden Idol"],"cards_obtained":["Injury"]},{"damage_healed":0.0,"max_hp_gain":0.0,"max_hp_loss":0.0,"gold_gain":0.0,"event_name":"The Library","player_choice":"Read","floor":19.0,"gold_loss":0.0,"damage_taken":0.0,"cards_obtained":["Loop"]},{"damage_healed":0.0,"max_hp_gain":0.0,"max_hp_loss":0.0,"gold_gain":0.0,"event_name":"Forgotten Altar","player_choice":"Gave Idol","floor":20.0,"relics_lost":["Golden Idol"],"gold_loss":0.0,"damage_taken":0.0,"relics_obtained":["Bloody Idol"]},{"damage_healed":0.0,"max_hp_gain":0.0,"max_hp_loss":0.0,"gold_gain":0.0,"event_name":"betterThird:BetterWriting","player_choice":"Simplicity","floor":24.0,"gold_loss":0.0,"damage_taken":0.0},{"cards_removed":["Injury"],"damage_healed":0.0,"max_hp_gain":0.0,"max_hp_loss":0.0,"gold_gain":0.0,"event_name":"Beggar","player_choice":"Gave Gold","floor":27.0,"gold_loss":75.0,"damage_taken":0.0},{"damage_healed":0.0,"max_hp_gain":0.0,"max_hp_loss":0.0,"gold_gain":0.0,"event_name":"Addict","player_choice":"Stole Relic","floor":30.0,"gold_loss":0.0,"damage_taken":0.0,"relics_obtained":["Regal Pillow"],"cards_obtained":["Shame"]},{"damage_healed":0.0,"max_hp_gain":0.0,"max_hp_loss":0.0,"gold_gain":0.0,"event_name":"SensoryStone","player_choice":"Memory 3","floor":37.0,"gold_loss":0.0,"damage_taken":10.0},{"damage_healed":0.0,"max_hp_gain":0.0,"max_hp_loss":0.0,"gold_gain":0.0,"event_name":"Winding Halls","player_choice":"Embrace Madness","floor":38.0,"gold_loss":0.0,"damage_taken":9.0,"cards_obtained":["Madness","Madness"]},{"cards_removed":["Rebound"],"damage_healed":0.0,"max_hp_gain":0.0,"max_hp_loss":0.0,"gold_gain":0.0,"event_name":"Falling","player_choice":"Removed Attack","floor":41.0,"gold_loss":0.0,"damage_taken":0.0},{"damage_healed":0.0,"max_hp_gain":0.0,"max_hp_loss":0.0,"gold_gain":0.0,"event_name":"Living Wall","player_choice":"Grow","floor":53.0,"gold_loss":0.0,"damage_taken":0.0,"cards_upgraded":["Echo Form"]},{"damage_healed":0.0,"max_hp_gain":0.0,"max_hp_loss":0.0,"gold_gain":0.0,"event_name":"Dead Adventurer","player_choice":"Searched \u00272\u0027 times","floor":55.0,"gold_loss":0.0,"damage_taken":0.0,"relics_obtained":["Gremlin Horn"]},{"damage_healed":0.0,"max_hp_gain":0.0,"max_hp_loss":0.0,"gold_gain":1.0,"event_name":"betterThird:BetterScrap","player_choice":"Relic Card Relic ","floor":56.0,"gold_loss":0.0,"damage_taken":22.0,"cards_obtained":["MasterReality","Tools of the Trade"]},{"damage_healed":75.0,"max_hp_gain":0.0,"max_hp_loss":75.0,"gold_gain":0.0,"event_name":"betterThird:BetterShining","player_choice":"Upgrade","floor":61.0,"gold_loss":0.0,"damage_taken":15.0,"cards_upgraded":["Barrage","Stack"]},{"damage_healed":0.0,"max_hp_gain":0.0,"max_hp_loss":0.0,"gold_gain":175.0,"event_name":"betterThird:BetterSerpent","player_choice":"AGREE","floor":65.0,"gold_loss":0.0,"damage_taken":410.0},{"damage_healed":0.0,"max_hp_gain":0.0,"max_hp_loss":0.0,"gold_gain":0.0,"event_name":"Drug Dealer","player_choice":"Inject Mutagens","floor":70.0,"gold_loss":0.0,"damage_taken":0.0,"relics_obtained":["MutagenicStrength"]},{"damage_healed":0.0,"max_hp_gain":0.0,"max_hp_loss":0.0,"gold_gain":99.0,"event_name":"betterThird:BetterNest","player_choice":"Steal","floor":71.0,"gold_loss":0.0,"damage_taken":0.0},{"damage_healed":0.0,"max_hp_gain":0.0,"max_hp_loss":0.0,"gold_gain":0.0,"event_name":"betterThird:BetterWriting","player_choice":"Adaptability","floor":75.0,"gold_loss":0.0,"damage_taken":0.0},{"damage_healed":0.0,"max_hp_gain":0.0,"max_hp_loss":0.0,"gold_gain":275.0,"event_name":"Golden Shrine","player_choice":"Desecrate","floor":81.0,"gold_loss":0.0,"damage_taken":0.0,"cards_obtained":["Regret"]},{"damage_healed":0.0,"max_hp_gain":0.0,"max_hp_loss":5.0,"gold_gain":0.0,"event_name":"Winding Halls","player_choice":"Max HP","floor":87.0,"gold_loss":0.0,"damage_taken":0.0},{"damage_healed":0.0,"max_hp_gain":0.0,"max_hp_loss":0.0,"gold_gain":0.0,"event_name":"MindBloom","player_choice":"Upgrade","floor":89.0,"gold_loss":0.0,"damage_taken":0.0,"cards_upgraded":["Barrage","Tempest","Skim","Force Field","Stack","Heatsinks","Blind","Turbo","Core Surge","Panache","Dramatic Entrance","Trip","Madness","Meteor Strike","Cold Snap"],"relics_obtained":["Mark of the Bloom"]},{"damage_healed":0.0,"max_hp_gain":0.0,"max_hp_loss":0.0,"gold_gain":0.0,"event_name":"SensoryStone","player_choice":"Memory 3","floor":95.0,"gold_loss":0.0,"damage_taken":10.0},{"cards_removed":["Heatsinks"],"damage_healed":0.0,"max_hp_gain":0.0,"max_hp_loss":0.0,"gold_gain":0.0,"event_name":"Purifier","player_choice":"Purged","floor":96.0,"gold_loss":0.0,"damage_taken":0.0},{"cards_removed":["Recycle"],"damage_healed":0.0,"max_hp_gain":0.0,"max_hp_loss":0.0,"gold_gain":0.0,"event_name":"Living Wall","player_choice":"Forget","floor":106.0,"gold_loss":0.0,"damage_taken":0.0},{"damage_healed":0.0,"max_hp_gain":0.0,"max_hp_loss":0.0,"gold_gain":0.0,"event_name":"betterThird:BetterGoop","player_choice":"Left","floor":112.0,"gold_loss":35.0,"damage_taken":0.0},{"damage_healed":24.0,"max_hp_gain":0.0,"max_hp_loss":0.0,"gold_gain":0.0,"event_name":"The Cleric","player_choice":"Healed","floor":113.0,"gold_loss":35.0,"damage_taken":0.0},{"damage_healed":0.0,"max_hp_gain":0.0,"max_hp_loss":0.0,"gold_gain":0.0,"event_name":"Upgrade Shrine","player_choice":"Ignored","floor":122.0,"gold_loss":0.0,"damage_taken":0.0},{"damage_healed":0.0,"max_hp_gain":0.0,"max_hp_loss":0.0,"gold_gain":0.0,"event_name":"Addict","player_choice":"Obtained Relic","floor":123.0,"gold_loss":85.0,"damage_taken":0.0,"relics_obtained":["Pear"]},{"damage_healed":0.0,"max_hp_gain":0.0,"max_hp_loss":0.0,"gold_gain":0.0,"event_name":"Drug Dealer","player_choice":"Inject Mutagens","floor":124.0,"gold_loss":0.0,"damage_taken":0.0,"relics_obtained":["Circlet"]},{"damage_healed":0.0,"max_hp_gain":0.0,"max_hp_loss":0.0,"gold_gain":0.0,"event_name":"Accursed Blacksmith","player_choice":"Ignored","floor":126.0,"gold_loss":0.0,"damage_taken":0.0},{"cards_removed":["Apotheosis"],"damage_healed":0.0,"max_hp_gain":0.0,"max_hp_loss":0.0,"gold_gain":0.0,"event_name":"Designer","player_choice":"Removal","floor":131.0,"gold_loss":90.0,"damage_taken":0.0},{"damage_healed":0.0,"max_hp_gain":0.0,"max_hp_loss":0.0,"gold_gain":99.0,"event_name":"betterThird:BetterNest","player_choice":"Steal","floor":132.0,"gold_loss":0.0,"damage_taken":0.0},{"damage_healed":0.0,"max_hp_gain":0.0,"max_hp_loss":0.0,"gold_gain":0.0,"event_name":"Vampires","player_choice":"Ignored","floor":133.0,"gold_loss":0.0,"damage_taken":0.0},{"damage_healed":0,"gold_gain":0,"player_choice":"Memory 1","damage_taken":0,"max_hp_gain":0,"max_hp_loss":0,"event_name":"SensoryStone","floor":138,"gold_loss":0},{"cards_removed":["Good Instincts"],"damage_healed":0,"gold_gain":0,"player_choice":"Removed Skill","damage_taken":0,"max_hp_gain":0,"max_hp_loss":0,"event_name":"Falling","floor":139,"gold_loss":0}],"is_beta":false,"boss_relics":[{"not_picked":["Black Star","Astrolabe"],"picked":"SlaversCollar"},{"not_picked":["Snecko Eye","Empty Cage"],"picked":"Busted Crown"},{"not_picked":["Runic Pyramid","Philosopher\u0027s Stone"],"picked":"Cursed Key"},{"not_picked":["Empty Cage","Philosopher\u0027s Stone"],"picked":"SacredBark"},{"not_picked":["Fusion Hammer","Runic Dome","Velvet Choker"]},{"not_picked":["Nuclear Battery","Sozu"],"picked":"Coffee Dripper"},{"not_picked":["Runic Dome","Sozu"],"picked":"Calling Bell"},{"not_picked":["Black Star","Empty Cage"],"picked":"Inserter"}],"items_purged_floors":[],"is_endless":true,"potions_floor_spawned":[1,4,8,12,14,16,18,21,31,33,35,36,39,42,47,50,52,54,55,58,62,63,64,67,69,73,74,76,77,78,80,82,84,86,88,90,94,97,99,101,103,105,108,110,111,115,116,118,120,125,128,129,130,135,137],"killed_by":"3 Shapes","ascension_level":0}}