{"host":"gg","time":1613101419,"event":{"mods":["BaseMod","Colored Map","Googly Eyes","Minty Spire (QoL Compilation)","Relic Stats","The IronCluck"],"gold_per_floor":[118,32,42,59,59,97,38,81,127,160,210,228,228,271,271,271,271],"floor_reached":16,"language":"ENG","playtime":786,"items_purged":[],"score":256,"play_id":"0f78b564-202a-4f4a-bcb5-39ef156ea736","local_time":"20210211194339","is_ascension_mode":true,"campfire_choices":[{"floor":13,"key":"REST"},{"floor":15,"key":"REST"}],"circlet_count":0,"master_deck":["AscendersBane","Strike_P","Strike_P","Strike_P","Strike_P","Defend_P","Defend_P","Defend_P","Defend_P","Eruption","Vigilance","FlurryOfBlows","Brilliance","Consecrate","Worship","CutThroughFate","CrushJoints","Judgement","Vault","SignatureMove","FollowUp"],"relics":["PureWater","NeowsBlessing","Golden Idol","Singing Bowl","CeramicFish","MealTicket","Nunchaku","Happy Flower"],"acts_visited":["Exordium"],"potions_floor_usage":[11],"damage_taken":[{"damage":0,"enemies":"Cultist","floor":1,"turns":1},{"damage":0,"enemies":"2 Louse","floor":3,"turns":1},{"damage":0,"enemies":"Jaw Worm","floor":4,"turns":1},{"damage":16,"enemies":"Gremlin Nob","floor":6,"turns":3},{"damage":27,"enemies":"Lagavulin","floor":8,"turns":6},{"damage":14,"enemies":"Large Slime","floor":10,"turns":6},{"damage":6,"enemies":"Gremlin Nob","floor":11,"turns":3},{"damage":17,"enemies":"Lagavulin","floor":14,"turns":6},{"damage":23,"enemies":"Hexaghost","floor":16,"turns":6}],"seed_played":"5229173101666078292","potions_obtained":[{"floor":6,"key":"Dexterity Potion"},{"floor":8,"key":"Ancient Potion"},{"floor":10,"key":"ColorlessPotion"}],"is_trial":false,"path_per_floor":["M","$","M","M","?","E","$","E","T","M","E","?","R","E","R","B"],"character_chosen":"WATCHER","items_purchased":["Brilliance","CutThroughFate"],"campfire_rested":2,"item_purchase_floors":[2,7],"current_hp_per_floor":[61,61,61,61,61,47,47,22,22,8,2,2,21,4,23,0,0],"gold":271,"neow_bonus":"THREE_ENEMY_KILL","is_daily":false,"chose_seed":false,"campfire_upgraded":0,"win_rate":0.0,"timestamp":1613101419,"path_taken":["M","$","?","M","?","E","?","E","T","M","E","?","R","E","R","BOSS"],"items_purchased_type":["Card","Card"],"build_version":"2020-12-18","purchased_purges":0,"victory":false,"max_hp_per_floor":[68,68,68,68,62,64,64,66,66,66,66,66,66,66,66,66,66],"relic_stats":{"Nunchaku":[3],"Singing Bowl":4,"Happy Flower":[2],"counters":[9,33],"Golden Idol":37,"CeramicFish":45,"MealTicket":0,"obtain_stats":[{"Nunchaku":11,"NeowsBlessing":0,"Singing Bowl":6,"Happy Flower":14,"Golden Idol":5,"CeramicFish":8,"MealTicket":9,"PureWater":0},{"Nunchaku":7,"NeowsBlessing":0,"Singing Bowl":4,"Happy Flower":8,"Golden Idol":3,"CeramicFish":5,"MealTicket":5,"PureWater":0},{"Nunchaku":21,"NeowsBlessing":0,"Singing Bowl":6,"Happy Flower":27,"Golden Idol":3,"CeramicFish":12,"MealTicket":12,"PureWater":0}]},"card_choices":[{"not_picked":["Nirvana","JustLucky"],"picked":"FlurryOfBlows","floor":1},{"not_picked":["FollowUp","ReachHeaven"],"picked":"Consecrate","floor":3},{"not_picked":["Conclude","ConjureBlade"],"picked":"Worship","floor":4},{"not_picked":["Crescendo","ReachHeaven","SandsOfTime"],"picked":"Singing Bowl","floor":6},{"not_picked":["DeceiveReality","Study","Prostrate"],"picked":"Singing Bowl","floor":8},{"not_picked":["SignatureMove","ForeignInfluence"],"picked":"CrushJoints","floor":10},{"not_picked":["LikeWater","FollowUp"],"picked":"Judgement","floor":11},{"not_picked":["Protect","Study"],"picked":"FollowUp","floor":14}],"player_experience":1318374,"relics_obtained":[{"floor":6,"key":"Singing Bowl"},{"floor":8,"key":"CeramicFish"},{"floor":9,"key":"MealTicket"},{"floor":11,"key":"Nunchaku"},{"floor":14,"key":"Happy Flower"}],"event_choices":[{"damage_healed":0,"gold_gain":0,"player_choice":"Lose Max HP","damage_taken":0,"relics_obtained":["Golden Idol"],"max_hp_gain":0,"max_hp_loss":6,"event_name":"Golden Idol","floor":5,"gold_loss":0},{"damage_healed":0,"gold_gain":0,"player_choice":"2 cards matched","damage_taken":0,"max_hp_gain":0,"max_hp_loss":0,"event_name":"Match and Keep!","floor":12,"gold_loss":0,"cards_obtained":["Vault","SignatureMove"]}],"is_beta":true,"boss_relics":[],"items_purged_floors":[],"is_endless":false,"potions_floor_spawned":[6,8,10],"killed_by":"Hexaghost","ascension_level":20}}