{"host":"8e35oykb3je6g7ng","time":1613160451,"event":{"mods":["Act Like it!","Ascension Unlocker","BaseMod","Better Altar","Better Match","Better Note","Better Sensory Stone","Better Third Choice","BetterRewards","Block Reminder","Card Forge","Colored Map","Curses Come First","GifTheSpireLib","Jedi Mod","Jorbs\u0027s Wanderer Trilogy","Minty Spire (QoL Compilation)","Permanent Neow","Quick Restart","StSLib","Stuff the Spire","The Blue Laboratory","The Forsaken","UnlockEverythingMod"],"gold_per_floor":[369,385,402,420,440,469,15,15,42,42,60,75,75,109,121,133,133],"floor_reached":16,"language":"ENG","playtime":1831,"items_purged":["Strike_B"],"score":200,"play_id":"b96fa0a3-770c-4071-bcaf-9aa6479adaf5","local_time":"20210212150731","is_ascension_mode":true,"campfire_choices":[{"floor":8.0,"key":"REST"},{"data":"Buffer","floor":10.0,"key":"SMITH"},{"data":"Consume","floor":15,"key":"SMITH"}],"circlet_count":0,"master_deck":["AscendersBane","Strike_B","Strike_B","Strike_B","Defend_B","Defend_B","Defend_B","Defend_B","Zap","Dualcast","Storm","Compile Driver","Consume+1","jedi:overflow","StuffTheSpire:GlassShard","StuffTheSpire:ShieldGenerator","Buffer+1","Stack","Doom and Gloom","Recycle","Self Repair"],"relics":["Cracked Core","Hammer of Thor","Seething Fire","Anvil of the Gods","Sundial","StuffTheSpire:OldFever","Orichalcum","MawBank"],"acts_visited":["Exordium"],"potions_floor_usage":[14,16],"damage_taken":[{"damage":1.0,"enemies":"Cultist","floor":1.0,"turns":3.0},{"damage":12.0,"enemies":"2 Louse","floor":2.0,"turns":3.0},{"damage":2.0,"enemies":"Jaw Worm","floor":3.0,"turns":3.0},{"damage":8.0,"enemies":"Blue Slaver","floor":4.0,"turns":3.0},{"damage":6.0,"enemies":"Looter","floor":5.0,"turns":3.0},{"damage":14.0,"enemies":"Gremlin Nob","floor":6.0,"turns":4.0},{"damage":2.0,"enemies":"2 Fungi Beasts","floor":11.0,"turns":5.0},{"damage":4,"enemies":"3 Louse","floor":12,"turns":3},{"damage":5,"enemies":"3 Sentries","floor":14,"turns":4},{"damage":21,"enemies":"The Guardian","floor":16,"turns":5}],"seed_played":"-1281120084081452291","potions_obtained":[{"floor":3.0,"key":"DistilledChaos"},{"floor":4.0,"key":"Strength Potion"},{"floor":5.0,"key":"blueLaboratory:StoneskinPotion"},{"floor":11.0,"key":"SpeedPotion"},{"floor":14,"key":"PotionOfCapacity"}],"is_trial":false,"path_per_floor":["M","M","M","M","M","E","$","R","T","R","M","M","?","E","R","B"],"character_chosen":"DEFECT","items_purchased":["StuffTheSpire:OldFever","Buffer","blueLaboratory:BiasPotion","Stack"],"campfire_rested":1,"item_purchase_floors":[7,7,7,7],"current_hp_per_floor":[45,33,31,23,17,3,3,24,24,24,22,18,23,18,18,0,0],"gold":133,"neow_bonus":"TWO_FIFTY_GOLD","is_daily":false,"chose_seed":false,"campfire_upgraded":2,"win_rate":0.0,"timestamp":1613160451,"path_taken":["M","M","M","M","M","E","$","R","T","R","M","?","?","E","R","BOSS"],"items_purchased_type":["Relic","Card","Potion","Card"],"build_version":"2020-12-22","purchased_purges":1,"victory":false,"max_hp_per_floor":[71,71,71,71,71,71,71,71,71,71,71,71,76,76,76,76,76],"card_choices":[{"not_picked":["Conserve Battery","StuffTheSpire:Plugnplay"],"picked":"Storm","floor":1.0},{"not_picked":["jedi:BurstLightning","Stack"],"picked":"Compile Driver","floor":2.0},{"not_picked":["Barrage","Redo"],"picked":"Consume","floor":3.0},{"not_picked":["Turbo","Streamline"],"picked":"jedi:overflow","floor":4.0},{"not_picked":["Reprogram","Leap"],"picked":"StuffTheSpire:GlassShard","floor":5.0},{"not_picked":["Rip and Tear","jedi:gatheringstorm"],"picked":"StuffTheSpire:ShieldGenerator","floor":6.0},{"not_picked":["jedi:blockon","Gash"],"picked":"Doom and Gloom","floor":11.0},{"not_picked":["StuffTheSpire:Coldhearted","Force Field"],"picked":"Recycle","floor":12},{"not_picked":["Cold Snap","Reprogram"],"picked":"Self Repair","floor":14}],"player_experience":522418,"relics_obtained":[{"floor":6.0,"key":"Sundial"},{"floor":9.0,"key":"Orichalcum"},{"floor":14,"key":"MawBank"}],"event_choices":[{"damage_healed":0,"gold_gain":0,"player_choice":"Donut","damage_taken":0,"max_hp_gain":5,"max_hp_loss":0,"event_name":"Big Fish","floor":13,"gold_loss":0}],"is_beta":false,"boss_relics":[],"items_purged_floors":[7],"is_endless":false,"potions_floor_spawned":[3,4,5,11,14],"killed_by":"The Guardian","ascension_level":15}}