{"host":"tpbmol9dayg75a5s","time":1613164001,"event":{"mods":["BaseMod","Bestiary","Block Reminder","Colored Powertips","Dark Map","Downfall","Minty Spire (QoL Compilation)","Quick Restart","Relic Stats","Spire Arcade","StSLib"],"gold_per_floor":[99,122,138,138,0,0,73,98,98,127,137,168,178,198,216,317,317,217,234,244,255,266,345,345,371,371,25,38,38,71,81,101,199,199,99,111,231,231,306,318,318,318,353,253,279,279,295,323,342,342,342,371,1,1,1,1],"floor_reached":57,"language":"ENG","playtime":5371,"items_purged":["downfall:Bewildered"],"score":1685,"play_id":"13b8922e-cdd2-43be-805a-be768e45ca3e","local_time":"20210212180641","is_ascension_mode":true,"campfire_choices":[{"floor":1.0,"key":"RECALL"},{"data":"Slimebound:Prepare","floor":6.0,"key":"SMITH"},{"data":"Slimebound:Split","floor":9,"key":"SMITH"},{"data":"Slimebound:OozeBath","floor":18,"key":"SMITH"},{"floor":29,"key":"REST"},{"data":"Slimebound:SlimeSlap","floor":35,"key":"SMITH"},{"data":"Slimebound:SamplingLick","floor":44,"key":"SMITH"},{"floor":46,"key":"REST"},{"data":"Slimebound:MegaLick","floor":54,"key":"SMITH"}],"circlet_count":0,"master_deck":["Slimebound:Strike_Slimebound","Slimebound:Strike_Slimebound","Slimebound:Strike_Slimebound","Slimebound:Tackle","Slimebound:Defend_Slimebound","Slimebound:Defend_Slimebound","Slimebound:Defend_Slimebound","Slimebound:Defend_Slimebound","Slimebound:Split+1","Slimebound:CorrosiveSpit","Slimebound:MegaLick+1","Slimebound:GoopSpray","Slimebound:Repurpose","Slimebound:Prepare+1","Slimebound:SamplingLick+1","Slimebound:RollThrough","Slimebound:GrowthPunch","Slimebound:HungryTackle","Slimebound:SplitLeeching","Slimebound:LeechEnergy","Slimebound:OozeBath+1","Slimebound:RejuvenatingLick+1","Slimebound:SpikyOuterGoop","Slimebound:ItLooksTasty+1","Slimebound:GoopTackle+1","Regret","Slimebound:SplitSpecialist+1","Slimebound:SlimeTap+1","Slimebound:OozeBath+1","Mayhem","Slimebound:Recycling","Slimebound:SplitSpecialist+1","Slimebound:Teamwork+1","Slimebound:SamplingLick+1","Slimebound:RejuvenatingLick+1","Slimebound:SlimeSlap+1","Slimebound:LivingWall+1","Doubt","Slimebound:TagTeam","downfall:Icky","Pain","Slimebound:TongueLash","Slimebound:TongueLash+1","Slimebound:LevelUp+1","Slimebound:OneTwoCombo","Slimebound:SplitBruiser+1","Slimebound:LeechEnergy+1"],"relics":["Slimebound:AbsorbEndCombat","Du-Vu Doll","Akabeko","hexamod:CandleOfCauterizing","Dream Catcher","Strawberry","StrikeDummy","Cursed Key","downfall:HeartBlessingRed","Shuriken","Toxic Egg 2","Omamori","Gremlin Horn","Busted Crown","downfall:HeartBlessingGreen","Darkstone Periapt","Oddly Smooth Stone","downfall:HeartBlessingBlue","Incense Burner","Meat on the Bone","Vajra","Lee\u0027s Waffle","hexamod:BolsterEngine"],"acts_visited":["Exordium","TheCity","TheBeyond","TheEnding"],"potions_floor_usage":[12,15,30,33,43,52,56,56],"damage_taken":[{"damage":4.0,"enemies":"Cultist","floor":3.0,"turns":3.0},{"damage":6.0,"enemies":"downfall:FleeingMerchant","floor":5.0,"turns":4.0},{"damage":20,"enemies":"3 Sentries","floor":8,"turns":7},{"damage":18,"enemies":"Lagavulin","floor":10,"turns":6},{"damage":1,"enemies":"2 Louse","floor":11,"turns":2},{"damage":21,"enemies":"Gremlin Nob","floor":12,"turns":4},{"damage":0,"enemies":"Small Slimes","floor":13,"turns":2},{"damage":5,"enemies":"Blue Slaver","floor":14,"turns":2},{"damage":0,"enemies":"2 Fungi Beasts","floor":15,"turns":2},{"damage":12,"enemies":"SI_SHIV_ARCHETYPE","floor":16,"turns":7},{"damage":6,"enemies":"3 Byrds","floor":19,"turns":3},{"damage":1,"enemies":"Centurion and Healer","floor":20,"turns":5},{"damage":9,"enemies":"Snecko","floor":21,"turns":5},{"damage":5,"enemies":"Cultist and Chosen","floor":22,"turns":4},{"damage":20,"enemies":"Book of Stabbing","floor":25,"turns":5},{"damage":5,"enemies":"downfall:FleeingMerchant","floor":27,"turns":4},{"damage":24,"enemies":"Centurion and Healer","floor":28,"turns":4},{"damage":24,"enemies":"Gremlin Leader","floor":30,"turns":5},{"damage":1,"enemies":"Snake Plant","floor":31,"turns":2},{"damage":15,"enemies":"Snecko","floor":32,"turns":4},{"damage":54,"enemies":"DF_ARCHETYPE_CLAW","floor":33,"turns":7},{"damage":16,"enemies":"3 Shapes","floor":36,"turns":4},{"damage":23,"enemies":"3 Darklings","floor":40,"turns":3},{"damage":30,"enemies":"Giant Head","floor":43,"turns":7},{"damage":32,"enemies":"Nemesis","floor":45,"turns":5},{"damage":7,"enemies":"Jaw Worm Horde","floor":47,"turns":4},{"damage":10,"enemies":"Giant Head","floor":48,"turns":6},{"damage":7,"enemies":"Transient","floor":49,"turns":5},{"damage":9,"enemies":"IC_BLOCK_ARCHETYPE","floor":50,"turns":7},{"damage":89,"enemies":"downfall:CharBossMerchant","floor":52,"turns":6},{"damage":28,"enemies":"downfall:NeowBoss","floor":55,"turns":11},{"damage":86,"enemies":"downfall:NeowBossFinal","floor":56,"turns":10}],"seed_played":"-5710017946495488210","potions_obtained":[{"floor":3.0,"key":"sneckomod:MuddlingPotion"},{"floor":8,"key":"Fire Potion"},{"floor":13,"key":"Block Potion"},{"floor":15,"key":"Fruit Juice"},{"floor":22,"key":"FairyPotion"},{"floor":31,"key":"GamblersBrew"},{"floor":33,"key":"LiquidMemories"},{"floor":39,"key":"downfall:CursedFountainPotion"},{"floor":43,"key":"FearPotion"}],"is_trial":false,"path_per_floor":["R","T","M","?","$","R","T","E","R","E","M","E","M","M","M","B",null,"R","M","M","M","M","T","T","E","?","$","M","R","E","M","M","B",null,"R","M","?","?","?","M","T","?","E","R","E","R","M","E","M","B",null,"E","$","R","B","B",null],"character_chosen":"SLIMEBOUND","items_purchased":["Slimebound:Repurpose","Slimebound:Prepare","Slimebound:OozeBath+1","Mayhem","Lee\u0027s Waffle","hexamod:BolsterEngine"],"campfire_rested":2,"item_purchase_floors":[5,5,27,27,53,53],"current_hp_per_floor":[59,59,55,55,53,53,53,41,41,38,41,20,24,25,32,28,60,60,60,67,62,65,65,65,53,53,56,40,61,45,44,37,17,58,58,50,50,67,88,70,76,76,54,64,38,69,70,68,69,68,95,26,111,111,87,21],"gold":1,"neow_bonus":"ONE_RARE_RELIC","is_daily":false,"chose_seed":false,"campfire_upgraded":6,"win_rate":0.0,"timestamp":1613164001,"path_taken":["R","?","M","?","$","R","T","E","R","E","M","E","M","M","M","BOSS","R","M","M","?","?","?","T","E","?","$","M","R","E","M","M","BOSS","R","M","?","?","?","?","T","?","E","R","E","R","?","E","M","BOSS","E","$","R","BOSS","BOSS"],"items_purchased_type":["Card","Card","Card","Card","Relic","Relic"],"build_version":"2020-12-22","purchased_purges":1,"victory":true,"max_hp_per_floor":[59,59,59,59,59,59,59,59,59,66,66,66,66,66,71,71,71,71,71,71,71,71,71,71,71,71,71,71,71,71,71,71,71,71,71,71,71,88,88,88,94,94,94,104,104,104,104,104,104,104,104,104,111,111,111,111],"relic_stats":{"Darkstone Periapt":18,"Dream Catcher":2,"Lee\u0027s Waffle":85,"Busted Crown":18,"Gremlin Horn":[14,14],"counters":[32,150],"Shuriken":[35],"Cursed Key":3,"obtain_stats":[{"Darkstone Periapt":38,"hexamod:CandleOfCauterizing":7,"Lee\u0027s Waffle":53,"downfall:HeartBlessingRed":18,"Gremlin Horn":30,"Oddly Smooth Stone":43,"Vajra":52,"downfall:HeartBlessingGreen":35,"Omamori":25,"Incense Burner":45,"Cursed Key":17,"Akabeko":2,"Du-Vu Doll":0,"Dream Catcher":8,"Busted Crown":34,"Shuriken":23,"downfall:HeartBlessingBlue":44,"Strawberry":10,"Slimebound:AbsorbEndCombat":0,"Toxic Egg 2":24,"hexamod:BolsterEngine":53,"StrikeDummy":12,"Meat on the Bone":48},{"Darkstone Periapt":22,"hexamod:CandleOfCauterizing":2,"Lee\u0027s Waffle":30,"downfall:HeartBlessingRed":10,"Gremlin Horn":18,"Oddly Smooth Stone":24,"Vajra":30,"downfall:HeartBlessingGreen":21,"Omamori":15,"Incense Burner":25,"Cursed Key":10,"Akabeko":0,"Du-Vu Doll":0,"Dream Catcher":3,"Busted Crown":21,"Shuriken":14,"downfall:HeartBlessingBlue":24,"Strawberry":4,"Slimebound:AbsorbEndCombat":0,"Toxic Egg 2":14,"hexamod:BolsterEngine":30,"StrikeDummy":6,"Meat on the Bone":27},{"Darkstone Periapt":86,"hexamod:CandleOfCauterizing":7,"Lee\u0027s Waffle":129,"downfall:HeartBlessingRed":38,"Gremlin Horn":70,"Oddly Smooth Stone":96,"Vajra":129,"downfall:HeartBlessingGreen":83,"Omamori":58,"Incense Burner":101,"Cursed Key":38,"Akabeko":0,"Du-Vu Doll":0,"Dream Catcher":14,"Busted Crown":83,"Shuriken":53,"downfall:HeartBlessingBlue":96,"Strawberry":19,"Slimebound:AbsorbEndCombat":0,"Toxic Egg 2":53,"hexamod:BolsterEngine":129,"StrikeDummy":25,"Meat on the Bone":111}],"Meat on the Bone":24},"card_choices":[{"not_picked":["Slimebound:ServeAndProtect","Slimebound:SamplingLick"],"picked":"Slimebound:MegaLick","floor":3.0},{"not_picked":["Slimebound:BestDefense","Slimebound:FormOfPuddle"],"picked":"Slimebound:GoopSpray","floor":5.0},{"not_picked":["Slimebound:Schlurp","Slimebound:Prepare"],"picked":"Slimebound:SamplingLick","floor":8},{"not_picked":["Slimebound:LivingWall","Slimebound:SamplingLick","Slimebound:Schlurp"],"picked":"SKIP","floor":10},{"not_picked":["Slimebound:SamplingLick","Slimebound:RejuvenatingLick"],"picked":"Slimebound:RollThrough","floor":11},{"not_picked":["Slimebound:MassRepurpose","Slimebound:HauntingLick"],"picked":"Slimebound:GrowthPunch","floor":12},{"not_picked":["Slimebound:SplitBruiser","Slimebound:Recollect"],"picked":"Slimebound:HungryTackle","floor":13},{"not_picked":["Slimebound:LivingWall","Slimebound:PressTheAttack"],"picked":"Slimebound:SplitLeeching","floor":14},{"not_picked":["Slimebound:Prepare","Slimebound:SplitBruiser"],"picked":"Slimebound:LeechEnergy","floor":15},{"not_picked":["Slimebound:Overexert","Slimebound:Darklings"],"picked":"Slimebound:OozeBath","floor":16},{"not_picked":["Slimebound:SlimeSpikes","Slimebound:HungryTackle"],"picked":"Slimebound:RejuvenatingLick+1","floor":19},{"not_picked":["Slimebound:SplitBruiser+1","Slimebound:GoopSpray"],"picked":"Slimebound:SpikyOuterGoop","floor":20},{"not_picked":["Slimebound:LevelUp","Slimebound:LeechingTouch+1"],"picked":"Slimebound:ItLooksTasty+1","floor":21},{"not_picked":["Slimebound:ItLooksTasty","Slimebound:Schlurp"],"picked":"Slimebound:GoopTackle+1","floor":22},{"not_picked":["Slimebound:Repurpose+1","Slimebound:ViciousTackle"],"picked":"Slimebound:SplitSpecialist+1","floor":25},{"not_picked":["Slimebound:AcidTongue","Slimebound:FinishingTackle","Slimebound:LivingWall+1"],"picked":"SKIP","floor":27},{"not_picked":["Slimebound:SplitAcid+1","Slimebound:SplitMire+1"],"picked":"Slimebound:Recycling","floor":28},{"not_picked":["Slimebound:ComboTackle","Slimebound:AcidTongue"],"picked":"Slimebound:SplitSpecialist+1","floor":29},{"not_picked":["Slimebound:MegaLick+1","Slimebound:ItLooksTasty+1"],"picked":"Slimebound:Teamwork+1","floor":30},{"not_picked":["Slimebound:Schlurp+1","Slimebound:GoopSpray+1"],"picked":"Slimebound:SamplingLick+1","floor":31},{"not_picked":["Slimebound:ItLooksTasty+1","Slimebound:RollThrough"],"picked":"Slimebound:RejuvenatingLick+1","floor":32},{"not_picked":["Slimebound:RallyTheTroops","Slimebound:OneTwoCombo"],"picked":"Slimebound:SlimeSlap","floor":33},{"not_picked":[],"picked":"Slimebound:LivingWall+1","floor":36},{"not_picked":["Slimebound:DisruptingSlam"],"picked":"SKIP","floor":40},{"not_picked":[],"picked":"Slimebound:TongueLash","floor":43},{"not_picked":[],"picked":"Slimebound:TongueLash+1","floor":45},{"not_picked":[],"picked":"Slimebound:LevelUp+1","floor":47},{"not_picked":[],"picked":"Slimebound:OneTwoCombo","floor":48},{"not_picked":[],"picked":"Slimebound:SplitBruiser+1","floor":49},{"not_picked":[],"picked":"Slimebound:LeechEnergy+1","floor":52}],"player_experience":1133503,"relics_obtained":[{"floor":2.0,"key":"Akabeko"},{"floor":7.0,"key":"hexamod:CandleOfCauterizing"},{"floor":8,"key":"Dream Catcher"},{"floor":10,"key":"Strawberry"},{"floor":12,"key":"StrikeDummy"},{"floor":23,"key":"Shuriken"},{"floor":24,"key":"Toxic Egg 2"},{"floor":25,"key":"Omamori"},{"floor":30,"key":"Gremlin Horn"},{"floor":43,"key":"Oddly Smooth Stone"},{"floor":45,"key":"Incense Burner"},{"floor":48,"key":"Meat on the Bone"},{"floor":52,"key":"Vajra"}],"event_choices":[{"damage_healed":0,"gold_gain":0,"player_choice":"Read","damage_taken":0,"max_hp_gain":0,"max_hp_loss":0,"event_name":"The Library","floor":26,"gold_loss":0,"cards_obtained":["Slimebound:SlimeTap"]}],"is_beta":false,"boss_relics":[{"not_picked":["bronze:MakeshiftBattery","Runic Pyramid"],"picked":"Cursed Key"},{"not_picked":["Black Star","Slimebound:TarBlob"],"picked":"Busted Crown"}],"items_purged_floors":[53],"is_endless":false,"potions_floor_spawned":[3,8,13,15,22,28,31,33,40,43,45,48],"ascension_level":6}}