{"host":"94llj6gteolxpmtb","time":1613156599,"event":{"mods":["BaseMod","Better Match","Better Note","BetterRewards","Colored Powertips","Googly Eyes","Minty Spire (QoL Compilation)","Quick Restart","StSLib"],"gold_per_floor":[114,67,79,39,58,91,91,102,102,27,41,41,60,74,74,175,175,185,365,113,160,172,172,16,291,291,316,57,57,72,100,100,205,205,223,0,0,0,53,80,80,100,100,132,132,149,164,176,176,176,176,176,13,44,44,44],"floor_reached":55,"language":"ENG","playtime":4372,"items_purged":["Defend_R","Defend_R","Regret","Defend_R"],"score":765,"play_id":"62a4763d-6c15-4457-8296-97196ea284fe","local_time":"20210212120319","is_ascension_mode":false,"campfire_choices":[{"floor":7,"key":"RECALL"},{"floor":15,"key":"REST"},{"data":"Reaper","floor":23,"key":"SMITH"},{"floor":29,"key":"REST"},{"data":"Feed","floor":32,"key":"SMITH"},{"floor":41,"key":"REST"},{"floor":45,"key":"REST"},{"data":"Sadistic Nature","floor":49,"key":"SMITH"},{"data":"Inflame","floor":52,"key":"SMITH"}],"circlet_count":0,"master_deck":["Strike_R","Strike_R","Strike_R","Strike_R","Strike_R","Defend_R","Bash","Immolate","Flex","Uppercut","Inflame+1","Anger","Anger","Cleave","Rampage","Reaper+1","Body Slam+1","Blind","Flex+1","Feed+1","Flex","Sadistic Nature+1","Anger","Iron Wave+1","Feed","Battle Trance","Armaments+1","Heavy Blade+1","Bloodletting+1","Warcry+1","Flex+1","Warcry+1","Intimidate+1","Violence"],"relics":["Black Blood","Anchor","HornCleat","Membership Card","Bag of Preparation","TungstenRod","Du-Vu Doll","Prayer Wheel","Art of War","Runic Cube","Nunchaku","Vajra","Red Mask","Thread and Needle","InkBottle","Toy Ornithopter","Bottled Tornado","Bronze Scales","Mercury Hourglass"],"acts_visited":["Exordium","TheCity","TheBeyond","TheEnding"],"potions_floor_usage":[6,13,27,27,33,33,40,44,48,55],"damage_taken":[{"damage":5,"enemies":"Small Slimes","floor":1,"turns":3},{"damage":6,"enemies":"Jaw Worm","floor":3,"turns":2},{"damage":6,"enemies":"2 Louse","floor":5,"turns":2},{"damage":10,"enemies":"Gremlin Nob","floor":6,"turns":4},{"damage":24,"enemies":"Exordium Thugs","floor":8,"turns":4},{"damage":11,"enemies":"Exordium Wildlife","floor":11,"turns":3},{"damage":0,"enemies":"Blue Slaver","floor":13,"turns":1},{"damage":0,"enemies":"3 Louse","floor":14,"turns":3},{"damage":51,"enemies":"Hexaghost","floor":16,"turns":9},{"damage":11,"enemies":"Chosen","floor":18,"turns":5},{"damage":7,"enemies":"Shell Parasite","floor":22,"turns":4},{"damage":38,"enemies":"Book of Stabbing","floor":27,"turns":6},{"damage":0,"enemies":"Centurion and Healer","floor":30,"turns":3},{"damage":23,"enemies":"Slavers","floor":31,"turns":4},{"damage":78,"enemies":"Collector","floor":33,"turns":9},{"damage":14,"enemies":"3 Darklings","floor":35,"turns":3},{"damage":20,"enemies":"2 Orb Walkers","floor":39,"turns":4},{"damage":68,"enemies":"Giant Head","floor":40,"turns":8},{"damage":4,"enemies":"3 Shapes","floor":42,"turns":2},{"damage":44,"enemies":"Nemesis","floor":44,"turns":7},{"damage":21,"enemies":"Maw","floor":46,"turns":7},{"damage":4,"enemies":"Spire Growth","floor":47,"turns":3},{"damage":3,"enemies":"3 Darklings","floor":48,"turns":2},{"damage":69,"enemies":"Donu and Deca","floor":50,"turns":7},{"damage":3,"enemies":"Shield and Spear","floor":54,"turns":5},{"damage":129,"enemies":"The Heart","floor":55,"turns":8}],"seed_played":"4922488042548297670","potions_obtained":[{"floor":3,"key":"DuplicationPotion"},{"floor":5,"key":"GamblersBrew"},{"floor":8,"key":"Fire Potion"},{"floor":16,"key":"Dexterity Potion"},{"floor":30,"key":"DistilledChaos"},{"floor":31,"key":"Block Potion"},{"floor":39,"key":"PowerPotion"},{"floor":42,"key":"LiquidMemories"},{"floor":44,"key":"Dexterity Potion"},{"floor":47,"key":"SkillPotion"}],"is_trial":false,"path_per_floor":["M","$","M","$","M","E","R","M","T","$","M","?","M","M","R","B",null,"M","?","$","T","M","R","$","?","T","E","$","R","M","E","R","B",null,"M","$","?","?","?","E","R","M","T","E","R","M","M","M","R","B",null,"R","$","E","B"],"character_chosen":"IRONCLAD","items_purchased":["Flex","Inflame","Membership Card","TungstenRod","Feed","Flex","Sadistic Nature","Nunchaku","Vajra","Violence","Bronze Scales"],"campfire_rested":4,"item_purchase_floors":[2,4,20,24,28,28,28,36,36,53,53],"current_hp_per_floor":[80,80,80,80,80,76,76,58,58,58,53,35,41,47,71,26,80,80,49,49,49,54,54,54,54,54,36,36,60,75,67,67,16,86,84,84,84,82,74,26,50,61,61,35,60,59,77,85,85,35,85,85,85,85,0,0],"gold":44,"neow_bonus":"ONE_RANDOM_RARE_CARD","is_daily":false,"chose_seed":false,"campfire_upgraded":4,"win_rate":0.0,"timestamp":1613156599,"path_taken":["M","$","M","$","M","E","R","M","T","$","M","?","M","M","R","BOSS","M","?","?","?","M","R","?","?","T","E","?","R","M","E","R","BOSS","M","$","?","?","?","E","R","M","T","E","R","?","M","M","R","BOSS","R","$","E","BOSS"],"items_purchased_type":["Card","Card","Relic","Relic","Card","Card","Card","Relic","Relic","Card","Relic"],"build_version":"2020-12-22","purchased_purges":4,"victory":false,"max_hp_per_floor":[80,80,80,80,80,80,80,80,80,80,80,80,80,80,80,80,80,80,80,80,80,80,80,80,80,80,80,80,80,83,86,86,86,86,86,86,86,82,82,82,82,85,85,85,85,85,85,85,85,85,85,85,85,85,85,85],"card_choices":[{"not_picked":["True Grit","Intimidate","Wild Strike"],"picked":"SKIP","floor":1},{"not_picked":["Intimidate","Fire Breathing"],"picked":"Uppercut","floor":3},{"not_picked":["Ghostly Armor","Armaments","Metallicize"],"picked":"SKIP","floor":5},{"not_picked":["Infernal Blade","Armaments"],"picked":"Anger","floor":6},{"not_picked":["Thunderclap","Reckless Charge"],"picked":"Anger","floor":8},{"not_picked":["Pommel Strike","Shockwave"],"picked":"Cleave","floor":11},{"not_picked":["Shrug It Off","Armaments","Fire Breathing"],"picked":"SKIP","floor":13},{"not_picked":["Pommel Strike","Shrug It Off"],"picked":"Rampage","floor":14},{"not_picked":["Impervious","Barricade"],"picked":"Reaper","floor":16},{"not_picked":["Wild Strike","Perfected Strike"],"picked":"Body Slam+1","floor":18},{"not_picked":["Spot Weakness","Blood for Blood","Fire Breathing"],"picked":"SKIP","floor":22},{"not_picked":["Dark Embrace","Sword Boomerang"],"picked":"Flex+1","floor":27},{"not_picked":["Flex+1","Sword Boomerang"],"picked":"Anger","floor":30},{"not_picked":["Carnage","Reckless Charge","Shrug It Off"],"picked":"SKIP","floor":30},{"not_picked":["Body Slam","Entrench"],"picked":"Iron Wave+1","floor":31},{"not_picked":["Double Tap","Impervious"],"picked":"Feed","floor":33},{"not_picked":["Clothesline","Dual Wield+1"],"picked":"Battle Trance","floor":35},{"not_picked":["Sever Soul+1","Blood for Blood","Heavy Blade"],"picked":"SKIP","floor":35},{"not_picked":["Body Slam+1","Warcry"],"picked":"Armaments+1","floor":39},{"not_picked":["Twin Strike","Spot Weakness"],"picked":"Heavy Blade+1","floor":40},{"not_picked":["Power Through+1","Twin Strike"],"picked":"Bloodletting+1","floor":42},{"not_picked":["Shrug It Off","Evolve"],"picked":"Warcry+1","floor":42},{"not_picked":["Wild Strike","Reaper","Iron Wave+1"],"picked":"SKIP","floor":44},{"not_picked":["Power Through+1","Shrug It Off+1","Evolve"],"picked":"SKIP","floor":46},{"not_picked":["Perfected Strike+1","Headbutt","Armaments+1"],"picked":"SKIP","floor":46},{"not_picked":["Cleave","Pommel Strike"],"picked":"Flex+1","floor":47},{"not_picked":["Shrug It Off","Armaments+1"],"picked":"Warcry+1","floor":47},{"not_picked":["Ghostly Armor+1","Blood for Blood+1"],"picked":"Intimidate+1","floor":48},{"not_picked":["Armaments+1","Iron Wave+1","Thunderclap"],"picked":"SKIP","floor":48},{"not_picked":["Shrug It Off+1","Spot Weakness+1","Ghostly Armor+1"],"picked":"SKIP","floor":54}],"player_experience":63748,"relics_obtained":[{"floor":6,"key":"Anchor"},{"floor":21,"key":"Bag of Preparation"},{"floor":26,"key":"Du-Vu Doll"},{"floor":27,"key":"Prayer Wheel"},{"floor":31,"key":"Art of War"},{"floor":39,"key":"Thread and Needle"},{"floor":40,"key":"InkBottle"},{"floor":43,"key":"Toy Ornithopter"},{"floor":44,"key":"Bottled Tornado"},{"floor":54,"key":"Mercury Hourglass"}],"event_choices":[{"damage_healed":0,"gold_gain":0,"player_choice":"Success","damage_taken":18,"relics_obtained":["HornCleat"],"max_hp_gain":0,"max_hp_loss":0,"event_name":"Scrap Ooze","floor":12,"gold_loss":0},{"damage_healed":0,"gold_gain":180,"player_choice":"CARD GOLD POTION GOLD ","damage_taken":31,"max_hp_gain":0,"max_hp_loss":0,"event_name":"Knowing Skull","floor":19,"potions_obtained":["FairyPotion"],"gold_loss":0,"cards_obtained":["Blind"]},{"damage_healed":0,"gold_gain":275,"player_choice":"Desecrate","damage_taken":0,"max_hp_gain":0,"max_hp_loss":0,"event_name":"Golden Shrine","floor":25,"gold_loss":0,"cards_obtained":["Regret"]},{"damage_healed":0,"gold_gain":0,"player_choice":"Paid","damage_taken":0,"relics_obtained":["Red Mask"],"max_hp_gain":0,"max_hp_loss":0,"event_name":"Tomb of Lord Red Mask","floor":37,"gold_loss":0},{"damage_healed":0,"gold_gain":0,"player_choice":"Max HP","damage_taken":0,"max_hp_gain":0,"max_hp_loss":4,"event_name":"Winding Halls","floor":38,"gold_loss":0},{"damage_healed":0,"gold_gain":0,"player_choice":"Fight","damage_taken":0,"max_hp_gain":0,"max_hp_loss":0,"event_name":"Mysterious Sphere","floor":39,"gold_loss":0}],"is_beta":false,"boss_relics":[{"not_picked":["Busted Crown","SlaversCollar"],"picked":"Black Blood"},{"not_picked":["Runic Dome","Black Star"],"picked":"Runic Cube"}],"items_purged_floors":[10,20,28,36],"is_endless":false,"potions_floor_spawned":[3,5,8,16,22,30,31,39,42,44,47],"killed_by":"The Heart","ascension_level":0}}