{"host":"gobyjzz6xbwq9f9i","time":1613103660,"event":{"mods":["AchievementEnabler","BaseMod","Bestiary","Colored Map","Minty Spire (QoL Compilation)","Relic Stats"],"gold_per_floor":[111,111,126,146,146,146,164,5,28,40,67,67,93,111,111,209,209,229,77,90,90,104,104,104,139,139,157,157,170,199,211,211,306,306,322,322,338,83,95,95,127,127,206,218,178,197,197,210,210,210,210],"floor_reached":50,"language":"ENG","playtime":2149,"items_purged":["Strike_B","Steam"],"score":789,"play_id":"d101c7fd-2c22-4e61-967f-eb434fb6b245","local_time":"20210211202100","is_ascension_mode":true,"campfire_choices":[{"data":"Doom and Gloom","floor":6,"key":"SMITH"},{"floor":12,"key":"REST"},{"data":"Capacitor","floor":15,"key":"SMITH"},{"floor":23,"key":"REST"},{"floor":32,"key":"REST"},{"data":"Defragment","floor":40,"key":"SMITH"},{"floor":42,"key":"RECALL"},{"floor":47,"key":"REST"},{"data":"Consume","floor":49,"key":"SMITH"}],"circlet_count":0,"master_deck":["AscendersBane","Zap+1","Dualcast","Cold Snap","Doom and Gloom+1","Ball Lightning","Ball Lightning+1","Self Repair","Conserve Battery","Core Surge","Capacitor+1","Barrage","Electrodynamics","Rainbow","Turbo","Stack","Sweeping Beam","Glacier","Undo+1","Glacier","Stack+1","White Noise+1","Reinforced Body","Defragment+1","Multi-Cast+1","Hologram+1","Creative AI","Consume+1"],"relics":["Cracked Core","Pen Nib","Happy Flower","Dream Catcher","Regal Pillow","Ancient Tea Set","Pandora\u0027s Box","War Paint","Nilry\u0027s Codex","Oddly Smooth Stone","Meat on the Bone","Ornamental Fan","Snecko Eye","Darkstone Periapt"],"acts_visited":["Exordium","TheCity","TheBeyond"],"potions_floor_usage":[7,18,25,30,35,41,50,50],"damage_taken":[{"damage":0,"enemies":"2 Louse","floor":1,"turns":3},{"damage":2,"enemies":"Jaw Worm","floor":3,"turns":3},{"damage":0,"enemies":"Cultist","floor":4,"turns":3},{"damage":37,"enemies":"Exordium Thugs","floor":7,"turns":3},{"damage":4,"enemies":"Looter","floor":10,"turns":3},{"damage":24,"enemies":"Lagavulin","floor":11,"turns":4},{"damage":16,"enemies":"Gremlin Nob","floor":13,"turns":3},{"damage":14,"enemies":"Red Slaver","floor":14,"turns":2},{"damage":21,"enemies":"Slime Boss","floor":16,"turns":6},{"damage":13,"enemies":"Shell Parasite","floor":18,"turns":4},{"damage":32,"enemies":"2 Thieves","floor":20,"turns":4},{"damage":12,"enemies":"Cultist and Chosen","floor":22,"turns":6},{"damage":24,"enemies":"Book of Stabbing","floor":25,"turns":5},{"damage":2,"enemies":"Snecko","floor":27,"turns":4},{"damage":0,"enemies":"Chosen and Byrds","floor":29,"turns":3},{"damage":21,"enemies":"Slavers","floor":30,"turns":4},{"damage":13,"enemies":"Centurion and Healer","floor":31,"turns":10},{"damage":18,"enemies":"Champ","floor":33,"turns":10},{"damage":8,"enemies":"3 Darklings","floor":35,"turns":3},{"damage":15,"enemies":"Orb Walker","floor":37,"turns":4},{"damage":13,"enemies":"Writhing Mass","floor":39,"turns":6},{"damage":18,"enemies":"Nemesis","floor":41,"turns":9},{"damage":0,"enemies":"Maw","floor":44,"turns":8},{"damage":52,"enemies":"Sphere and 2 Shapes","floor":46,"turns":4},{"damage":0,"enemies":"Spire Growth","floor":48,"turns":7},{"damage":60,"enemies":"Donu and Deca","floor":50,"turns":6}],"seed_played":"-1230596598146808845","potions_obtained":[{"floor":1,"key":"ColorlessPotion"},{"floor":11,"key":"DuplicationPotion"},{"floor":13,"key":"SkillPotion"},{"floor":14,"key":"EssenceOfDarkness"},{"floor":18,"key":"FocusPotion"},{"floor":25,"key":"PowerPotion"},{"floor":31,"key":"SpeedPotion"},{"floor":35,"key":"Weak Potion"},{"floor":41,"key":"GamblersBrew"}],"is_trial":false,"path_per_floor":["M","?","M","M","T","R","M","$","T","M","E","R","E","M","R","B",null,"M","$","M","$","M","R","?","E","T","M","?","M","E","M","R","B",null,"M","?","M","$","M","R","E","R","T","M","?","M","R","M","R","B"],"character_chosen":"DEFECT","items_purchased":["Self Repair","Conserve Battery","War Paint","Creative AI"],"campfire_rested":4,"item_purchase_floors":[8,8,19,38],"current_hp_per_floor":[68,68,66,66,66,66,29,29,29,25,8,45,36,29,29,8,58,52,52,20,20,15,52,36,19,19,36,41,41,32,38,75,64,72,64,64,56,56,50,50,51,51,51,58,58,18,55,55,55,0,0],"gold":210,"neow_bonus":"RANDOM_COMMON_RELIC","is_daily":false,"chose_seed":false,"campfire_upgraded":4,"win_rate":0.0,"timestamp":1613103660,"path_taken":["M","?","M","M","?","R","M","$","T","M","E","R","E","M","R","BOSS","M","$","M","$","M","R","?","E","T","M","?","M","E","?","R","BOSS","M","?","M","?","M","R","E","R","T","M","?","?","R","M","R","BOSS"],"items_purchased_type":["Card","Card","Relic","Card"],"build_version":"2020-12-22","purchased_purges":2,"victory":false,"max_hp_per_floor":[75,75,75,75,75,75,75,75,75,75,75,75,75,75,75,75,75,75,75,75,75,75,75,75,75,75,75,75,75,75,75,75,75,75,75,75,75,75,75,75,75,75,75,75,75,75,75,75,75,75,75],"relic_stats":{"Darkstone Periapt":0,"Dream Catcher":4,"Regal Pillow":60,"Happy Flower":[39],"counters":[26,127],"Ornamental Fan":[32],"Snecko Eye":[88,63,84,61],"Pandora\u0027s Box":["Turbo","Stack","Sweeping Beam","Gash","Glacier","Undo"],"Pen Nib":[16],"War Paint":["Undo","Zap"],"obtain_stats":[{"Darkstone Periapt":41,"Regal Pillow":11,"Happy Flower":5,"Nilry\u0027s Codex":24,"Oddly Smooth Stone":25,"Pen Nib":0,"War Paint":19,"Ancient Tea Set":13,"Dream Catcher":9,"Ornamental Fan":30,"Snecko Eye":34,"Pandora\u0027s Box":17,"Cracked Core":0,"Meat on the Bone":26},{"Darkstone Periapt":22,"Regal Pillow":6,"Happy Flower":3,"Nilry\u0027s Codex":12,"Oddly Smooth Stone":13,"Pen Nib":0,"War Paint":10,"Ancient Tea Set":7,"Dream Catcher":4,"Ornamental Fan":16,"Snecko Eye":18,"Pandora\u0027s Box":9,"Cracked Core":0,"Meat on the Bone":13},{"Darkstone Periapt":102,"Regal Pillow":19,"Happy Flower":9,"Nilry\u0027s Codex":44,"Oddly Smooth Stone":49,"Pen Nib":0,"War Paint":34,"Ancient Tea Set":22,"Dream Catcher":12,"Ornamental Fan":60,"Snecko Eye":80,"Pandora\u0027s Box":30,"Cracked Core":0,"Meat on the Bone":49}],"Meat on the Bone":60},"card_choices":[{"not_picked":["Storm","Rebound"],"picked":"Cold Snap","floor":1},{"not_picked":["Rebound","Blizzard"],"picked":"Ball Lightning","floor":3},{"not_picked":["Compile Driver","Stack"],"picked":"Ball Lightning","floor":4},{"not_picked":["Barrage","Compile Driver"],"picked":"Steam","floor":7},{"not_picked":["Beam Cell","Rip and Tear"],"picked":"Core Surge","floor":10},{"not_picked":["Cold Snap","Coolheaded"],"picked":"Capacitor","floor":11},{"not_picked":["Gash","Stack"],"picked":"Barrage","floor":13},{"not_picked":["Undo","Ball Lightning"],"picked":"Electrodynamics","floor":14},{"not_picked":["Thunder Strike","Electrodynamics"],"picked":"Rainbow","floor":16},{"not_picked":["Stack","White Noise"],"picked":"Glacier","floor":18},{"not_picked":["Sweeping Beam","Streamline"],"picked":"Stack+1","floor":20},{"not_picked":["Hello World+1","Undo"],"picked":"White Noise+1","floor":22},{"not_picked":["Redo","Sunder"],"picked":"Reinforced Body","floor":23},{"not_picked":["Compile Driver","Meteor Strike","Conserve Battery"],"picked":"SKIP","floor":25},{"not_picked":["Stack","Lockon+1","Sweeping Beam"],"picked":"SKIP","floor":27},{"not_picked":["Sweeping Beam","Rip and Tear","Auto Shields"],"picked":"SKIP","floor":29},{"not_picked":["Rebound","Cold Snap","Go for the Eyes"],"picked":"SKIP","floor":30},{"not_picked":["Sweeping Beam","Lockon","Reprogram"],"picked":"SKIP","floor":31},{"not_picked":["Machine Learning","Redo"],"picked":"Defragment","floor":32},{"not_picked":["Reboot","Electrodynamics"],"picked":"Multi-Cast","floor":33},{"not_picked":["Rebound+1","Sweeping Beam","Barrage+1"],"picked":"SKIP","floor":35},{"not_picked":["Darkness","Tempest+1"],"picked":"Hologram+1","floor":37},{"not_picked":["Turbo","Compile Driver","Consume+1"],"picked":"SKIP","floor":39},{"not_picked":["Steam Power+1","Barrage","Ball Lightning"],"picked":"SKIP","floor":41},{"not_picked":["Seek","Auto Shields"],"picked":"Consume","floor":44},{"not_picked":["Turbo","Hologram","Double Energy+1"],"picked":"SKIP","floor":46},{"not_picked":["Chaos","Reinforced Body+1","Lockon+1"],"picked":"SKIP","floor":48}],"player_experience":1337428,"relics_obtained":[{"floor":5,"key":"Happy Flower"},{"floor":9,"key":"Dream Catcher"},{"floor":11,"key":"Regal Pillow"},{"floor":13,"key":"Ancient Tea Set"},{"floor":24,"key":"Nilry\u0027s Codex"},{"floor":25,"key":"Oddly Smooth Stone"},{"floor":26,"key":"Meat on the Bone"},{"floor":30,"key":"Ornamental Fan"},{"floor":41,"key":"Darkstone Periapt"}],"event_choices":[{"damage_healed":0,"gold_gain":0,"cards_transformed":["Defend_B"],"player_choice":"Change","damage_taken":0,"max_hp_gain":0,"max_hp_loss":0,"event_name":"Living Wall","floor":2,"gold_loss":0,"cards_obtained":["Doom and Gloom"]},{"damage_healed":0,"gold_gain":0,"player_choice":"Obtained Book","damage_taken":16,"max_hp_gain":0,"max_hp_loss":0,"event_name":"Cursed Tome","floor":24,"gold_loss":0},{"cards_removed":["Gash"],"damage_healed":5,"gold_gain":0,"player_choice":"Offered Common","damage_taken":0,"max_hp_gain":0,"max_hp_loss":0,"event_name":"Bonfire Elementals","floor":28,"gold_loss":0},{"cards_removed":["Gash"],"damage_healed":5,"gold_gain":0,"player_choice":"Offered Special","damage_taken":0,"max_hp_gain":0,"max_hp_loss":0,"event_name":"Bonfire Elementals","floor":28,"gold_loss":0},{"damage_healed":0,"gold_gain":0,"player_choice":"Ignored","damage_taken":0,"max_hp_gain":0,"max_hp_loss":0,"event_name":"Tomb of Lord Red Mask","floor":36,"gold_loss":0},{"damage_healed":0,"gold_gain":0,"player_choice":"Upgraded Two","damage_taken":0,"max_hp_gain":0,"max_hp_loss":0,"event_name":"Designer","floor":45,"gold_loss":40,"cards_upgraded":["Ball Lightning","Multi-Cast"]}],"is_beta":false,"boss_relics":[{"not_picked":["SlaversCollar","Black Star"],"picked":"Pandora\u0027s Box"},{"not_picked":["Empty Cage","SacredBark"],"picked":"Snecko Eye"}],"items_purged_floors":[8,38],"is_endless":false,"potions_floor_spawned":[1,11,13,14,18,25,29,31,35,37,41,48],"killed_by":"Donu and Deca","ascension_level":10}}