{"host":"n9gusi1v40na1f9y","time":1613148132,"event":{"mods":["AchievementEnabler","BaseMod","Colored Map","Colored Powertips","Downfall","Highlight Path","Minty Spire (QoL Compilation)","Rare Cards Sparkle","StSLib","The Bug Knight"],"gold_per_floor":[119,138,149,163,182,182,210,210,210,244,244,278,294,314,314,417,417,432,432,110,127,127,127],"floor_reached":22,"language":"ENG","playtime":2064,"items_purged":["HollowMod:QuickDashStart"],"score":208,"play_id":"01e3933b-83c7-4ad4-8259-c67a5c9e66fc","local_time":"20210212164212","is_ascension_mode":false,"campfire_choices":[{"data":"HollowMod:AwokenDreamNail","floor":6,"key":"SMITH"},{"floor":15,"key":"REST"}],"circlet_count":0,"master_deck":["HollowMod:NailStrikeStart","HollowMod:NailStrikeStart","HollowMod:NailStrikeStart","HollowMod:NailStrikeStart","HollowMod:QuickDashStart","HollowMod:QuickDashStart","HollowMod:QuickDashStart","HollowMod:FocusHealStart","HollowMod:PogoStrike","HollowMod:VengefulSpirit","HollowMod:DreamGate","HollowMod:AwokenDreamNail+1","HollowMod:HowlingWraiths","HollowMod:CloakDash","HollowMod:SoulMaster","HollowMod:CornifersMapStart","HollowMod:NewGlowingWomb+1","HollowMod:FallenFury","HollowMod:AbyssShriek","HollowMod:SlysStrikes+1","HollowMod:VengefulVoid","Deep Breath","HollowMod:InfectedCysts"],"relics":["HollowMod:VesselMask","NeowsBlessing","MealTicket","HollowMod:KingsBrand","Shuriken","Mercury Hourglass","Frozen Egg 2","Philosopher\u0027s Stone","Toxic Egg 2"],"acts_visited":["Exordium","TheCity"],"potions_floor_usage":[12,16],"damage_taken":[{"damage":0,"enemies":"Cultist","floor":1,"turns":1},{"damage":0,"enemies":"2 Louse","floor":2,"turns":1},{"damage":0,"enemies":"Small Slimes","floor":3,"turns":1},{"damage":11,"enemies":"Gremlin Gang","floor":4,"turns":4},{"damage":5,"enemies":"Exordium Thugs","floor":5,"turns":4},{"damage":11,"enemies":"HollowMod:MossKnight","floor":7,"turns":8},{"damage":39,"enemies":"Lagavulin","floor":10,"turns":7},{"damage":2,"enemies":"HollowMod:MossKnight","floor":12,"turns":8},{"damage":10,"enemies":"Looter","floor":13,"turns":2},{"damage":7,"enemies":"Large Slime","floor":14,"turns":5},{"damage":39,"enemies":"Slime Boss","floor":16,"turns":9},{"damage":21,"enemies":"3 Byrds","floor":18,"turns":4},{"damage":15,"enemies":"Spheric Guardian","floor":21,"turns":3},{"damage":16,"enemies":"Shelled Parasite and Fungi","floor":22,"turns":2}],"seed_played":"-6185746504342409619","potions_obtained":[{"floor":1,"key":"SkillPotion"},{"floor":3,"key":"Block Potion"},{"floor":5,"key":"SkillPotion"},{"floor":13,"key":"sneckomod:MuddlingPotion"},{"floor":16,"key":"SteroidPotion"},{"floor":21,"key":"bronze:BurnAndBuffPotion"}],"is_trial":false,"path_per_floor":["M","M","M","M","M","R","E","?","T","E","?","E","M","M","R","B",null,"M","?","$","M","M"],"character_chosen":"THE_BUGKNIGHT","items_purchased":["Toxic Egg 2"],"campfire_rested":1,"item_purchase_floors":[20],"current_hp_per_floor":[75,75,75,70,65,65,64,52,52,23,41,49,39,32,54,21,75,54,42,57,42,26,26],"gold":127,"neow_bonus":"THREE_ENEMY_KILL","is_daily":false,"chose_seed":false,"campfire_upgraded":1,"win_rate":0.0,"timestamp":1613148132,"path_taken":["M","M","M","M","M","R","E","?","T","E","?","E","M","M","R","BOSS","M","?","?","M","?"],"items_purchased_type":["Relic"],"build_version":"2020-12-22","purchased_purges":1,"victory":false,"max_hp_per_floor":[75,75,75,75,75,75,75,75,75,75,75,75,75,75,75,75,75,75,75,75,75,75,75],"card_choices":[{"not_picked":["HollowMod:NewJinnsSoul","HollowMod:LifebloodCocoon"],"picked":"HollowMod:VengefulSpirit","floor":1},{"not_picked":["HollowMod:TaintedHusks","HollowMod:NewJinnsSoul"],"picked":"HollowMod:DreamGate","floor":2},{"not_picked":["HollowMod:BlackTendrils","HollowMod:PureNailStrike"],"picked":"HollowMod:AwokenDreamNail","floor":3},{"not_picked":["HollowMod:InfectedAttack","HollowMod:HeavyBlow"],"picked":"HollowMod:HowlingWraiths","floor":4},{"not_picked":["HollowMod:SoulVessel","HollowMod:InfectionAssault"],"picked":"HollowMod:CloakDash","floor":5},{"not_picked":["HollowMod:TaintedHusks","HollowMod:HeavyBlow"],"picked":"HollowMod:SoulMaster","floor":7},{"not_picked":["HollowMod:NewJinnsSoul","HollowMod:InfectedAttack"],"picked":"HollowMod:CornifersMapStart","floor":10},{"not_picked":["HollowMod:CoiledNail","HollowMod:HowlingWraiths"],"picked":"HollowMod:NewGlowingWomb+1","floor":12},{"not_picked":["HollowMod:HuntersJournal","HollowMod:CornifersMapStart"],"picked":"HollowMod:FallenFury","floor":13},{"not_picked":["HollowMod:VengefulVoid","HollowMod:GoodIntentions"],"picked":"HollowMod:AbyssShriek","floor":14},{"not_picked":["HollowMod:ElderbugsWisdom+1","HollowMod:VoidDash"],"picked":"HollowMod:SlysStrikes+1","floor":16},{"not_picked":["HollowMod:InfectedAttack","HollowMod:CycloneSlash"],"picked":"HollowMod:VengefulVoid","floor":18},{"not_picked":["HollowMod:SharpenedNail","HollowMod:CoiledNail"],"picked":"HollowMod:InfectedCysts","floor":21}],"player_experience":67497,"relics_obtained":[{"floor":7,"key":"MealTicket"},{"floor":9,"key":"Shuriken"},{"floor":10,"key":"Mercury Hourglass"},{"floor":12,"key":"Frozen Egg 2"}],"event_choices":[{"damage_healed":0,"gold_gain":0,"player_choice":"Success","damage_taken":12,"relics_obtained":["HollowMod:KingsBrand"],"max_hp_gain":0,"max_hp_loss":0,"event_name":"Scrap Ooze","floor":8,"gold_loss":0},{"damage_healed":0,"gold_gain":0,"player_choice":"CARD ","damage_taken":12,"max_hp_gain":0,"max_hp_loss":0,"event_name":"Knowing Skull","floor":19,"potions_obtained":[],"gold_loss":0,"cards_obtained":["Deep Breath"]}],"is_beta":false,"boss_relics":[{"not_picked":["Empty Cage","Velvet Choker"],"picked":"Philosopher\u0027s Stone"}],"items_purged_floors":[20],"is_endless":false,"potions_floor_spawned":[1,3,5,13,16,21],"killed_by":"Shelled Parasite and Fungi","ascension_level":0}}