{"host":"i3w38rq1z4slkels","time":1613128586,"event":{"mods":["2.2 Compatiblity","Act Like it!","BaseMod","Better Match","Better Vampires","BetterRewards","Conspire","Downfall","Hallownest","Minty Spire (QoL Compilation)","Rare Cards Sparkle","Replay The Spire","StSLib","The Bug Knight"],"gold_per_floor":[99,110,130,130,144,144,194,209,226,226,126,141,141,157,172,274,274,274,288,288,304,322,232,232,249,134,134,144,129,129,129,143,240,340,340,359,371,385,485,512,512,512,512,412,432,442,342,355,380,365,378,378,378,378,378,378],"floor_reached":54,"language":"ENG","playtime":4752,"items_purged":["bronze:BugBarrage","bronze:Allocate"],"score":722,"play_id":"6c19375c-57dc-4907-91ec-da0163f9b079","local_time":"20210212181626","is_ascension_mode":false,"campfire_choices":[{"floor":1,"key":"RECALL"},{"data":"bronze:Format","floor":11,"key":"SMITH"},{"data":"bronze:Goto","floor":13,"key":"SMITH"},{"data":"bronze:Verify","floor":18,"key":"SMITH"},{"data":"bronze:SpaghettiCode","floor":27,"key":"SMITH"},{"data":"bronze:Flail","floor":30,"key":"SMITH"},{"data":"bronze:HardenedForm","floor":35,"key":"SMITH"},{"data":"bronze:HyperBeam","floor":44,"key":"SMITH"},{"data":"bronze:Repair","floor":47,"key":"SMITH"}],"circlet_count":0,"master_deck":["bronze:Strike","bronze:Strike","bronze:Strike","bronze:Strike","bronze:Defend","bronze:Defend","bronze:Defend","bronze:Defend","bronze:Goto+1","bronze:Format+1","bronze:Turbo","bronze:CleanCode","bronze:Flail+1","bronze:SpaghettiCode+1","bronze:Verify+1","bronze:Repair+1","bronze:ChildClass","bronze:HyperBeam+1","bronze:HardenedForm+1","bronze:ItsAFeature+1","bronze:Overload+1"],"relics":["bronze:PlatinumCore","Mirror","ReplayTheSpireMod:TigerMarble","downfall:HeartBlessingRed","conspire:SpecialSausage","Replay:Baseball","Replay:Grab Bag","Replay:Wanted Poster","Philosopher\u0027s Stone","Potion Belt","downfall:HeartBlessingGreen","downfall:HeartBlessingBlue","Orichalcum"],"acts_visited":["Exordium","TheCity","TheBeyond","TheEnding"],"potions_floor_usage":[9,14,19,28,28,36,37,38,46,50,54],"damage_taken":[{"damage":0,"enemies":"Small Slimes","floor":2,"turns":3},{"damage":1,"enemies":"Jaw Worm","floor":3,"turns":4},{"damage":1,"enemies":"Cultist","floor":5,"turns":3},{"damage":0,"enemies":"Large Slime","floor":8,"turns":4},{"damage":0,"enemies":"Red Slaver","floor":9,"turns":3},{"damage":7,"enemies":"Blue Slaver","floor":12,"turns":2},{"damage":0,"enemies":"Lots of Slimes","floor":14,"turns":4},{"damage":0,"enemies":"2 Fungi Beasts","floor":15,"turns":2},{"damage":9,"enemies":"WA_ARCHETYPE_RETAIN","floor":16,"turns":4},{"damage":0,"enemies":"Shell Parasite","floor":19,"turns":4},{"damage":0,"enemies":"conspire:FuzzyDice","floor":21,"turns":6},{"damage":0,"enemies":"Snecko","floor":22,"turns":3},{"damage":0,"enemies":"downfall:FleeingMerchant","floor":23,"turns":4},{"damage":7,"enemies":"conspire:HollyBat","floor":25,"turns":8},{"damage":0,"enemies":"downfall:FleeingMerchant","floor":26,"turns":4},{"damage":2,"enemies":"Centurion and Healer","floor":28,"turns":4},{"damage":0,"enemies":"downfall:FleeingMerchant","floor":29,"turns":4},{"damage":20,"enemies":"Snake Plant","floor":32,"turns":6},{"damage":40,"enemies":"IC_MUSHROOM_ARCHETYPE","floor":33,"turns":11},{"damage":14,"enemies":"3 Shapes","floor":36,"turns":7},{"damage":3,"enemies":"3 Darklings","floor":37,"turns":2},{"damage":0,"enemies":"Jaw Worm Horde","floor":38,"turns":2},{"damage":3,"enemies":"HollowMod:StalkingDevout","floor":40,"turns":7},{"damage":5,"enemies":"Writhing Mass","floor":45,"turns":4},{"damage":6,"enemies":"3 Darklings","floor":46,"turns":3},{"damage":10,"enemies":"4 Shapes","floor":48,"turns":4},{"damage":9,"enemies":"Giant Head","floor":49,"turns":7},{"damage":0,"enemies":"downfall:FleeingMerchant","floor":50,"turns":4},{"damage":7,"enemies":"Jaw Worm Horde","floor":51,"turns":6},{"damage":17,"enemies":"SI_POISON_ARCHETYPE","floor":52,"turns":9},{"damage":101,"enemies":"downfall:CharBossMerchant","floor":54,"turns":8}],"seed_played":"5286723750207135783","potions_obtained":[{"floor":3,"key":"SneckoOil"},{"floor":9,"key":"Energy Potion"},{"floor":14,"key":"Flashbang"},{"floor":15,"key":"champ:CounterPotion"},{"floor":21,"key":"Fire Potion"},{"floor":25,"key":"LifebloodPotion"},{"floor":32,"key":"SteroidPotion"},{"floor":33,"key":"sneckomod:MuddlingPotion"},{"floor":36,"key":"sneckomod:MuddlingPotion"},{"floor":40,"key":"Energy Potion"},{"floor":48,"key":"Cursed Concoction"}],"is_trial":false,"path_per_floor":["R","M","M","?","M","?","T","M","M","?","R","M","R","M","M","B",null,"R","M","?","M","M","$","T","M","$","R","M","$","R","?","M","B",null,"R","M","M","M","?","E","T","PTL","PTL","R","M","M","R","M","E","$","M","B",null,"E"],"character_chosen":"THE_AUTOMATON","items_purchased":[],"campfire_rested":0,"item_purchase_floors":[],"current_hp_per_floor":[70,70,69,51,50,50,50,50,50,50,50,43,43,43,43,34,70,70,70,70,70,70,70,70,63,63,63,61,61,61,61,48,15,70,70,56,60,60,60,64,64,64,64,64,66,64,74,64,65,75,78,67,80,0,0,0],"gold":378,"neow_bonus":"ONE_RANDOM_RARE_CARD","is_daily":false,"chose_seed":false,"campfire_upgraded":8,"win_rate":0.0,"timestamp":1613128586,"path_taken":["R","M","M","?","M","?","T","?","M","?","R","M","R","?","M","BOSS","R","M","?","M","M","$","T","M","$","R","?","$","R","?","M","BOSS","R","M","M","M","?","E","T","PTL","PTL","R","?","M","R","M","E","$","M","BOSS","E"],"items_purchased_type":[],"build_version":"2020-12-22","purchased_purges":2,"victory":false,"max_hp_per_floor":[70,70,70,70,70,70,70,70,70,70,70,70,70,70,70,70,70,70,70,70,70,70,70,70,70,70,70,70,70,70,70,70,70,70,70,70,70,70,70,70,70,70,70,70,70,70,80,80,80,80,80,80,80,80,80,80],"card_choices":[{"not_picked":["bronze:DelayedGuard","bronze:Branch"],"picked":"bronze:Allocate","floor":2},{"not_picked":["bronze:FollowUp","bronze:Deprecate","bronze:Backtrace"],"picked":"SKIP","floor":3},{"not_picked":["bronze:Frontload","bronze:FineTuning"],"picked":"bronze:BugBarrage","floor":5},{"not_picked":["bronze:ForceShield","bronze:Invalidate","bronze:CutThrough"],"picked":"SKIP","floor":8},{"not_picked":["bronze:CutThrough","bronze:ForLoop"],"picked":"bronze:Turbo","floor":9},{"not_picked":["bronze:BugBarrage","bronze:WhirlingStrike","bronze:ForLoop"],"picked":"SKIP","floor":12},{"not_picked":["bronze:Turbo","bronze:DigitalCarnage"],"picked":"bronze:Flail","floor":14},{"not_picked":["bronze:BitShift","bronze:WildBeam"],"picked":"bronze:SpaghettiCode","floor":15},{"not_picked":["bronze:ShipIt","bronze:CleanCode"],"picked":"bronze:Verify","floor":16},{"not_picked":["bronze:Branch","bronze:Deprecate","bronze:Iterate"],"picked":"SKIP","floor":19},{"not_picked":["bronze:Turbo","bronze:Return","bronze:BuggyMess+1"],"picked":"SKIP","floor":21},{"not_picked":["bronze:ChosenStrike+1","bronze:FineTuning+1"],"picked":"bronze:Repair","floor":22},{"not_picked":["bronze:OilSpill","bronze:BuggyMess","bronze:WhirlingStrike"],"picked":"SKIP","floor":23},{"not_picked":["bronze:BugBarrage+1","bronze:Branch"],"picked":"bronze:ChildClass","floor":25},{"not_picked":["bronze:DelayedGuard+1","bronze:Allocate+1","bronze:OilSpill"],"picked":"SKIP","floor":26},{"not_picked":["bronze:Shell+1","bronze:DelayedSlice","bronze:Invalidate"],"picked":"SKIP","floor":28},{"not_picked":["bronze:CloningBeam","bronze:Invalidate","bronze:DelayedGuard"],"picked":"SKIP","floor":29},{"not_picked":["bronze:ForLoop","bronze:Overheat"],"picked":"bronze:HyperBeam","floor":32},{"not_picked":["bronze:FindAndReplace","bronze:RecursiveStrike"],"picked":"bronze:HardenedForm","floor":33},{"not_picked":["bronze:BronzeOrb+1","bronze:ForLoop+1","bronze:Turbo"],"picked":"SKIP","floor":36},{"not_picked":["bronze:Branch+1","bronze:Shield","bronze:ChildClass"],"picked":"SKIP","floor":37},{"not_picked":["bronze:WildBeam+1","bronze:ChildClass+1"],"picked":"bronze:ItsAFeature+1","floor":38},{"not_picked":["bronze:Repair","bronze:Shell+1","bronze:Branch"],"picked":"SKIP","floor":40},{"not_picked":["bronze:CutThrough","bronze:WildBeam","bronze:Branch+1"],"picked":"SKIP","floor":45},{"not_picked":["bronze:BugBarrage+1","bronze:Iterate+1","bronze:BuggyMess"],"picked":"SKIP","floor":46},{"not_picked":["bronze:BugBarrage+1","bronze:Philosophize"],"picked":"bronze:Overload+1","floor":48},{"not_picked":["bronze:Assembly","bronze:SpaghettiCode","bronze:Boost"],"picked":"SKIP","floor":49},{"not_picked":["bronze:BuggyMess","bronze:ClassDefault+1","bronze:Frontload"],"picked":"SKIP","floor":50},{"not_picked":["bronze:Turbo+1","bronze:Return+1","bronze:Iterate+1"],"picked":"SKIP","floor":51}],"player_experience":482891,"relics_obtained":[{"floor":7,"key":"ReplayTheSpireMod:TigerMarble"},{"floor":24,"key":"Replay:Baseball"},{"floor":40,"key":"Potion Belt"},{"floor":49,"key":"Orichalcum"}],"event_choices":[{"damage_healed":0,"gold_gain":0,"player_choice":"Success","damage_taken":18,"relics_obtained":["Mirror"],"max_hp_gain":0,"max_hp_loss":0,"event_name":"Scrap Ooze","floor":4,"gold_loss":0},{"damage_healed":0,"gold_gain":0,"player_choice":"Ignored","damage_taken":0,"max_hp_gain":0,"max_hp_loss":0,"event_name":"NoteForYourself","floor":6,"gold_loss":0}],"is_beta":false,"boss_relics":[{"not_picked":["Pandora\u0027s Box","Honey Jar"],"picked":"conspire:SpecialSausage"},{"not_picked":["SlaversCollar","Calling Bell"],"picked":"Replay:Grab Bag"},{"not_picked":["conspire:RoyalGoblet","conspire:SlowCooker"],"picked":"Replay:Wanted Poster"},{"not_picked":["Painkiller Herb","Busted Crown"],"picked":"Philosopher\u0027s Stone"},{"not_picked":["conspire:RunicOctahedron","Ring of Chaos"],"picked":"bronze:PlatinumCore"}],"items_purged_floors":[23,26],"is_endless":false,"potions_floor_spawned":[3,9,14,15,21,25,32,33,36,40,48],"killed_by":"downfall:CharBossMerchant","ascension_level":0}}