{"host":"m552uo5jodlktm3e","time":1613118297,"event":{"mods":["BaseMod","Colored Powertips","Downfall","Minty Spire (QoL Compilation)","Quick Restart","StSLib"],"gold_per_floor":[99,110,123,143,159,194,220,239,239,239,255,255,165,185,199,299,299,299,316,333,344,37,50,50,75,87,97,108,108,118,118,133,232,232,232,251,270,290,304,304,304,314,328,328,328,341,359,57,77,77],"floor_reached":51,"language":"ENG","playtime":3295,"items_purged":["bronze:Strike","bronze:Strike","bronze:Strike","downfall:Haunted"],"score":710,"play_id":"6a0644d4-6c18-4aba-8d80-b4a609369800","local_time":"20210212002457","is_ascension_mode":false,"campfire_choices":[{"data":"bronze:Goto","floor":1.0,"key":"SMITH"},{"floor":12.0,"key":"REST"},{"data":"bronze:RecursiveStrike","floor":18.0,"key":"SMITH"},{"data":"Apotheosis","floor":29.0,"key":"SMITH"},{"data":"bronze:Format","floor":35.0,"key":"SMITH"}],"circlet_count":0,"master_deck":["bronze:Defend+1","bronze:Defend","bronze:Defend","bronze:Replicate","bronze:Goto+1","bronze:WhirlingStrike","bronze:DelayedSlice","bronze:DelayedGuard+1","bronze:Flail","bronze:ForLoop","bronze:BronzeOrb","bronze:RecursiveStrike+1","bronze:Branch","bronze:Backtrace","bronze:RecursiveStrike","bronze:Branch","bronze:Invalidate+1","Apotheosis+1","bronze:FineTuning+1","bronze:Format+1","bronze:MaxOutput+1","bronze:ClassDefault","bronze:AlphaBuild","bronze:Frontload+1","expansioncontent:StudyTheSpire","bronze:HyperBeam","bronze:ThunderWave","bronze:DigitalCarnage"],"relics":["bronze:BronzeCore","War Paint","Happy Flower","Blood Vial","Coffee Dripper","Bottled Flame","Mango","Enchiridion","Cursed Key","Dead Branch","HandDrill"],"acts_visited":["TheCity","TheBeyond"],"potions_floor_usage":[49,50],"damage_taken":[{"damage":1.0,"enemies":"Cultist","floor":2.0,"turns":4.0},{"damage":1.0,"enemies":"Jaw Worm","floor":3.0,"turns":3.0},{"damage":0.0,"enemies":"2 Louse","floor":4.0,"turns":2.0},{"damage":13.0,"enemies":"Lots of Slimes","floor":5.0,"turns":3.0},{"damage":15.0,"enemies":"Gremlin Nob","floor":6.0,"turns":4.0},{"damage":2.0,"enemies":"Blue Slaver","floor":8.0,"turns":4.0},{"damage":0.0,"enemies":"Exordium Thugs","floor":11.0,"turns":2.0},{"damage":10.0,"enemies":"downfall:FleeingMerchant","floor":13.0,"turns":4.0},{"damage":0.0,"enemies":"Large Slime","floor":14.0,"turns":4.0},{"damage":0.0,"enemies":"Blue Slaver","floor":15.0,"turns":1.0},{"damage":6.0,"enemies":"WA_ARCHETYPE_RETAIN","floor":16.0,"turns":4.0},{"damage":4.0,"enemies":"Chosen","floor":19.0,"turns":2.0},{"damage":0.0,"enemies":"3 Byrds","floor":20.0,"turns":3.0},{"damage":0.0,"enemies":"3 Cultists","floor":21.0,"turns":3.0},{"damage":2.0,"enemies":"downfall:FleeingMerchant","floor":22.0,"turns":4.0},{"damage":7.0,"enemies":"Snake Plant","floor":23.0,"turns":2.0},{"damage":0.0,"enemies":"Gremlin Leader","floor":25.0,"turns":4.0},{"damage":0.0,"enemies":"Sentry and Sphere","floor":26.0,"turns":3.0},{"damage":0.0,"enemies":"Centurion and Healer","floor":27.0,"turns":4.0},{"damage":17.0,"enemies":"Snecko","floor":28.0,"turns":4.0},{"damage":0.0,"enemies":"3 Cultists","floor":30.0,"turns":3.0},{"damage":0.0,"enemies":"Sentry and Sphere","floor":32.0,"turns":2.0},{"damage":14.0,"enemies":"DF_ARCHETYPE_CLAW","floor":33.0,"turns":6.0},{"damage":3.0,"enemies":"3 Darklings","floor":36.0,"turns":3.0},{"damage":1.0,"enemies":"3 Shapes","floor":37.0,"turns":2.0},{"damage":1.0,"enemies":"Spire Growth","floor":38.0,"turns":3.0},{"damage":0.0,"enemies":"downfall:FleeingMerchant","floor":39.0,"turns":2.0},{"damage":6.0,"enemies":"Sphere and 2 Shapes","floor":42.0,"turns":2.0},{"damage":0.0,"enemies":"Jaw Worm Horde","floor":43.0,"turns":1.0},{"damage":13.0,"enemies":"4 Shapes","floor":46.0,"turns":2.0},{"damage":9.0,"enemies":"Maw","floor":47.0,"turns":4.0},{"damage":0,"enemies":"Transient","floor":49,"turns":5},{"damage":56,"enemies":"IC_BLOCK_ARCHETYPE","floor":50,"turns":9}],"seed_played":"-8834567242390703837","potions_obtained":[{"floor":3.0,"key":"Dexterity Potion"},{"floor":4.0,"key":"Weak Potion"},{"floor":14.0,"key":"Fruit Juice"},{"floor":15.0,"key":"Strength Potion"},{"floor":19.0,"key":"CultistPotion"},{"floor":25.0,"key":"bronze:BurnAndBuffPotion"},{"floor":33.0,"key":"SpeedPotion"},{"floor":37.0,"key":"DistilledChaos"},{"floor":43.0,"key":"hexamod:SoulburnPotion"}],"is_trial":false,"path_per_floor":["R","M","M","M","M","E","T","M","?","?","M","R","$","M","M","B",null,"R","M","M","M","$","M","T","E","M","M","M","R","M","?","M","B",null,"R","M","M","M","$","?","T","M","M","?","?","M","M","$","M","B",null],"character_chosen":"THE_AUTOMATON","items_purchased":["Apotheosis","expansioncontent:StudyTheSpire","HandDrill"],"campfire_rested":1,"item_purchase_floors":[22,39,48],"current_hp_per_floor":[77,76,75,75,62,47,47,45,3,3,5,28,20,22,29,25,82,82,78,80,82,80,75,75,91,93,95,79,79,81,65,67,55,96,96,93,94,95,96,96,96,90,92,92,92,81,74,74,76,22],"gold":77,"neow_bonus":"TEN_PERCENT_HP_BONUS","is_daily":false,"chose_seed":false,"campfire_upgraded":4,"win_rate":0.0,"timestamp":1613118297,"path_taken":["R","M","M","?","M","E","T","M","?","?","M","R","$","M","M","BOSS","R","M","M","M","$","?","T","E","M","M","M","R","M","?","M","BOSS","R","M","M","M","$","?","T","?","M","?","?","M","M","$","M","BOSS"],"items_purchased_type":["Card","Card","Relic"],"build_version":"2020-12-22","purchased_purges":4,"victory":true,"max_hp_per_floor":[77,77,77,77,77,77,77,77,77,77,77,77,77,77,82,82,82,82,82,82,82,82,82,82,96,96,96,96,96,96,96,96,96,96,96,96,96,96,96,96,96,96,96,96,96,96,96,96,96,96],"card_choices":[{"not_picked":["bronze:BugBarrage","bronze:Repulsor"],"picked":"bronze:WhirlingStrike","floor":2.0},{"not_picked":["bronze:WhirlingStrike","bronze:BronzeArmor"],"picked":"bronze:Overheat","floor":3.0},{"not_picked":["bronze:Shield","bronze:Frontload"],"picked":"bronze:DelayedSlice","floor":4.0},{"not_picked":["bronze:ForceShield","bronze:Turbo"],"picked":"bronze:DelayedGuard","floor":5.0},{"not_picked":["bronze:Philosophize","bronze:NullPointer"],"picked":"bronze:Flail","floor":6.0},{"not_picked":["bronze:Philosophize","bronze:Overheat"],"picked":"bronze:ForLoop","floor":8.0},{"not_picked":["bronze:Optimize","bronze:FollowUp"],"picked":"bronze:BronzeOrb","floor":11.0},{"not_picked":["bronze:Overheat","bronze:HyperBeam"],"picked":"bronze:RecursiveStrike","floor":13.0},{"not_picked":["bronze:DelayedGuard","bronze:WildBeam"],"picked":"bronze:Branch","floor":14.0},{"not_picked":["bronze:Shield","bronze:DelayedGuard"],"picked":"bronze:Backtrace","floor":15.0},{"not_picked":["bronze:HyperBeam","bronze:BurnOut"],"picked":"bronze:RecursiveStrike","floor":16.0},{"not_picked":["bronze:WildBeam","bronze:BuggyMess"],"picked":"bronze:Branch","floor":19.0},{"not_picked":["bronze:Branch","bronze:Allocate","bronze:DelayedSlice"],"picked":"SKIP","floor":20.0},{"not_picked":["bronze:WildBeam","bronze:Frontload"],"picked":"bronze:Invalidate+1","floor":21.0},{"not_picked":["bronze:Deprecate+1","bronze:Safeguard","bronze:Branch"],"picked":"SKIP","floor":22.0},{"not_picked":["bronze:BronzeArmor","bronze:Turbo+1","bronze:Backtrace"],"picked":"SKIP","floor":23.0},{"not_picked":["bronze:OilSpill","bronze:Return"],"picked":"bronze:FineTuning+1","floor":25.0},{"not_picked":["bronze:Backtrace","bronze:BugBarrage+1"],"picked":"bronze:Format","floor":26.0},{"not_picked":["bronze:Deprecate","bronze:Turbo","bronze:WildBeam"],"picked":"SKIP","floor":27.0},{"not_picked":["bronze:DelayedSlice","bronze:Frontload"],"picked":"bronze:MaxOutput+1","floor":28.0},{"not_picked":["bronze:BuggyMess","bronze:Safeguard"],"picked":"bronze:ClassDefault","floor":30.0},{"not_picked":["bronze:Overheat","bronze:Shield","bronze:DelayedGuard"],"picked":"SKIP","floor":32.0},{"not_picked":["bronze:Verify","bronze:CleanCode"],"picked":"bronze:AlphaBuild","floor":33.0},{"not_picked":["bronze:WhirlingStrike","bronze:BugBarrage","bronze:Shield"],"picked":"SKIP","floor":36.0},{"not_picked":["bronze:Invalidate","bronze:DarkDash+1","bronze:BitShift"],"picked":"SKIP","floor":37.0},{"not_picked":["bronze:ChosenStrike+1","bronze:ChildClass"],"picked":"bronze:Frontload+1","floor":38.0},{"not_picked":["bronze:Safeguard+1","bronze:WhirlingStrike+1","bronze:Iterate+1"],"picked":"SKIP","floor":39.0},{"not_picked":["bronze:Frontload","bronze:DarkDash"],"picked":"bronze:ThunderWave","floor":42.0},{"not_picked":["bronze:Frontload","bronze:Flail+1","bronze:BronzeArmor"],"picked":"SKIP","floor":43.0},{"not_picked":["bronze:OilSpill+1","bronze:FollowUp+1","bronze:Repulsor+1"],"picked":"SKIP","floor":46.0},{"not_picked":["bronze:BitShift","bronze:Backtrace"],"picked":"bronze:DigitalCarnage","floor":47.0},{"not_picked":["bronze:Backtrace","bronze:Branch+1","bronze:FineTuning+1"],"picked":"SKIP","floor":49}],"player_experience":1057370,"relics_obtained":[{"floor":6.0,"key":"War Paint"},{"floor":7.0,"key":"Happy Flower"},{"floor":24.0,"key":"Bottled Flame"},{"floor":25.0,"key":"Mango"},{"floor":31.0,"key":"Enchiridion"},{"floor":41.0,"key":"Dead Branch"}],"event_choices":[{"damage_healed":0.0,"max_hp_gain":0.0,"max_hp_loss":0.0,"gold_gain":0.0,"event_name":"Scrap Ooze","player_choice":"Success","floor":9.0,"gold_loss":0.0,"damage_taken":42.0,"relics_obtained":["Blood Vial"]},{"cards_removed":["bronze:Overheat"],"damage_healed":0.0,"max_hp_gain":0.0,"max_hp_loss":0.0,"gold_gain":0.0,"event_name":"Falling","player_choice":"Removed Attack","floor":45.0,"gold_loss":0.0,"damage_taken":0.0}],"is_beta":false,"boss_relics":[{"not_picked":["Calling Bell","Black Star"],"picked":"Coffee Dripper"},{"not_picked":["Velvet Choker","Astrolabe"],"picked":"Cursed Key"}],"items_purged_floors":[13,22,39,48],"is_endless":false,"potions_floor_spawned":[3,4,14,15,19,25,27,28,33,37,38,43],"ascension_level":0}}