{"host":"uiabnm26t0ss3jkq","time":1613150849,"event":{"mods":["BaseMod","Better Note","Better Skull","Better Third Choice","Colored Powertips","Curses Come First","Minty Spire (QoL Compilation)","Relic Stats","Robot Space Explorer","StSLib","SuperFastMode","The Marked","Waifu the Spire"],"gold_per_floor":[118,137,137,157,7,19,48,48,48,48,76,91,91,106,106,203,203,215,140,158,171,190,215,71,71,123,33,33,33,33,49,49,147,147,165,215,231,231,251,278,292,340,365,385,385,32,47,47,47,47,47],"floor_reached":50,"language":"ENG","playtime":3925,"items_purged":["Pain"],"score":529,"play_id":"d28b62b6-318e-4d42-a888-0499df522d83","local_time":"20210212202729","is_ascension_mode":false,"campfire_choices":[{"data":"theMarked:EmpowerWeapon","floor":8.0,"key":"SMITH"},{"data":"theMarked:SoldierOfQuellstein","floor":10.0,"key":"SMITH"},{"data":"theMarked:RepellingDischarge","floor":15.0,"key":"SMITH"},{"data":"theMarked:Challenge","floor":25.0,"key":"SMITH"},{"floor":32,"key":"REST"},{"floor":49,"key":"REST"}],"circlet_count":0,"master_deck":["theMarked:Strike","theMarked:Strike","theMarked:Strike","theMarked:Defend","theMarked:Defend","theMarked:Defend+1","theMarked:Defend+1","theMarked:SoldierOfQuellstein+1","theMarked:ResourceFulStrike+1","theMarked:ContemptForTheProud","theMarked:EmpowerWeapon+1","theMarked:Panic","theMarked:SwordAndMagic+1","theMarked:MysticalArsenal","theMarked:Memento","theMarked:RepellingDischarge+1","theMarked:Challenge+1","theMarked:StartUp","theMarked:Static+1","theMarked:Aftermath","theMarked:TwofoldDefense+1","theMarked:Determination+1","theMarked:Convert","theMarked:GodGivenPower+1","theMarked:BindingBlade","theMarked:WardOff","Blind","theMarked:Generate+1","theMarked:EmpowerWeapon+1","theMarked:Levitate","theMarked:Reabsorb","theMarked:EmpowerWeapon+1"],"relics":["theMarked:ArtifactOfAir","NeowsBlessing","Pen Nib","Turnip","Lizard Tail","FossilizedHelix","WarpedTongs","SlaversCollar","Tiny Chest","Juzu Bracelet","War Paint","Darkstone Periapt","Sozu","Gambling Chip","theMarked:Gun","Torii","Art of War","The Courier","Bronze Scales","Nunchaku","Boot"],"acts_visited":["Exordium","TheCity","TheBeyond"],"potions_floor_usage":[40,50],"damage_taken":[{"damage":0.0,"enemies":"Cultist","floor":1.0,"turns":1.0},{"damage":0.0,"enemies":"2 Louse","floor":2.0,"turns":1.0},{"damage":0.0,"enemies":"Jaw Worm","floor":4.0,"turns":1.0},{"damage":16.0,"enemies":"Lots of Slimes","floor":6.0,"turns":4.0},{"damage":14.0,"enemies":"Gremlin Nob","floor":7.0,"turns":3.0},{"damage":16.0,"enemies":"Lagavulin","floor":11.0,"turns":5.0},{"damage":0.0,"enemies":"3 Louse","floor":12.0,"turns":3.0},{"damage":5.0,"enemies":"Large Slime","floor":14.0,"turns":5.0},{"damage":37.0,"enemies":"The Guardian","floor":16.0,"turns":10.0},{"damage":23.0,"enemies":"3 Byrds","floor":18.0,"turns":7.0},{"damage":8.0,"enemies":"Shell Parasite","floor":20.0,"turns":5.0},{"damage":9.0,"enemies":"Shelled Parasite and Fungi","floor":21.0,"turns":5.0},{"damage":19.0,"enemies":"Snake Plant","floor":22.0,"turns":3.0},{"damage":43.0,"enemies":"Slavers","floor":23.0,"turns":6.0},{"damage":4,"enemies":"Centurion and Healer","floor":31,"turns":7},{"damage":13,"enemies":"Collector","floor":33,"turns":9},{"damage":5,"enemies":"Orb Walker","floor":35,"turns":4},{"damage":0,"enemies":"Mind Bloom Boss Battle","floor":36,"turns":2},{"damage":17,"enemies":"3 Darklings","floor":37,"turns":6},{"damage":0,"enemies":"Maw","floor":39,"turns":8},{"damage":0,"enemies":"Nemesis","floor":40,"turns":5},{"damage":20,"enemies":"Jaw Worm Horde","floor":41,"turns":4},{"damage":16,"enemies":"2 Orb Walkers","floor":42,"turns":5},{"damage":1,"enemies":"Sphere and 2 Shapes","floor":44,"turns":6},{"damage":0,"enemies":"Transient","floor":47,"turns":5},{"damage":65,"enemies":"Time Eater","floor":50,"turns":5}],"seed_played":"1872769148970301060","potions_obtained":[{"floor":6.0,"key":"Regen Potion"},{"floor":7.0,"key":"SkillPotion"},{"floor":11.0,"key":"Regen Potion"},{"floor":22.0,"key":"Block Potion"},{"floor":31,"key":"Explosive Potion"},{"floor":33,"key":"ColorlessPotion"}],"is_trial":false,"path_per_floor":["M","M","?","M","$","M","E","R","T","R","E","M","?","M","R","B",null,"M","$","M","M","M","E","$","R","T","?","?","?","T","M","R","B",null,"M","?","M","?","M","E","M","?","T","M","T","$","M","?","R","B"],"character_chosen":"THE_DEFAULT","items_purchased":["Pen Nib","Juzu Bracelet","Bronze Scales","Nunchaku","Boot"],"campfire_rested":2,"item_purchase_floors":[5,24,46,46,46],"current_hp_per_floor":[70,70,70,70,70,54,40,40,40,40,38,38,38,33,33,11,70,47,47,39,30,11,5,5,5,5,5,5,5,5,1,22,9,70,65,65,48,48,48,48,28,12,12,11,11,11,11,11,32,0,0],"gold":47,"neow_bonus":"THREE_ENEMY_KILL","is_daily":false,"chose_seed":false,"campfire_upgraded":4,"win_rate":0.0,"timestamp":1613150849,"path_taken":["M","?","?","?","$","M","E","R","T","R","E","M","?","?","R","BOSS","M","$","M","M","M","E","$","R","T","?","?","?","?","M","R","BOSS","M","?","M","?","M","E","M","?","T","M","?","$","M","?","R","BOSS"],"items_purchased_type":["Relic","Relic","Relic","Relic","Relic"],"build_version":"2020-12-22","purchased_purges":1,"victory":false,"max_hp_per_floor":[70,70,70,70,70,70,70,70,70,70,70,70,70,70,70,70,70,70,70,70,70,70,70,70,70,70,70,70,70,70,70,70,70,70,70,70,70,70,70,70,70,70,70,70,70,70,70,70,70,70,70],"relic_stats":{"Darkstone Periapt":0,"Torii":4,"counters":[26,125],"Pen Nib":[23],"Juzu Bracelet":2,"War Paint":["theMarked:Defend","theMarked:Defend"],"Boot":[0],"WarpedTongs":[105],"Sozu":4,"Lizard Tail":35,"Nunchaku":[2],"Gambling Chip":[14],"Bronze Scales":[36],"Tiny Chest":2,"Turnip":[15],"Art of War":[0],"obtain_stats":[{"Darkstone Periapt":30,"theMarked:Gun":40,"NeowsBlessing":0,"Torii":42,"Pen Nib":5,"The Courier":45,"Juzu Bracelet":24,"War Paint":26,"Boot":46,"WarpedTongs":13,"Sozu":34,"theMarked:ArtifactOfAir":0,"SlaversCollar":17,"Lizard Tail":9,"Nunchaku":46,"Gambling Chip":36,"Bronze Scales":46,"Tiny Chest":23,"Turnip":7,"Art of War":43,"FossilizedHelix":11},{"Darkstone Periapt":14,"theMarked:Gun":21,"NeowsBlessing":0,"Torii":23,"Pen Nib":3,"The Courier":24,"Juzu Bracelet":14,"War Paint":14,"Boot":24,"WarpedTongs":7,"Sozu":16,"theMarked:ArtifactOfAir":0,"SlaversCollar":9,"Lizard Tail":5,"Nunchaku":24,"Gambling Chip":18,"Bronze Scales":24,"Tiny Chest":14,"Turnip":5,"Art of War":23,"FossilizedHelix":6},{"Darkstone Periapt":59,"theMarked:Gun":100,"NeowsBlessing":0,"Torii":109,"Pen Nib":3,"The Courier":115,"Juzu Bracelet":59,"War Paint":59,"Boot":115,"WarpedTongs":18,"Sozu":75,"theMarked:ArtifactOfAir":0,"SlaversCollar":33,"Lizard Tail":10,"Nunchaku":115,"Gambling Chip":81,"Bronze Scales":115,"Tiny Chest":59,"Turnip":10,"Art of War":109,"FossilizedHelix":15}]},"card_choices":[{"not_picked":["theMarked:Parkour","theMarked:Memento"],"picked":"theMarked:ResourceFulStrike","floor":1.0},{"not_picked":["theMarked:Improvise","theMarked:BanishingStrike"],"picked":"theMarked:ContemptForTheProud","floor":2.0},{"not_picked":["theMarked:RepellingDischarge","theMarked:Polarize"],"picked":"theMarked:EmpowerWeapon","floor":4.0},{"not_picked":["theMarked:WardOff","theMarked:WastefulAttack"],"picked":"theMarked:Panic","floor":6.0},{"not_picked":["theMarked:Frustration","theMarked:TurnInvisible"],"picked":"theMarked:SwordAndMagic","floor":7.0},{"not_picked":["theMarked:MuscleMemory","theMarked:BanishingStrike"],"picked":"theMarked:MysticalArsenal","floor":11.0},{"not_picked":["theMarked:Frustration","theMarked:Electrocute"],"picked":"theMarked:Memento","floor":12.0},{"not_picked":["theMarked:Indomitable","theMarked:ChainLightning"],"picked":"theMarked:RepellingDischarge","floor":14.0},{"not_picked":["theMarked:FavorableWinds","theMarked:SuspiciousRaven"],"picked":"theMarked:Challenge","floor":16.0},{"not_picked":["theMarked:Frustration","theMarked:WastefulAttack"],"picked":"theMarked:StartUp","floor":18.0},{"not_picked":["theMarked:Overcharge","theMarked:MysticalArsenal"],"picked":"theMarked:Static+1","floor":20.0},{"not_picked":["theMarked:WastefulAttack","theMarked:TwofoldDefense"],"picked":"theMarked:Aftermath","floor":21.0},{"not_picked":["theMarked:TakeCover","theMarked:SwordAndMagic"],"picked":"theMarked:TwofoldDefense+1","floor":22.0},{"not_picked":["theMarked:Maelstrom","theMarked:HeightenedSenses"],"picked":"theMarked:Determination+1","floor":23.0},{"not_picked":["theMarked:SelfDefenseTraining","theMarked:Electrify"],"picked":"theMarked:GodGivenPower+1","floor":31},{"not_picked":["theMarked:TakeOffHeels","theMarked:SuspiciousRaven"],"picked":"theMarked:BindingBlade","floor":33},{"not_picked":["theMarked:SwordAndMagic+1","theMarked:TakeCover","theMarked:HeightenedSenses"],"picked":"SKIP","floor":35},{"not_picked":["theMarked:ContemptForTheProud+1","theMarked:Friction"],"picked":"theMarked:WardOff","floor":36},{"not_picked":["theMarked:SwordAndMagic+1","theMarked:TakeCover+1","theMarked:Parry"],"picked":"SKIP","floor":37},{"not_picked":["Jack Of All Trades","Trip"],"picked":"Blind","floor":38},{"not_picked":["theMarked:MysticalArsenal","theMarked:Frustration","theMarked:BanishingStrike+1"],"picked":"SKIP","floor":39},{"not_picked":["theMarked:TakeCover+1","theMarked:Indomitable+1"],"picked":"theMarked:Generate+1","floor":40},{"not_picked":["theMarked:WastefulAttack+1","theMarked:TakeCover+1"],"picked":"theMarked:EmpowerWeapon","floor":41},{"not_picked":["theMarked:Convert","theMarked:Memento+1"],"picked":"theMarked:Levitate","floor":42},{"not_picked":["theMarked:HeightenedSenses","theMarked:EmpowerWeapon"],"picked":"theMarked:Reabsorb","floor":44},{"not_picked":["theMarked:TwofoldDefense+1","theMarked:KeepCalmAndFight"],"picked":"theMarked:EmpowerWeapon+1","floor":47}],"player_experience":411152,"relics_obtained":[{"floor":7.0,"key":"Turnip"},{"floor":9.0,"key":"Lizard Tail"},{"floor":11.0,"key":"FossilizedHelix"},{"floor":23.0,"key":"Tiny Chest"},{"floor":26.0,"key":"War Paint"},{"floor":30,"key":"Darkstone Periapt"},{"floor":36,"key":"Gambling Chip"},{"floor":40,"key":"theMarked:Gun"},{"floor":42,"key":"Torii"},{"floor":43,"key":"Art of War"},{"floor":45,"key":"The Courier"}],"event_choices":[{"damage_healed":0.0,"max_hp_gain":0.0,"max_hp_loss":0.0,"gold_gain":0.0,"event_name":"Upgrade Shrine","player_choice":"Upgraded","floor":3.0,"gold_loss":0.0,"damage_taken":0.0,"cards_upgraded":["theMarked:ResourceFulStrike"]},{"damage_healed":0.0,"max_hp_gain":0.0,"max_hp_loss":0.0,"gold_gain":0.0,"event_name":"Accursed Blacksmith","player_choice":"Rummage","floor":13.0,"gold_loss":0.0,"damage_taken":0.0,"relics_obtained":["WarpedTongs"],"cards_obtained":["Pain"]},{"cards_removed":["theMarked:Strike"],"damage_healed":0.0,"max_hp_gain":0.0,"max_hp_loss":0.0,"gold_gain":0.0,"event_name":"Designer","player_choice":"Upgrade and Remove","floor":27.0,"gold_loss":90.0,"damage_taken":0.0,"cards_upgraded":["theMarked:SwordAndMagic"]},{"damage_healed":0,"gold_gain":0,"player_choice":"Ignored","damage_taken":0,"max_hp_gain":0,"max_hp_loss":0,"event_name":"betterNote:BetterNote","floor":28,"gold_loss":0,"cards_obtained":["Decay"]},{"damage_healed":0,"gold_gain":0,"cards_transformed":["theMarked:Strike"],"player_choice":"Transformed","damage_taken":0,"max_hp_gain":0,"max_hp_loss":0,"event_name":"Transmorgrifier","floor":29,"gold_loss":0,"cards_obtained":["theMarked:Convert"]},{"damage_healed":0,"gold_gain":0,"player_choice":"Fight","damage_taken":0,"max_hp_gain":0,"max_hp_loss":0,"event_name":"MindBloom","floor":36,"gold_loss":0},{"damage_healed":0,"gold_gain":0,"player_choice":"Memory 1","damage_taken":0,"max_hp_gain":0,"max_hp_loss":0,"event_name":"SensoryStone","floor":38,"gold_loss":0},{"damage_healed":0,"gold_gain":0,"player_choice":"Fight","damage_taken":0,"max_hp_gain":0,"max_hp_loss":0,"event_name":"Mysterious Sphere","floor":42,"gold_loss":0},{"damage_healed":0,"gold_gain":0,"player_choice":"Upgraded","damage_taken":0,"max_hp_gain":0,"max_hp_loss":0,"event_name":"Upgrade Shrine","floor":48,"gold_loss":0,"cards_upgraded":["theMarked:EmpowerWeapon"]}],"is_beta":false,"boss_relics":[{"not_picked":["Pandora\u0027s Box","Runic Pyramid"],"picked":"SlaversCollar"},{"not_picked":["Coffee Dripper","Runic Dome"],"picked":"Sozu"}],"items_purged_floors":[19],"is_endless":false,"potions_floor_spawned":[6,7,11,22,31,33,40,41,42,47],"killed_by":"Time Eater","ascension_level":0}}