{"host":"q57ekfojy3i00x9o","time":1613158783,"event":{"mods":["Act Like it!","Arknights","Aspiration","BaseMod","Colored Map","Energized Spire","Hermit","Minty Spire (QoL Compilation)","Quick Restart","Spicy Shops","Spikes Relics","StSLib","slay the spire mod where everything is the same but ironclad has a cowboy hat"],"gold_per_floor":[361,166,166,189,264,308,308,308,331,354,370,406,406,433,433,558,558,579,579,434,454,478,478,393,437,437,471,485,485,227,261,261,380,380,404,428,428,761,773,773,799,817,817,817,651,690,2,35,35,35],"floor_reached":51,"language":"RUS","playtime":1891,"items_purged":["Writhe","ats:Strike C+1","Shame","ats:Blood Oath+1"],"score":1036,"play_id":"3ebc013e-41ef-4af8-a9bb-25b4f4f6c055","local_time":"20210213003943","is_ascension_mode":true,"campfire_choices":[{"floor":7.0,"key":"REST"},{"floor":15.0,"key":"REST"},{"data":"ats:Ambush","floor":23.0,"key":"SMITH"},{"data":"ats:Nebulous Foxfire","floor":32.0,"key":"SMITH"},{"data":"ats:Echo Reverb","floor":40.0,"key":"SMITH"},{"floor":49,"key":"REST"}],"circlet_count":0,"master_deck":["ats:Strike S+1","ats:Armor Crushing Shot+1","ats:Defend","ats:Defend","ats:Defend","ats:Emotion Absorption","ats:Closed Bolt Burst Fire+1","ats:Shell Defense","ats:Explosion Area Strengthen+1","ats:Overload+1","ats:Cat Scratch+1","ats:Nebulous Foxfire+1","ats:Ambush+1","ats:Explosion Area Strengthen","ats:Overload","ats:Apocalypse","ats:Red Shift+1","ats:Powerful Strike","ats:Powerful Strike+1","ats:Flexible Camouflage","ats:Explosion Area Strengthen","ats:Leaping Hammer+1","ats:Echo Reverb+1","ats:Dogmatic Field+1","ats:Burning Ground+1","ats:Fractured Body+1","ats:Collapsing Strike+1","ats:Poison Spread+1","ats:Sashimi Platter","Dark Shackles","ats:Sword Rain","ats:Curse Doll+1","ats:Sashimi Platter","ats:Mental Burst","Finesse","Pride","ats:Flexible Camouflage+1"],"relics":["ats:Sanity","ats:Originium","RoseTintedShades","ats:Berate","Juzu Bracelet","energizedSpire:MagnifyingGlass","TheAbacus","aspiration:Lifesprig","Ornamental Fan","ats:Omniscience","Bottled Flame","Membership Card","aspiration:ChemicalBlood","Astrolabe","Regal Pillow","SpikesRelics:ToyHorsey","Lee\u0027s Waffle","Toolbox","ats:Gyao","Bottled Lightning","Centennial Puzzle","Sling","ats:Cure"],"acts_visited":["Exordium","TheCity","TheBeyond"],"potions_floor_usage":[50,50,50,50,50,50,50],"damage_taken":[{"damage":6.0,"enemies":"Cultist","floor":1.0,"turns":4.0},{"damage":3.0,"enemies":"ats:Genji","floor":4.0,"turns":3.0},{"damage":43.0,"enemies":"Lagavulin","floor":6.0,"turns":7.0},{"damage":5.0,"enemies":"Small Slimes","floor":10.0,"turns":2.0},{"damage":7.0,"enemies":"Looter","floor":11.0,"turns":3.0},{"damage":15.0,"enemies":"3 Sentries","floor":12.0,"turns":4.0},{"damage":30.0,"enemies":"The Guardian","floor":16.0,"turns":10.0},{"damage":16.0,"enemies":"3 Byrds","floor":18.0,"turns":4.0},{"damage":19.0,"enemies":"Shell Parasite","floor":21.0,"turns":4.0},{"damage":8.0,"enemies":"Centurion and Healer","floor":22.0,"turns":4.0},{"damage":17.0,"enemies":"Gremlin Leader","floor":25.0,"turns":5.0},{"damage":6.0,"enemies":"Slavers","floor":27.0,"turns":5.0},{"damage":16.0,"enemies":"Snake Plant","floor":28.0,"turns":4.0},{"damage":10.0,"enemies":"Book of Stabbing","floor":31.0,"turns":5.0},{"damage":26.0,"enemies":"Collector","floor":33.0,"turns":9.0},{"damage":12.0,"enemies":"Orb Walker","floor":35.0,"turns":4.0},{"damage":14.0,"enemies":"3 Shapes","floor":36.0,"turns":3.0},{"damage":0.0,"enemies":"Sphere and 2 Shapes","floor":39.0,"turns":4.0},{"damage":51.0,"enemies":"Giant Head","floor":41.0,"turns":9.0},{"damage":16.0,"enemies":"Jaw Worm Horde","floor":42.0,"turns":4.0},{"damage":55.0,"enemies":"4 Shapes","floor":46.0,"turns":4.0},{"damage":4,"enemies":"Sphere and 2 Shapes","floor":48,"turns":4},{"damage":84,"enemies":"Time Eater","floor":50,"turns":11}],"seed_played":"-4215835049877455081","potions_obtained":[{"floor":6.0,"key":"ats:Burn Big Potion"},{"floor":11.0,"key":"SneckoOil"},{"floor":12.0,"key":"Regen Potion"},{"floor":21.0,"key":"Strength Potion"},{"floor":25.0,"key":"ats:Emergency Sanity Potion"},{"floor":31.0,"key":"ColorlessPotion"},{"floor":36.0,"key":"SteroidPotion"},{"floor":41.0,"key":"Fire Potion"},{"floor":41.0,"key":"SkillPotion"},{"floor":42.0,"key":"Explosive Potion"}],"is_trial":false,"path_per_floor":["M","$","?","M","?","E","R","?","T","M","M","E","?","T","R","B",null,"M","?","$","M","M","R","?","E","T","E","M","?","$","E","R","B",null,"M","M","?","?","M","R","E","M","T","?","$","M","$","M","R","B",null],"character_chosen":"DOCTOR_CLASS","items_purchased":["ats:Shell Defense","ats:Red Shift","TheAbacus","ats:Overload","Membership Card","ats:Flexible Camouflage","ats:Explosion Area Strengthen","Lee\u0027s Waffle","Toolbox","ats:Sword Rain","ats:Gyao","ats:Sashimi Platter","ats:Mental Burst","Bottled Lightning","SteroidPotion","SteroidPotion","Finesse","Centennial Puzzle","Sling","ats:Cure"],"campfire_rested":3,"item_purchase_floors":[2,2,20,20,30,30,30,45,45,45,47,47,47,47,47,47,47,47,47,47],"current_hp_per_floor":[59,59,59,56,45,5,25,47,47,42,35,20,20,20,40,63,66,56,56,56,42,44,44,44,41,41,49,42,67,67,61,61,44,61,49,39,39,39,47,47,27,12,12,12,74,40,40,56,74,6],"gold":35,"neow_bonus":"TWO_FIFTY_GOLD","is_daily":false,"chose_seed":false,"campfire_upgraded":3,"win_rate":0.0,"timestamp":1613158783,"path_taken":["M","$","?","M","?","E","R","?","T","M","M","E","?","?","R","BOSS","M","?","$","M","M","R","?","E","T","E","M","?","$","E","R","BOSS","BOSS","M","M","?","?","M","R","E","M","T","?","$","M","$","M","R","BOSS"],"items_purchased_type":["Card","Card","Relic","Card","Relic","Card","Card","Relic","Relic","Card","Relic","Card","Card","Relic","Potion","Potion","Card","Relic","Relic","Relic"],"build_version":"2020-12-22","purchased_purges":4,"victory":true,"max_hp_per_floor":[72,72,67,67,67,67,67,67,67,67,67,67,67,67,67,67,67,67,67,67,67,67,67,67,67,67,67,67,67,67,67,67,67,67,67,67,67,67,67,67,67,67,67,67,74,74,74,74,74,74],"card_choices":[{"not_picked":["ats:Apocalypse","ats:Shell Defense"],"picked":"ats:Closed Bolt Burst Fire","floor":1.0},{"not_picked":["ats:Cat Scratch","ats:Consecutive Shot Auto"],"picked":"ats:Explosion Area Strengthen","floor":4.0},{"not_picked":["ats:Steam Pump","ats:Powerful Strike"],"picked":"ats:Overload","floor":6.0},{"not_picked":["ats:Spore Proliferation","ats:Collapsing Strike"],"picked":"ats:Neurotoxin","floor":10.0},{"not_picked":["ats:Composite Medical Shells","ats:Very Hot Blade"],"picked":"ats:Cat Scratch","floor":11.0},{"not_picked":["ats:Burning Ground","ats:Encircling Forest"],"picked":"ats:Nebulous Foxfire","floor":12.0},{"not_picked":["ats:Echo Reverb","ats:Rat Pack"],"picked":"ats:Ambush","floor":16.0},{"not_picked":["ats:Guard Mode+1","ats:Magnetic Hammer"],"picked":"ats:Explosion Area Strengthen","floor":18.0},{"not_picked":["ats:Thorns+1","ats:Leaping Hammer"],"picked":"ats:Apocalypse","floor":21.0},{"not_picked":["ats:Serious Mode","ats:Flexible Camouflage"],"picked":"ats:Red Shift+1","floor":22.0},{"not_picked":["ats:Hammer On","ats:Collapsing Strike"],"picked":"ats:Powerful Strike","floor":25.0},{"not_picked":["ats:Fractured Body","ats:Healing Drone","ats:Defend Order"],"picked":"SKIP","floor":27.0},{"not_picked":["ats:Sword Rain+1","ats:Guard Mode+1"],"picked":"ats:Powerful Strike+1","floor":28.0},{"not_picked":["ats:Directed Diagnosis","ats:Assault Order"],"picked":"ats:Leaping Hammer+1","floor":31.0},{"not_picked":["ats:True Silver Slash","ats:Disruption Kick"],"picked":"ats:Echo Reverb","floor":33.0},{"not_picked":["ats:Phantom","ats:Assault Order"],"picked":"ats:Blood Oath+1","floor":35.0},{"not_picked":["ats:Demon Strength","ats:Revitalization"],"picked":"ats:Collapsing Strike+1","floor":36.0},{"not_picked":["ats:Guard Mode","ats:Thorns"],"picked":"ats:Poison Spread+1","floor":39.0},{"not_picked":["ats:Chain Hook","ats:Shadow Assault"],"picked":"ats:Sashimi Platter","floor":41.0},{"not_picked":["ats:Serious Mode+1","ats:Ignite","ats:Sunburst+1"],"picked":"SKIP","floor":42.0},{"not_picked":["Magnetism","Secret Technique"],"picked":"Dark Shackles","floor":44.0},{"not_picked":["ats:Leaping Hammer+1","ats:Flame Of Heaven"],"picked":"ats:Curse Doll+1","floor":46.0},{"not_picked":["ats:Song Of Battle+1","ats:Charging Defense"],"picked":"ats:Flexible Camouflage+1","floor":48}],"player_experience":760457,"relics_obtained":[{"floor":6.0,"key":"ats:Originium"},{"floor":6.0,"key":"RoseTintedShades"},{"floor":9.0,"key":"ats:Berate"},{"floor":12.0,"key":"ats:Originium"},{"floor":12.0,"key":"Oddly Smooth Stone"},{"floor":14.0,"key":"Juzu Bracelet"},{"floor":25.0,"key":"ats:Originium"},{"floor":25.0,"key":"Ornamental Fan"},{"floor":26.0,"key":"ats:Omniscience"},{"floor":27.0,"key":"ats:Originium"},{"floor":27.0,"key":"Bottled Flame"},{"floor":31.0,"key":"aspiration:ChemicalBlood"},{"floor":41.0,"key":"Regal Pillow"},{"floor":43.0,"key":"SpikesRelics:ToyHorsey"}],"event_choices":[{"damage_healed":0.0,"max_hp_gain":0.0,"max_hp_loss":5.0,"gold_gain":0.0,"event_name":"Golden Idol","player_choice":"Lose Max HP","floor":3.0,"gold_loss":0.0,"damage_taken":0.0,"relics_obtained":["Golden Idol"]},{"damage_healed":0.0,"max_hp_gain":0.0,"max_hp_loss":0.0,"gold_gain":75.0,"event_name":"World of Goop","player_choice":"Gather Gold","floor":5.0,"gold_loss":0.0,"damage_taken":11.0},{"damage_healed":22.0,"max_hp_gain":0.0,"max_hp_loss":0.0,"gold_gain":0.0,"event_name":"Big Fish","player_choice":"Banana","floor":8.0,"gold_loss":0.0,"damage_taken":0.0},{"damage_healed":0.0,"max_hp_gain":0.0,"max_hp_loss":0.0,"gold_gain":0.0,"event_name":"Ghosts","player_choice":"Ignored","floor":19.0,"gold_loss":0.0,"damage_taken":0.0},{"damage_healed":0.0,"max_hp_gain":0.0,"max_hp_loss":0.0,"gold_gain":0.0,"event_name":"Addict","player_choice":"Obtained Relic","floor":24.0,"gold_loss":85.0,"damage_taken":0.0,"relics_obtained":["aspiration:Lifesprig"]},{"cards_removed":["ats:Red Shift"],"damage_healed":25.0,"max_hp_gain":0.0,"max_hp_loss":0.0,"gold_gain":0.0,"event_name":"Bonfire Elementals","player_choice":"Offered Uncommon","floor":29.0,"gold_loss":0.0,"damage_taken":0.0},{"cards_removed":["ats:Neurotoxin"],"damage_healed":0.0,"max_hp_gain":0.0,"max_hp_loss":0.0,"gold_gain":0.0,"event_name":"Falling","player_choice":"Removed Power","floor":37.0,"gold_loss":0.0,"damage_taken":0.0},{"damage_healed":0.0,"max_hp_gain":0.0,"max_hp_loss":0.0,"gold_gain":333.0,"event_name":"The Moai Head","player_choice":"Gave Idol","floor":38.0,"relics_lost":["Golden Idol"],"gold_loss":0.0,"damage_taken":0.0},{"damage_healed":0.0,"max_hp_gain":0.0,"max_hp_loss":0.0,"gold_gain":0.0,"event_name":"SensoryStone","player_choice":"Memory 1","floor":44.0,"gold_loss":0.0,"damage_taken":0.0}],"is_beta":false,"boss_relics":[{"not_picked":["aspiration:PoetsPen_weak","energizedSpire:RedRose"],"picked":"energizedSpire:MagnifyingGlass"},{"not_picked":["energizedSpire:StickyHand","Velvet Choker"],"picked":"Astrolabe"}],"items_purged_floors":[2,30,45,47],"is_endless":false,"potions_floor_spawned":[6,11,12,21,25,31,36,41,42],"ascension_level":7}}