{"host":"7jvlg611gq73pwus","time":1613146791,"event":{"mods":["Act Like it!","Arknights","BaseMod","Friendly Minions","Gold Saver","KOR Keyword Fix","KinomotoSakuraMod(ÙÊñýÜâ?)","Lobotomy","Marisa£¨Ùöéë¡¡Øª×âÞÞ£©","Minty Spire (QoL Compilation)","Prisma Mod","Replay The Spire","StSLib","Td1madao Mod","The Animator","The Bug Knight","The Hierophant"],"gold_per_floor":[805,805,880,659,677,718,718,752,820,820,833,871,895,911,911,1032,1032,1052,1052,292,305,329,329,329,329,329,329,343,343,383,406,406,406,406],"floor_reached":33,"language":"KOR","playtime":1779,"items_purged":["PrismaMod:IllyaCommonAttack","PrismaMod:IllyaCommonAttack"],"score":365,"play_id":"771a4c05-6c3d-4fcf-a95a-0673cbb63f41","local_time":"20210213011951","is_ascension_mode":false,"campfire_choices":[{"floor":10.0,"key":"REST"},{"floor":15.0,"key":"DIG"},{"floor":23,"key":"RECALL"},{"data":"Pot Of Greed","floor":25,"key":"SMITH"},{"data":"Pot Of Greed","floor":27,"key":"SMITH"},{"data":"Pot Of Greed","floor":29,"key":"SMITH"},{"floor":32,"key":"REST"}],"circlet_count":0,"master_deck":["PrismaMod:IllyaCommonDefend","PrismaMod:IllyaCommonDefend","PrismaMod:IllyaCommonDefend","PrismaMod:IllyaCommonDefend","PrismaMod:IllyaCommonDefend","PrismaMod:IllyaUncommonAttack+1","PrismaMod:IllyaUncommonDefend","PrismaMod:IllyaUberPoisonChannel","PrismaMod:IllyaCheapChannelPoison","PrismaMod:IllyaPoisonTippedWeapons","PrismaMod:IllyaBlindPoisonToss","PrismaMod:IllyaBoysLove","PrismaMod:IllyaUberChannel","PrismaMod:IllyaCheapChannelDefend","PrismaMod:IllyaCheapDefend","PrismaMod:IllyaInstallCaster","PrismaMod:IllyaBlindPoisonToss","PrismaMod:IllyaPoisoningPhantasm","PrismaMod:IllyaRussianRoulette","PrismaMod:IllyaCommonEvoke","PrismaMod:IllyaCarnivalDefend","PrismaMod:IllyaPoisoningPhantasm","Pot Of Greed+1","Pot Of Greed+1","PrismaMod:IllyaRussianRoulette+1","Pot Of Greed+1","PrismaMod:IllyaCarnivalAttack","PrismaMod:IllyaHassanGift","Transmutation","Deep Breath","Violence","PrismaMod:IllyaFeed","Bite","Bite","Bite","Bite","Bite","PrismaMod:IllyaBlindPoisonToss","Pot Of Greed","PrismaMod:IllyaCarnivalPrismaAstolfo","PrismaMod:IllyaBoysLove"],"relics":["PrismaMod:PrismaRuby","Golden Idol","Orrery","Art of War","Whetstone","Iron Hammer","MealTicket","Empty Cage","Nloth\u0027s Gift","Grinning Jar","ReplayTheSpireMod:ShopPack","Dream Catcher","Replay:WaspNest","Red Mask"],"acts_visited":["Exordium","TheCity"],"potions_floor_usage":[16,16,16,33,33],"damage_taken":[{"damage":0.0,"enemies":"Small Slimes","floor":1.0,"turns":4.0},{"damage":1.0,"enemies":"Jaw Worm","floor":5.0,"turns":5.0},{"damage":7.0,"enemies":"Lagavulin","floor":6.0,"turns":6.0},{"damage":24.0,"enemies":"Gremlin Nob","floor":8.0,"turns":4.0},{"damage":0.0,"enemies":"Cultist","floor":11.0,"turns":4.0},{"damage":2.0,"enemies":"Replay:BlueRogue","floor":12.0,"turns":5.0},{"damage":0.0,"enemies":"Large Slime","floor":13.0,"turns":4.0},{"damage":9.0,"enemies":"3 Louse","floor":14.0,"turns":3.0},{"damage":8,"enemies":"Fading Forest","floor":16,"turns":11},{"damage":12,"enemies":"2 Thieves","floor":18,"turns":4},{"damage":0,"enemies":"Spheric Guardian","floor":21,"turns":2},{"damage":24,"enemies":"Snecko","floor":22,"turns":4},{"damage":8,"enemies":"3 Cultists","floor":28,"turns":3},{"damage":38,"enemies":"Masked Bandits","floor":30,"turns":4},{"damage":15,"enemies":"Shelled Parasite and Fungi","floor":31,"turns":5},{"damage":36,"enemies":"Automaton","floor":33,"turns":5}],"seed_played":"-2528337718204465511","potions_obtained":[{"floor":6.0,"key":"SpeedPotion"},{"floor":8.0,"key":"FearPotion"},{"floor":11.0,"key":"Milkshake"},{"floor":13.0,"key":"EssenceOfSteel"},{"floor":16,"key":"LiquidBronze"},{"floor":28,"key":"PowerPotion"},{"floor":30,"key":"Dexterity Potion"}],"is_trial":false,"path_per_floor":["M","?","?","$","M","E","?","E","T","R","M","E","M","M","R","B",null,"M","?","$","M","M","R","?","R","T","R","M","R","?","M","R","B"],"character_chosen":"ILLYA","items_purchased":["Orrery","Grinning Jar","PrismaMod:IllyaRussianRoulette+1","ReplayTheSpireMod:ShopPack","PrismaMod:IllyaCarnivalAttack","Dream Catcher","PrismaMod:IllyaHassanGift"],"campfire_rested":2,"item_purchase_floors":[4,20,20,20,20,20,20],"current_hp_per_floor":[75,57,46,46,45,38,31,7,7,41,41,39,39,30,42,44,75,63,63,75,75,51,51,51,51,51,51,44,44,6,7,22,0,0],"gold":406,"neow_bonus":"ONE_RANDOM_RARE_CARD","is_daily":false,"chose_seed":false,"campfire_upgraded":3,"win_rate":0.0,"timestamp":1613146791,"path_taken":["M","?","?","?","?","E","?","E","T","R","M","E","M","M","R","BOSS","M","?","$","?","M","R","?","R","T","R","M","R","?","M","R","BOSS"],"items_purchased_type":["Relic","Relic","Card","Relic","Card","Relic","Card"],"build_version":"2020-12-22","purchased_purges":2,"victory":false,"max_hp_per_floor":[75,75,75,75,75,75,75,75,75,75,75,75,75,75,75,75,75,75,75,75,75,75,75,52,52,52,52,52,52,52,52,52,55,55],"card_choices":[{"not_picked":["PrismaMod:IllyaGun","PrismaMod:IllyaBoysLove"],"picked":"PrismaMod:IllyaCheapChannelPoison","floor":1.0},{"not_picked":["PrismaMod:IllyaAOECommonAttack","PrismaMod:IllyaCheapChannelDefend"],"picked":"PrismaMod:IllyaPoisonTippedWeapons","floor":4.0},{"not_picked":["PrismaMod:IllyaGun","PrismaMod:IllyaInstallSaber"],"picked":"PrismaMod:IllyaBlindPoisonToss","floor":4.0},{"not_picked":["PrismaMod:IllyaMinorZwei","PrismaMod:IllyaStunPoison"],"picked":"PrismaMod:IllyaBoysLove","floor":4.0},{"not_picked":["PrismaMod:IllyaCheapChannelAttack","PrismaMod:IllyaSaphire"],"picked":"PrismaMod:IllyaUberChannel","floor":4.0},{"not_picked":["PrismaMod:IllyaSaphire","PrismaMod:IllyaGun"],"picked":"PrismaMod:IllyaCheapChannelDefend","floor":4.0},{"not_picked":["PrismaMod:IllyaHassanGift","PrismaMod:IllyaCheapChannelAttack"],"picked":"PrismaMod:IllyaCheapDefend","floor":5.0},{"not_picked":["PrismaMod:IllyaMinorZwei","PrismaMod:IllyaReinForce"],"picked":"PrismaMod:IllyaInstallCaster","floor":6.0},{"not_picked":["PrismaMod:IllyaMaid","PrismaMod:IllyaCheapAttack"],"picked":"PrismaMod:IllyaBlindPoisonToss","floor":8.0},{"not_picked":["PrismaMod:IllyaUberChannel","PrismaMod:IllyaPoisonTippedWeapons"],"picked":"PrismaMod:IllyaPoisoningPhantasm","floor":11.0},{"not_picked":["PrismaMod:IllyaDetonatingBlow","PrismaMod:IllyaInstallBerserker"],"picked":"PrismaMod:IllyaRussianRoulette","floor":12.0},{"not_picked":["PrismaMod:IllyaMinorReinForce","PrismaMod:IllyaUberChannel"],"picked":"PrismaMod:IllyaCommonEvoke","floor":13.0},{"not_picked":["PrismaMod:IllyaGrailKun","PrismaMod:IllyaGun","PrismaMod:IllyaCommonEvoke"],"picked":"SKIP","floor":14.0},{"not_picked":["PrismaMod:IllyaUberDefendChannel","PrismaMod:IllyaInstallLancer"],"picked":"PrismaMod:IllyaCarnivalDefend","floor":16},{"not_picked":["PrismaMod:IllyaAOECommonAttack+1","PrismaMod:IllyaMinorReinForce"],"picked":"PrismaMod:IllyaPoisoningPhantasm","floor":18},{"not_picked":["ReplayTheSpireMod:Brewmster","HandOfGreed"],"picked":"Transmutation","floor":20},{"not_picked":["Dramatic Entrance","Mind Blast"],"picked":"Deep Breath","floor":20},{"not_picked":["ReplayTheSpireMod:Uncanny Aura","Mind Blast"],"picked":"Violence","floor":20},{"not_picked":["PrismaMod:IllyaAssassinRevenge","PrismaMod:IllyaDevil"],"picked":"PrismaMod:IllyaFeed","floor":21},{"not_picked":["PrismaMod:IllyaCheapChannelPoison","PrismaMod:IllyaBoysLove","PrismaMod:IllyaGun+1"],"picked":"SKIP","floor":22},{"not_picked":["PrismaMod:IllyaPoisonTippedWeapons+1","PrismaMod:IllyaDualEvoke","PrismaMod:IllyaTestament"],"picked":"SKIP","floor":28},{"not_picked":["PrismaMod:IllyaBerserCAR","PrismaMod:IllyaFriendMaker+1"],"picked":"PrismaMod:IllyaBlindPoisonToss","floor":30},{"not_picked":["PrismaMod:IllyaUberPoisonBlock","PrismaMod:IllyaStunPoison"],"picked":"PrismaMod:IllyaCarnivalPrismaAstolfo","floor":31},{"not_picked":["PrismaMod:IllyaSaphire","PrismaMod:IllyaFriendMaker"],"picked":"PrismaMod:IllyaBoysLove","floor":32}],"player_experience":480435,"relics_obtained":[{"floor":6.0,"key":"Art of War"},{"floor":8.0,"key":"Whetstone"},{"floor":12.0,"key":"Iron Hammer"},{"floor":15.0,"key":"MealTicket"},{"floor":26,"key":"Replay:WaspNest"},{"floor":30,"key":"Red Mask"}],"event_choices":[{"damage_healed":0.0,"max_hp_gain":0.0,"max_hp_loss":0.0,"gold_gain":0.0,"event_name":"Golden Idol","player_choice":"Take Damage","floor":2.0,"gold_loss":0.0,"damage_taken":18.0,"relics_obtained":["Golden Idol"]},{"damage_healed":0.0,"max_hp_gain":0.0,"max_hp_loss":0.0,"gold_gain":75.0,"event_name":"World of Goop","player_choice":"Gather Gold","floor":3.0,"gold_loss":0.0,"damage_taken":11.0},{"damage_healed":0.0,"max_hp_gain":0.0,"max_hp_loss":0.0,"gold_gain":0.0,"event_name":"Scrap Ooze","player_choice":"Success","floor":7.0,"gold_loss":0.0,"damage_taken":7.0,"relics_obtained":["Eternal Feather"]},{"damage_healed":0,"gold_gain":0,"player_choice":"Traded Relic","damage_taken":0,"relics_obtained":["Nloth\u0027s Gift"],"max_hp_gain":0,"max_hp_loss":0,"event_name":"N\u0027loth","floor":19,"relics_lost":["Eternal Feather"],"gold_loss":0},{"damage_healed":0,"gold_gain":0,"player_choice":"Became a vampire","damage_taken":0,"max_hp_gain":0,"max_hp_loss":23,"event_name":"Vampires","floor":24,"gold_loss":0,"cards_obtained":["Bite","Bite","Bite","Bite","Bite"]},{"damage_healed":0,"gold_gain":0,"player_choice":"Fought Bandits","damage_taken":0,"max_hp_gain":0,"max_hp_loss":0,"event_name":"Masked Bandits","floor":30,"gold_loss":0}],"is_beta":false,"boss_relics":[{"not_picked":["Fusion Hammer","Runic Dome"],"picked":"Empty Cage"}],"items_purged_floors":[4,20],"is_endless":false,"potions_floor_spawned":[6,8,11,13,16,28,30,31],"killed_by":"Automaton","ascension_level":0}}