{"host":"mgjbkrm6zb65cm01","time":1613132342,"event":{"mods":["ATMod(°¢èªMod)","BaseMod","Conspire","Good Game Mod","Minty Spire (QoL Compilation)","Quick Restart","Relic Stats","Spicy Shops","StSLib","UnlockEverythingMod","noobMod"],"gold_per_floor":[114,129,146,162,179,179,204,204,204,214,214,214,214,214],"floor_reached":13,"language":"ZHS","playtime":571,"items_purged":[],"score":137,"play_id":"0476e076-88df-4b93-9a4f-58318430c9b5","local_time":"20210212201902","is_ascension_mode":false,"campfire_choices":[{"data":"AT_ShrugMaster","floor":6,"key":"SMITH"},{"data":"Armaments","floor":8,"key":"SMITH"},{"data":"Combust","floor":11,"key":"SMITH"}],"circlet_count":0,"master_deck":["conspire:GhostlyStrike","conspire:GhostlyStrike","conspire:GhostlyStrike","conspire:GhostlyStrike","conspire:GhostlyStrike","conspire:GhostlyDefend","conspire:GhostlyDefend","conspire:GhostlyDefend","conspire:GhostlyDefend","Bash","AT_DrawKnifeCut","Flame Barrier","Headbutt","Sword Boomerang","AT_ShrugMaster+1","Armaments+1","Combust+1"],"relics":["Burning Blood","REME:ComplimentaryCards","ice","AT_ATBox","NeowsBlessing","StrikeDummy","conspire:Boomerang"],"acts_visited":["Exordium"],"potions_floor_usage":[7],"damage_taken":[{"damage":0,"enemies":"Small Slimes","floor":1,"turns":1},{"damage":0,"enemies":"Jaw Worm","floor":2,"turns":1},{"damage":0,"enemies":"2 Louse","floor":3,"turns":1},{"damage":12,"enemies":"Looter","floor":4,"turns":3},{"damage":16,"enemies":"Large Slime","floor":5,"turns":5},{"damage":23,"enemies":"Lagavulin","floor":7,"turns":10},{"damage":11,"enemies":"Gremlin Gang","floor":10,"turns":5},{"damage":9,"enemies":"3 Sentries","floor":13,"turns":2}],"seed_played":"7524250823107211701","potions_obtained":[{"floor":3,"key":"BlessingOfTheForge"},{"floor":5,"key":"LiquidMemories"},{"floor":10,"key":"BloodPotion"}],"is_trial":false,"path_per_floor":["M","M","M","M","M","R","E","R","T","M","R","?","E"],"character_chosen":"IRONCLAD","items_purchased":[],"campfire_rested":0,"item_purchase_floors":[],"current_hp_per_floor":[80,80,80,74,64,64,47,47,47,42,42,42,33,33],"gold":214,"neow_bonus":"THREE_ENEMY_KILL","is_daily":false,"chose_seed":false,"campfire_upgraded":3,"win_rate":0.0,"timestamp":1613132342,"path_taken":["M","M","M","M","M","R","E","R","T","M","R","?","E"],"items_purchased_type":[],"build_version":"2020-12-22","purchased_purges":0,"victory":false,"max_hp_per_floor":[80,80,80,80,80,80,80,80,80,80,80,80,80,80],"relic_stats":{"counters":[8,28],"obtain_stats":[{"REME:ComplimentaryCards":0,"AT_ATBox":0,"NeowsBlessing":0,"ice":0,"conspire:Boomerang":9,"StrikeDummy":7,"Burning Blood":0},{"REME:ComplimentaryCards":0,"AT_ATBox":0,"NeowsBlessing":0,"ice":0,"conspire:Boomerang":6,"StrikeDummy":6,"Burning Blood":0},{"REME:ComplimentaryCards":0,"AT_ATBox":0,"NeowsBlessing":0,"ice":0,"conspire:Boomerang":21,"StrikeDummy":21,"Burning Blood":0}],"Burning Blood":24},"card_choices":[{"not_picked":["Rampage","Disarm"],"picked":"Headbutt","floor":1},{"not_picked":["Reckless Charge","Intimidate"],"picked":"Sword Boomerang","floor":2},{"not_picked":["Warcry","Blood for Blood"],"picked":"AT_ShrugMaster","floor":3},{"not_picked":["Second Wind","Entrench","Iron Wave"],"picked":"SKIP","floor":4},{"not_picked":["AT_DrawKnifeCut","Intimidate","Sever Soul"],"picked":"SKIP","floor":5},{"not_picked":["conspire:Purge","Rampage"],"picked":"Armaments","floor":7},{"not_picked":["Shrug It Off","Twin Strike"],"picked":"Combust","floor":10}],"player_experience":155304,"relics_obtained":[{"floor":7,"key":"StrikeDummy"},{"floor":9,"key":"conspire:Boomerang"}],"event_choices":[{"damage_healed":0,"gold_gain":0,"player_choice":"Agree","damage_taken":0,"max_hp_gain":0,"max_hp_loss":0,"event_name":"conspire:LoneGhost","floor":12,"gold_loss":0}],"is_beta":false,"boss_relics":[],"items_purged_floors":[],"is_endless":false,"potions_floor_spawned":[3,5,10],"killed_by":"3 Sentries","ascension_level":0}}