{"host":"swavyr4ofmkhu42f","time":1613107158,"event":{"mods":["BaseMod","Colored Map","Minty Spire (QoL Compilation)","StSLib"],"gold_per_floor":[117,42,56,56,72,72,90,90,115,129,146,162,162,191,191,287,337,354,373,237,252,252,287,302,302,383,383,383,383,107,119,119,220,220,231,231,81,81,111,143,158,191,191,206,206,226,261,285,285,285],"floor_reached":51,"language":"ENG","playtime":1319,"items_purged":["Defend_R","Defend_R","Defend_R","Defend_R"],"score":784,"play_id":"a09e6547-1e64-47ef-8448-bac309deb0eb","local_time":"20210212001918","is_ascension_mode":false,"campfire_choices":[{"data":"Whirlwind","floor":6.0,"key":"SMITH"},{"data":"Whirlwind","floor":8.0,"key":"SMITH"},{"data":"Inflame","floor":13.0,"key":"SMITH"},{"data":"Demon Form","floor":15.0,"key":"SMITH"},{"data":"Flex","floor":25.0,"key":"SMITH"},{"data":"Spot Weakness","floor":27.0,"key":"SMITH"},{"data":"Bite","floor":29.0,"key":"SMITH"},{"floor":32.0,"key":"REST"},{"data":"Feed","floor":45.0,"key":"SMITH"},{"data":"Bite","floor":49.0,"key":"SMITH"}],"circlet_count":0,"master_deck":["Bash","Whirlwind+1","Inflame+1","Whirlwind+1","Demon Form+1","Spot Weakness+1","Flex+1","Inflame+1","Bite+1","Bite+1","Bite","Bite","Bite","Feed+1","HandOfGreed","Seeing Red+1","Infernal Blade+1"],"relics":["Burning Blood","Anchor","Tiny House","Chemical X","Tiny Chest","Paper Frog","Lantern","Snecko Eye","Ancient Tea Set","Blue Candle","Molten Egg 2","Champion Belt","Bronze Scales"],"acts_visited":["Exordium","TheCity","TheBeyond"],"potions_floor_usage":[50,50],"damage_taken":[{"damage":8.0,"enemies":"2 Louse","floor":1.0,"turns":3.0},{"damage":6.0,"enemies":"Cultist","floor":3.0,"turns":3.0},{"damage":11.0,"enemies":"Jaw Worm","floor":5.0,"turns":3.0},{"damage":20.0,"enemies":"Looter","floor":7.0,"turns":3.0},{"damage":14.0,"enemies":"Blue Slaver","floor":10.0,"turns":3.0},{"damage":0.0,"enemies":"2 Fungi Beasts","floor":11.0,"turns":2.0},{"damage":16.0,"enemies":"Large Slime","floor":12.0,"turns":3.0},{"damage":36.0,"enemies":"Lagavulin","floor":14.0,"turns":4.0},{"damage":23.0,"enemies":"Slime Boss","floor":16.0,"turns":6.0},{"damage":0.0,"enemies":"3 Byrds","floor":18.0,"turns":2.0},{"damage":30.0,"enemies":"2 Thieves","floor":19.0,"turns":3.0},{"damage":0.0,"enemies":"Chosen and Byrds","floor":21.0,"turns":4.0},{"damage":57.0,"enemies":"Book of Stabbing","floor":23.0,"turns":5.0},{"damage":0.0,"enemies":"Centurion and Healer","floor":24.0,"turns":2.0},{"damage":0.0,"enemies":"Snecko","floor":31.0,"turns":2.0},{"damage":41.0,"enemies":"Champ","floor":33.0,"turns":6.0},{"damage":20.0,"enemies":"3 Shapes","floor":35.0,"turns":2.0},{"damage":0.0,"enemies":"Orb Walker","floor":39.0,"turns":2.0},{"damage":26.0,"enemies":"Nemesis","floor":40.0,"turns":3.0},{"damage":21.0,"enemies":"Maw","floor":41.0,"turns":5.0},{"damage":26.0,"enemies":"Reptomancer","floor":42.0,"turns":3.0},{"damage":0.0,"enemies":"Sphere and 2 Shapes","floor":44.0,"turns":2.0},{"damage":11.0,"enemies":"4 Shapes","floor":46.0,"turns":1.0},{"damage":3.0,"enemies":"Giant Head","floor":47.0,"turns":4.0},{"damage":54,"enemies":"Donu and Deca","floor":50,"turns":4}],"seed_played":"-413360501576822349","potions_obtained":[{"floor":11.0,"key":"SmokeBomb"},{"floor":12.0,"key":"SkillPotion"},{"floor":16.0,"key":"SteroidPotion"},{"floor":17.0,"key":"Weak Potion"},{"floor":23.0,"key":"Block Potion"},{"floor":31.0,"key":"ColorlessPotion"},{"floor":33.0,"key":"BloodPotion"},{"floor":39.0,"key":"Strength Potion"},{"floor":41.0,"key":"EssenceOfSteel"},{"floor":44.0,"key":"Regen Potion"}],"is_trial":false,"path_per_floor":["M","$","M","?","M","R","M","R","T","M","M","M","R","E","R","B",null,"M","M","$","M","?","E","M","R","T","R","?","R","$","M","R","B",null,"M","?","$","?","M","E","M","E","T","M","R","M","E","T","R","B",null],"character_chosen":"IRONCLAD","items_purchased":["Spot Weakness","Lantern"],"campfire_rested":1,"item_purchase_floors":[20,30],"current_hp_per_floor":[86,86,86,86,81,81,67,67,67,59,65,55,55,25,25,8,93,93,69,69,75,75,24,30,30,30,30,30,30,30,41,60,41,65,51,51,51,51,57,47,46,42,42,56,56,58,68,68,68,37],"gold":285,"neow_bonus":"TEN_PERCENT_HP_BONUS","is_daily":false,"chose_seed":false,"campfire_upgraded":9,"win_rate":0.0,"timestamp":1613107158,"path_taken":["M","$","M","?","M","R","M","R","T","M","M","M","R","E","R","BOSS","M","M","$","M","?","E","M","R","T","R","?","R","$","M","R","BOSS","M","?","$","?","M","E","M","E","T","M","R","M","E","?","R","BOSS"],"items_purchased_type":["Card","Relic"],"build_version":"2020-12-22","purchased_purges":4,"victory":true,"max_hp_per_floor":[88,88,88,88,88,88,88,88,88,88,88,88,88,88,88,88,93,93,93,93,93,93,93,93,93,93,93,65,65,65,65,65,65,65,65,65,65,62,62,62,65,65,65,68,68,68,68,68,68,68],"card_choices":[{"not_picked":["Shrug It Off","Warcry","Twin Strike"],"picked":"SKIP","floor":1.0},{"not_picked":["Thunderclap","Cleave","Wild Strike"],"picked":"SKIP","floor":3.0},{"not_picked":["Havoc","Power Through"],"picked":"Inflame","floor":5.0},{"not_picked":["Body Slam","Armaments"],"picked":"Whirlwind","floor":7.0},{"not_picked":["Headbutt","Disarm","Iron Wave"],"picked":"SKIP","floor":10.0},{"not_picked":["Shrug It Off","Armaments","Rampage"],"picked":"SKIP","floor":11.0},{"not_picked":["Heavy Blade","Pommel Strike","Sword Boomerang"],"picked":"SKIP","floor":12.0},{"not_picked":["Armaments","Feel No Pain"],"picked":"Demon Form","floor":14.0},{"not_picked":["Rampage","Clash+1","Reckless Charge"],"picked":"SKIP","floor":18.0},{"not_picked":["Warcry","Sword Boomerang","Double Tap"],"picked":"SKIP","floor":19.0},{"not_picked":["Warcry","Thunderclap+1"],"picked":"Flex","floor":21.0},{"not_picked":["True Grit+1","Whirlwind","Sever Soul"],"picked":"SKIP","floor":23.0},{"not_picked":["Dropkick","Sentinel+1"],"picked":"Inflame+1","floor":24.0},{"not_picked":["Clothesline","Dual Wield","Headbutt+1"],"picked":"SKIP","floor":31.0},{"not_picked":["Double Tap","Brutality"],"picked":"Feed","floor":33.0},{"not_picked":["Dual Wield","Entrench+1","Body Slam+1"],"picked":"SKIP","floor":35.0},{"not_picked":["Flash of Steel","Swift Strike"],"picked":"HandOfGreed","floor":36.0},{"not_picked":["Blood for Blood+1","Cleave"],"picked":"Seeing Red+1","floor":39.0},{"not_picked":["Disarm+1","Twin Strike+1","Dropkick+1"],"picked":"SKIP","floor":40.0},{"not_picked":["Havoc","Fire Breathing+1","Clash+1"],"picked":"SKIP","floor":41.0},{"not_picked":["Pommel Strike+1","Body Slam"],"picked":"Infernal Blade+1","floor":42.0},{"not_picked":["Reckless Charge+1","Thunderclap+1","Pummel+1"],"picked":"SKIP","floor":44.0},{"not_picked":["Heavy Blade+1","Body Slam+1","Blood for Blood+1"],"picked":"SKIP","floor":46.0},{"not_picked":["Evolve+1","Rage+1","Feed+1"],"picked":"SKIP","floor":47.0}],"player_experience":209109,"relics_obtained":[{"floor":14.0,"key":"Anchor"},{"floor":23.0,"key":"Tiny Chest"},{"floor":26.0,"key":"Paper Frog"},{"floor":40.0,"key":"Ancient Tea Set"},{"floor":42.0,"key":"Blue Candle"},{"floor":43.0,"key":"Molten Egg 2"},{"floor":47.0,"key":"Champion Belt"},{"floor":48.0,"key":"Bronze Scales"}],"event_choices":[{"damage_healed":0.0,"max_hp_gain":0.0,"max_hp_loss":0.0,"gold_gain":0.0,"event_name":"The Woman in Blue","player_choice":"Bought 0 Potions","floor":4.0,"gold_loss":0.0,"damage_taken":0.0},{"damage_healed":0.0,"max_hp_gain":0.0,"max_hp_loss":0.0,"gold_gain":0.0,"event_name":"Ghosts","player_choice":"Ignored","floor":22.0,"gold_loss":0.0,"damage_taken":0.0},{"damage_healed":0.0,"max_hp_gain":0.0,"max_hp_loss":28.0,"gold_gain":0.0,"event_name":"Vampires","player_choice":"Became a vampire","floor":28.0,"gold_loss":0.0,"damage_taken":0.0,"cards_obtained":["Bite","Bite","Bite","Bite","Bite"]},{"damage_healed":0.0,"max_hp_gain":0.0,"max_hp_loss":0.0,"gold_gain":0.0,"event_name":"SensoryStone","player_choice":"Memory 1","floor":36.0,"gold_loss":0.0,"damage_taken":0.0},{"damage_healed":0.0,"max_hp_gain":0.0,"max_hp_loss":3.0,"gold_gain":0.0,"event_name":"Winding Halls","player_choice":"Max HP","floor":38.0,"gold_loss":0.0,"damage_taken":0.0}],"is_beta":false,"boss_relics":[{"not_picked":["Runic Dome","Coffee Dripper"],"picked":"Tiny House"},{"not_picked":["Busted Crown","Philosopher\u0027s Stone"],"picked":"Snecko Eye"}],"items_purged_floors":[2,20,30,37],"is_endless":false,"potions_floor_spawned":[11,12,16,21,23,31,33,39,41,44,46],"ascension_level":0}}