{"host":"b0qfvoq9kq72bu69","time":1613172686,"event":{"mods":["BaseMod","Better Third Choice","Colored Map","Colored Powertips","DeckTracker","Ekko","Hermit","Jorbs\u0027s Wanderer Trilogy","Marisa????????","Minty Spire (QoL Compilation)","Potionbrewer","StSLib","The Cursed","The Disciple","The Gatherer","The Hierophant","The Mystic","The Runesmith","TheBandit"],"gold_per_floor":[118,118,198,214,230,230,265,265,288,288,299,309,309,328,328,430,430,411,262,277,277,292,292,292,292],"floor_reached":24,"language":"ENG","playtime":1833,"items_purged":["Defend_G"],"score":198,"play_id":"c9df6d1e-ab1d-4b9e-aa5e-22ac99e63bf8","local_time":"20210212163126","is_ascension_mode":false,"campfire_choices":[{"data":"Deadly Poison","floor":6,"key":"SMITH"},{"data":"Deadly Poison","floor":8,"key":"SMITH"},{"floor":15,"key":"REST"},{"data":"Burst","floor":23,"key":"SMITH"}],"circlet_count":0,"master_deck":["Strike_G","Strike_G","Strike_G","Defend_G","Defend_G","Defend_G","Defend_G+1","Survivor","Neutralize","Slice","Deadly Poison+1","Deadly Poison+1","Dagger Throw","Acrobatics","Poisoned Stab+1","Night Terror","CurseOfTheBell","Poisoned Stab+1","Noxious Fumes+1","Calculated Gamble","Burst+1"],"relics":["Ring of the Snake","Frozen Egg 2","potionbrewer:Torch","Bag of Marbles","Calling Bell","Regal Pillow","Darkstone Periapt","Tough Bandages"],"acts_visited":["Exordium","TheCity"],"potions_floor_usage":[],"damage_taken":[{"damage":0,"enemies":"Jaw Worm","floor":1,"turns":6},{"damage":0,"enemies":"Small Slimes","floor":4,"turns":3},{"damage":4,"enemies":"Cultist","floor":5,"turns":4},{"damage":21,"enemies":"Lagavulin","floor":7,"turns":5},{"damage":0,"enemies":"Exordium Thugs","floor":11,"turns":3},{"damage":14,"enemies":"Lots of Slimes","floor":12,"turns":4},{"damage":4,"enemies":"Red Slaver","floor":14,"turns":4},{"damage":17,"enemies":"Hexaghost","floor":16,"turns":8},{"damage":17,"enemies":"2 Thieves","floor":18,"turns":4},{"damage":4,"enemies":"3 Byrds","floor":20,"turns":5},{"damage":11,"enemies":"Cultist and Chosen","floor":22,"turns":7},{"damage":51,"enemies":"Gremlin Leader","floor":24,"turns":5}],"seed_played":"-6200686770077934806","potions_obtained":[{"floor":1,"key":"EntropicBrew"},{"floor":5,"key":"potionbrewer:CleansingPotion"},{"floor":7,"key":"LiquidBronze"},{"floor":16,"key":"Swift Potion"},{"floor":18,"key":"Poison Potion"}],"is_trial":false,"path_per_floor":["M","?","T","M","M","R","E","R","T","?","M","M","?","M","R","B",null,"M","$","M","?","M","R","E"],"character_chosen":"THE_SILENT","items_purchased":["Noxious Fumes+1"],"campfire_rested":1,"item_purchase_floors":[19],"current_hp_per_floor":[77,82,82,82,78,78,57,57,57,50,50,36,20,16,40,23,82,65,65,61,61,50,50,0,0],"gold":292,"neow_bonus":"TEN_PERCENT_HP_BONUS","is_daily":false,"chose_seed":false,"campfire_upgraded":3,"win_rate":0.0,"timestamp":1613172686,"path_taken":["M","?","?","M","M","R","E","R","T","?","M","M","?","?","R","BOSS","M","$","M","?","M","R","E"],"items_purchased_type":["Card"],"build_version":"2020-12-22","purchased_purges":1,"victory":false,"max_hp_per_floor":[77,82,82,82,82,82,82,82,82,82,82,82,82,82,82,82,82,82,82,82,82,82,82,82,82],"card_choices":[{"not_picked":["Tactician","Dagger Spray"],"picked":"Slice","floor":1},{"not_picked":["PiercingWail","Leg Sweep"],"picked":"Deadly Poison","floor":4},{"not_picked":["Flying Knee","Slice"],"picked":"Deadly Poison","floor":5},{"not_picked":["Tactician","Caltrops+1"],"picked":"Dagger Throw","floor":7},{"not_picked":["Leg Sweep","Dash"],"picked":"Acrobatics","floor":11},{"not_picked":["All Out Attack","Endless Agony"],"picked":"Poisoned Stab","floor":12},{"not_picked":["Riddle With Holes","Skewer","Dodge and Roll"],"picked":"SKIP","floor":14},{"not_picked":["Bullet Time","Glass Knife"],"picked":"Night Terror","floor":16},{"not_picked":["Flying Knee+1","Blade Dance"],"picked":"Poisoned Stab+1","floor":18},{"not_picked":["Underhanded Strike+1","All Out Attack"],"picked":"Calculated Gamble","floor":20},{"not_picked":["PiercingWail","Burst","Endless Agony"],"picked":"SKIP","floor":22}],"player_experience":3791,"relics_obtained":[{"floor":3,"key":"Frozen Egg 2"},{"floor":7,"key":"potionbrewer:Torch"},{"floor":9,"key":"Bag of Marbles"},{"floor":17,"key":"Regal Pillow"},{"floor":17,"key":"Darkstone Periapt"},{"floor":17,"key":"Tough Bandages"}],"event_choices":[{"damage_healed":0,"gold_gain":0,"player_choice":"Donut","damage_taken":0,"max_hp_gain":5,"max_hp_loss":0,"event_name":"Big Fish","floor":2,"gold_loss":0},{"cards_removed":["Strike_G"],"damage_healed":0,"gold_gain":0,"player_choice":"Card Removal","damage_taken":7,"max_hp_gain":0,"max_hp_loss":0,"event_name":"Golden Wing","floor":10,"gold_loss":0},{"damage_healed":36,"gold_gain":0,"player_choice":"Upgrade","damage_taken":16,"max_hp_gain":0,"max_hp_loss":82,"event_name":"betterThird:BetterShining","floor":13,"gold_loss":0,"cards_upgraded":["Poisoned Stab","Defend_G"]},{"damage_healed":0,"gold_gain":0,"cards_transformed":["Strike_G"],"player_choice":"Transformed","damage_taken":0,"max_hp_gain":0,"max_hp_loss":0,"event_name":"Transmorgrifier","floor":21,"gold_loss":0,"cards_obtained":["Burst"]}],"is_beta":false,"boss_relics":[{"not_picked":["Coffee Dripper","Runesmith:UraniumAnvil"],"picked":"Calling Bell"}],"items_purged_floors":[19],"is_endless":false,"potions_floor_spawned":[1,5,7,16,18,20],"killed_by":"Gremlin Leader","ascension_level":0}}