{"host":"re327vnqwpdy5ott","time":1613093280,"event":{"mods":["BaseMod","Conspire","Downfall","Hubris","Infinite Spire","Minty Spire (QoL Compilation)","Replay The Spire","StSLib"],"gold_per_floor":[99,118,131,131,2,12,12,32,46,58,58,91,91,91,109,207,207,207,217,228,240,259,259,259,274,288,298,298,368,396,129,146,243,243,243,260,260,260,272,287,339,339,339,355,317,333,333,343,355,355],"floor_reached":51,"language":"ENG","playtime":5012,"items_purged":["bronze:Strike","Languid","Parasite"],"score":656,"play_id":"3c4190b5-7db9-46a9-ab29-b3f3c0c4fa26","local_time":"20210211172800","is_ascension_mode":false,"campfire_choices":[{"floor":11,"key":"REST"},{"data":"bronze:BugBarrage","floor":13,"key":"SMITH"},{"data":"bronze:ShipIt","floor":18,"key":"SMITH"},{"floor":23,"key":"REST"},{"data":"bronze:BurnOut","floor":28,"key":"SMITH"},{"floor":35,"key":"DIG"},{"floor":42,"key":"REST"},{"data":"bronze:Turbo","floor":47,"key":"SMITH"}],"circlet_count":0,"master_deck":["champ:EnGarde","bronze:Strike","bronze:Strike","bronze:Defend","bronze:Defend","bronze:Defend","bronze:Defend","bronze:Replicate","bronze:Goto+1","bronze:BurnOut+1","bronze:BugBarrage+1","bronze:DelayedSlice","bronze:BurnOut","bronze:FindAndReplace","bronze:Shield+1","bronze:FineTuning","bronze:Shield","bronze:WildBeam","bronze:Allocate","bronze:Turbo+1","bronze:ShipIt+1","bronze:BugBarrage+1","bronze:OilSpill+1","bronze:WildBeam","bronze:Break","bronze:Break","bronze:Turbo+1","bronze:ItsAFeature+1","Dramatic Entrance"],"relics":["bronze:BronzeCore","hubris:MobiusCoin","Mummified Hand","Cursed Key","Durian","Replay:Kaleidoscope","ChewingGum","Regal Pillow","hubris:Towel","Ring of Fangs","ReplayTheSpireMod:Ring of Exchange","ReplayTheSpireMod:Lightbulb","Anchor"],"acts_visited":["Exordium","TheCity","TheBeyond"],"potions_floor_usage":[10,22,33,50,50],"damage_taken":[{"damage":0,"enemies":"Small Slimes","floor":2,"turns":5},{"damage":0,"enemies":"Cultist","floor":3,"turns":4},{"damage":0,"enemies":"downfall:FleeingMerchant","floor":5,"turns":4},{"damage":0,"enemies":"Jaw Worm","floor":6,"turns":2},{"damage":14,"enemies":"Gremlin Gang","floor":8,"turns":4},{"damage":5,"enemies":"2 Fungi Beasts","floor":9,"turns":4},{"damage":13,"enemies":"Large Slime","floor":10,"turns":4},{"damage":19,"enemies":"Lagavulin","floor":12,"turns":5},{"damage":3,"enemies":"conspire:2 RoseBushes","floor":15,"turns":3},{"damage":15,"enemies":"IC_STATUS_ARCHETYPE","floor":16,"turns":5},{"damage":16,"enemies":"Shell Parasite","floor":19,"turns":3},{"damage":0,"enemies":"Spheric Guardian","floor":20,"turns":3},{"damage":0,"enemies":"Chosen and Byrds","floor":21,"turns":3},{"damage":12,"enemies":"Centurion and Healer","floor":22,"turns":6},{"damage":3,"enemies":"3 Cultists","floor":25,"turns":5},{"damage":0,"enemies":"Sentry and Sphere","floor":26,"turns":1},{"damage":13,"enemies":"Shelled Parasite and Fungi","floor":27,"turns":4},{"damage":0,"enemies":"3 Cultists","floor":29,"turns":4},{"damage":5,"enemies":"conspire:Head Lice","floor":30,"turns":7},{"damage":15,"enemies":"downfall:FleeingMerchant","floor":31,"turns":4},{"damage":0,"enemies":"Cultist and Chosen","floor":32,"turns":2},{"damage":31,"enemies":"SI_MIRROR_ARCHETYPE","floor":33,"turns":7},{"damage":5,"enemies":"Orb Walker","floor":36,"turns":2},{"damage":15,"enemies":"3 Darklings","floor":39,"turns":4},{"damage":26,"enemies":"Writhing Mass","floor":40,"turns":4},{"damage":0,"enemies":"Sphere and 2 Shapes","floor":44,"turns":3},{"damage":0,"enemies":"downfall:FleeingMerchant","floor":45,"turns":2},{"damage":0,"enemies":"Jaw Worm Horde","floor":46,"turns":2},{"damage":0,"enemies":"Maw","floor":48,"turns":4},{"damage":0,"enemies":"Spire Growth","floor":49,"turns":3},{"damage":25,"enemies":"DF_ARCHETYPE_ORBS","floor":50,"turns":5}],"seed_played":"-8941278329821665831","potions_obtained":[{"floor":3,"key":"Adrenaline Potion"},{"floor":8,"key":"sneckomod:MuddlingPotion"},{"floor":15,"key":"hexamod:SoulburnPotion"},{"floor":16,"key":"BlessingOfTheForge"},{"floor":20,"key":"Adrenaline Potion"},{"floor":25,"key":"Flashbang"},{"floor":39,"key":"infinitespire:BlackPotion"}],"is_trial":false,"path_per_floor":["R","M","M","?","$","M","T","M","M","M","R","E","R","?","M","B",null,"R","M","M","M","M","R","T","M","M","M","R","M","E","$","M","B",null,"R","M","?","?","M","M","T","R","?","M","$","M","R","M","M","B",null],"character_chosen":"THE_AUTOMATON","items_purchased":["bronze:Shield+1","bronze:Break","Anchor","Dramatic Entrance"],"campfire_rested":3,"item_purchase_floors":[5,31,45,45],"current_hp_per_floor":[77,77,77,77,77,77,77,63,58,45,68,49,49,49,46,31,77,77,61,61,61,49,72,77,74,74,61,61,61,56,41,41,10,82,82,77,77,77,62,36,36,75,75,75,75,75,75,75,75,50],"gold":355,"neow_bonus":"TEN_PERCENT_HP_BONUS","is_daily":false,"chose_seed":false,"campfire_upgraded":4,"win_rate":0.0,"timestamp":1613093280,"path_taken":["R","M","M","?","$","M","T","?","M","M","R","E","R","?","M","BOSS","R","M","M","M","?","R","T","M","M","M","R","M","E","$","M","BOSS","R","M","?","?","M","M","T","R","?","M","$","M","R","M","M","BOSS"],"items_purchased_type":["Card","Card","Relic","Card"],"build_version":"2020-12-22","purchased_purges":3,"victory":true,"max_hp_per_floor":[77,77,77,77,77,77,77,77,77,77,77,77,77,77,77,77,77,77,77,77,77,77,77,82,82,82,82,82,82,82,82,82,82,82,82,82,82,82,82,82,82,82,82,82,79,79,79,79,79,79],"card_choices":[{"not_picked":["bronze:BuggyMess","bronze:DelayedSlice"],"picked":"bronze:BugBarrage","floor":2},{"not_picked":["bronze:Overheat","bronze:Iterate"],"picked":"bronze:DelayedSlice","floor":3},{"not_picked":["bronze:WhirlingStrike","bronze:DelayedGuard"],"picked":"bronze:FindAndReplace","floor":5},{"not_picked":["bronze:Iterate","bronze:Deprecate"],"picked":"bronze:FineTuning","floor":6},{"not_picked":["bronze:NullPointer","bronze:Iterate","bronze:FineTuning"],"picked":"SKIP","floor":8},{"not_picked":["bronze:DelayedSlice","bronze:BitShift"],"picked":"bronze:Shield","floor":9},{"not_picked":["bronze:Iterate","bronze:Turbo"],"picked":"bronze:WildBeam","floor":10},{"not_picked":["bronze:Turbo","bronze:HardenedForm"],"picked":"bronze:Allocate","floor":12},{"not_picked":["bronze:Overheat","bronze:Repair"],"picked":"bronze:Turbo","floor":15},{"not_picked":["bronze:CleanCode","bronze:Verify"],"picked":"bronze:ShipIt","floor":16},{"not_picked":["bronze:Philosophize","bronze:ForceShield","bronze:Boost+1"],"picked":"SKIP","floor":19},{"not_picked":["bronze:CutThrough","bronze:Philosophize","bronze:Backtrace+1"],"picked":"SKIP","floor":20},{"not_picked":["bronze:DelayedSlice","bronze:DelayedGuard+1","bronze:ForLoop"],"picked":"SKIP","floor":21},{"not_picked":["bronze:Invalidate","bronze:Deprecate"],"picked":"bronze:BugBarrage+1","floor":22},{"not_picked":["bronze:Safeguard","bronze:ForceShield","bronze:Verify"],"picked":"SKIP","floor":25},{"not_picked":["bronze:WhirlingStrike","bronze:CloningBeam","bronze:ChosenStrike"],"picked":"SKIP","floor":26},{"not_picked":["bronze:Allocate","bronze:DigitalCarnage+1","bronze:Deprecate"],"picked":"SKIP","floor":27},{"not_picked":["bronze:Boost","bronze:Branch"],"picked":"bronze:OilSpill+1","floor":29},{"not_picked":["bronze:Flail","bronze:Deprecate"],"picked":"bronze:WildBeam","floor":30},{"not_picked":["bronze:Invalidate","bronze:Repair","bronze:BugBarrage"],"picked":"SKIP","floor":31},{"not_picked":["bronze:ChildClass","bronze:Frontload","bronze:HardenedForm"],"picked":"SKIP","floor":32},{"not_picked":["bronze:SpaghettiCode","bronze:CleanCode"],"picked":"bronze:Break","floor":33},{"not_picked":["bronze:NullPointer","bronze:WhirlingStrike+1"],"picked":"bronze:Turbo+1","floor":36},{"not_picked":["bronze:Virus","bronze:CutThrough","bronze:Iterate+1"],"picked":"SKIP","floor":39},{"not_picked":["bronze:Invalidate+1","bronze:Turbo","bronze:DelayedSlice+1"],"picked":"SKIP","floor":40},{"not_picked":["bronze:FollowUp+1","bronze:Return+1"],"picked":"bronze:ItsAFeature+1","floor":44},{"not_picked":["bronze:Repair","bronze:Iterate+1","bronze:Fortify+1"],"picked":"SKIP","floor":45},{"not_picked":["bronze:ClassDefault","bronze:Branch","bronze:Overload+1"],"picked":"SKIP","floor":46},{"not_picked":["bronze:Overheat+1","bronze:Safeguard","bronze:Turbo"],"picked":"SKIP","floor":48},{"not_picked":["bronze:Branch+1","bronze:CleanCode","bronze:Turbo+1"],"picked":"SKIP","floor":49}],"player_experience":252273,"relics_obtained":[{"floor":7,"key":"hubris:MobiusCoin"},{"floor":12,"key":"Mummified Hand"},{"floor":24,"key":"Durian"},{"floor":30,"key":"Replay:Kaleidoscope"},{"floor":35,"key":"Regal Pillow"},{"floor":38,"key":"Ring of Fangs"},{"floor":38,"key":"ReplayTheSpireMod:Ring of Exchange"},{"floor":41,"key":"ReplayTheSpireMod:Lightbulb"}],"event_choices":[{"damage_healed":0,"gold_gain":0,"player_choice":"Ignored","damage_taken":0,"max_hp_gain":0,"max_hp_loss":0,"event_name":"Mysterious Sphere","floor":43,"gold_loss":0}],"is_beta":false,"boss_relics":[{"not_picked":["Painkiller Herb","Honey Jar"],"picked":"Cursed Key"},{"not_picked":["infinitespire:Cupcake","bronze:PlatinumCore"],"picked":"ChewingGum"}],"items_purged_floors":[5,31,45],"is_endless":false,"potions_floor_spawned":[3,8,15,16,20,25,27,30,32,39,40,44],"ascension_level":0}}