{"host":"w05x4i13f2m9joq1","time":1613095553,"event":{"mods":["100% Spire Juice","Act Like it!","BaseMod","Better Altar","Better Match","Better Note","Better Sensory Stone","Better Skull","Better Third Choice","BetterRewards","CapriCore","Colored Map","Colored Powertips","Defective Defect","Downfall","Duelist Mod","Gensokyo","GifTheSpireLib","Googly Eyes","Infinite Spire","Ironclad Rager","Lobotomy","LobotomyExtend","Marisa????????","Melee Mod","Minty Spire (QoL Compilation)","Morshu Shopkeeper - ENHANCED","MostiFishMod","Quick Restart","Rare Cards Sparkle","Reliquary","Replay The Spire","Shop Mod","Spicy Shops","Spire Birthday Party","StSLib","The Animator","The IronCluck","Uncapped","everything is the same but u backflip on backflip","slay the spire mod where everything is the same but ironclad has a cowboy hat"],"gold_per_floor":[115,139,150,150,169,169,169,197,222,263,38,49,49,49,49,152,177,193,207,306,306,381,436,436,493,518,568,586,526,537,550,550,738,763,824,748,809,880,995,1115,1115,1115,1140,364,398,439,526,574,574,574,574],"floor_reached":50,"language":"ENG","playtime":3519,"items_purged":[],"score":961,"play_id":"27c5badf-7df7-45b6-8c60-90782ae168aa","local_time":"20210211210553","is_ascension_mode":true,"campfire_choices":[{"data":"animator:Ara","floor":7,"key":"SMITH"},{"floor":13,"key":"REST"},{"data":"animator:Add","floor":15,"key":"SMITH"},{"floor":24,"key":"REST"},{"floor":32,"key":"REST"},{"floor":41,"key":"REST"},{"data":"animator:Aisha","floor":49,"key":"SMITH"}],"circlet_count":0,"master_deck":["animator:Strike_Elsword","animator:Defend_Elsword+1","animator:Strike","animator:Strike","animator:Strike","animator:Defend","animator:Defend+1","animator:Chung","animator:Raven","animator:Chung","animator:Add+1","animator:Chung","animator:Zero+1","animator:Ara+1","animator:Lu","animator:Elsword+1","animator:Elsword","animator:Saber","animator:Gilgamesh+12","animator:Ara","animator:Elsword+1","animator:Raven+1","animator:Chung","animator:Ciel","animator:Ciel","animator:Ara","animator:Elesis","animator:Rena","animator:Laby","animator:Ain+1","animator:Aisha+1","animator:Laby","animator:Raven+1","animator:Elesis","animator:Lu","animator:Aisha+1","animator:Ciel+1","animator:Rena+1","animator:Elsword+1","animator:Rena+1"],"relics":["animator:LivingPicture","animator:TheMissingPiece","DaveBox","SentryEyes","SynthV:TestCard","LetterFromLob","Prayer Wheel","Red Skull","Guardian:GemstoneGun","infinitespire:Satchel","reliquary:WritOfMandamus","reliquary:Buckler","reliquary:PurpleTingedLeaf","Omamori","Chameleon Ring","reliquary:Buckler","infinitespire:EvilPickle","bronze:MakeshiftBattery","Boot","Meat on the Bone","Shuriken","TwistedFunnel","sneckomod:BlankCard","Bottled Tornado","Replay:Baseball"],"acts_visited":["Exordium","TheCity","TheBeyond"],"potions_floor_usage":[10,10,16,23,33,33,40,45,46,50,50],"damage_taken":[{"damage":0,"enemies":"Jaw Worm","floor":1,"turns":2},{"damage":0,"enemies":"Small Slimes","floor":2,"turns":1},{"damage":0,"enemies":"2 Louse","floor":3,"turns":1},{"damage":2,"enemies":"Looter","floor":5,"turns":2},{"damage":30,"enemies":"Lagavulin","floor":8,"turns":6},{"damage":7,"enemies":"3 Sentries","floor":10,"turns":3},{"damage":0,"enemies":"Blue Slaver","floor":12,"turns":1},{"damage":22,"enemies":"The Guardian","floor":16,"turns":6},{"damage":6,"enemies":"Chosen","floor":18,"turns":3},{"damage":0,"enemies":"Spheric Guardian","floor":19,"turns":2},{"damage":21,"enemies":"Book of Stabbing","floor":23,"turns":3},{"damage":6,"enemies":"theDuelist:KaibaA2","floor":25,"turns":3},{"damage":29,"enemies":"Book of Stabbing","floor":27,"turns":4},{"damage":0,"enemies":"Centurion and Healer","floor":28,"turns":2},{"damage":0,"enemies":"Snake Plant","floor":30,"turns":2},{"damage":16,"enemies":"Shelled Parasite and Fungi","floor":31,"turns":2},{"damage":9,"enemies":"Pondfish","floor":33,"turns":5},{"damage":20,"enemies":"3 Shapes","floor":35,"turns":2},{"damage":10,"enemies":"3 Darklings","floor":37,"turns":3},{"damage":2,"enemies":"4 Shapes","floor":38,"turns":2},{"damage":14,"enemies":"Reptomancer","floor":40,"turns":4},{"damage":0,"enemies":"Maw","floor":45,"turns":4},{"damage":8,"enemies":"Jaw Worm Horde","floor":46,"turns":2},{"damage":0,"enemies":"R_Hoarder","floor":47,"turns":3},{"damage":0,"enemies":"Sphere and 2 Shapes","floor":48,"turns":3},{"damage":44,"enemies":"Time Eater","floor":50,"turns":6}],"seed_played":"-4221759689435385319","potions_obtained":[{"floor":2,"key":"Block Potion"},{"floor":5,"key":"PowerPotion"},{"floor":10,"key":"CultistPotion"},{"floor":16,"key":"Fire Potion"},{"floor":25,"key":"Swift Potion"},{"floor":27,"key":"Energy Potion"},{"floor":28,"key":"Adrenaline Potion"},{"floor":35,"key":"Energy Potion"},{"floor":38,"key":"Cursed Concoction"},{"floor":40,"key":"SkillPotion"},{"floor":45,"key":"ColorlessPotion"},{"floor":48,"key":"PowerPotion"}],"is_trial":false,"path_per_floor":["M","M","M","?","M","E","R","E","T","E","$","M","R","?","R","B",null,"M","M","?","?","?","E","R","E","T","E","M","?","M","M","R","B",null,"M","$","M","M","?","E","R","?","T","$","M","M","E","M","R","B"],"character_chosen":"THE_ANIMATOR","items_purchased":["infinitespire:Satchel","animator:Elsword","animator:Laby","animator:Lu","Shuriken","TwistedFunnel","sneckomod:BlankCard","Bottled Tornado"],"campfire_rested":4,"item_purchase_floors":[11,11,36,44,44,44,44,44],"current_hp_per_floor":[66,66,66,66,65,65,65,35,35,28,28,28,48,48,48,26,67,61,61,61,61,55,34,54,48,48,21,22,22,22,6,26,18,68,51,51,41,39,39,25,46,46,46,46,47,39,40,41,41,0,0],"gold":574,"neow_bonus":"TRANSFORM_CARD","is_daily":false,"chose_seed":false,"campfire_upgraded":3,"win_rate":0.0,"timestamp":1613095553,"path_taken":["M","M","M","?","M","E","R","E","T","E","$","M","R","?","R","BOSS","M","M","?","?","?","E","R","E","T","E","?","?","M","M","R","BOSS","M","$","M","M","?","E","R","?","T","$","M","M","E","M","R","BOSS"],"items_purchased_type":["Relic","Card","Card","Card","Relic","Relic","Relic","Relic"],"build_version":"2020-12-22","purchased_purges":0,"victory":false,"max_hp_per_floor":[66,66,66,66,67,67,67,67,67,67,67,67,67,67,67,67,67,67,67,67,67,67,67,67,67,67,68,68,68,68,68,68,68,68,70,70,70,70,70,70,70,70,70,70,70,70,70,70,70,70,70],"card_choices":[{"not_picked":["animator:HiiragiShinya","animator:KrulTepes","animator:Shion"],"picked":"SKIP","floor":1},{"not_picked":["animator:Cocytus","animator:Sebas","animator:Laby","animator:Shion"],"picked":"animator:Add","floor":2},{"not_picked":["animator:Millim","animator:DolaSchwi","animator:NarberalGamma","animator:GazelDwargon"],"picked":"animator:Chung","floor":3},{"not_picked":["animator:Emilia","animator:KotoriKanbe","animator:IchigoKurosaki","animator:Magilou"],"picked":"animator:Zero","floor":4},{"not_picked":["animator:Ain","animator:Raven","animator:Add","animator:Rena"],"picked":"animator:Ara","floor":5},{"not_picked":["animator:ShinjiMatou","animator:Kaijin","animator:Millim","animator:Sebas","animator:DolaRiku"],"picked":"SKIP","floor":8},{"not_picked":["animator:Ain","animator:DolaStephanie","animator:Yuuichirou","animator:GuildGirl"],"picked":"animator:Lu","floor":10},{"not_picked":["animator:HighElfArcher","animator:SakuraMatou","animator:Benimaru","animator:PandorasActor"],"picked":"animator:Elsword","floor":12},{"not_picked":["animator:Shion","animator:HiiragiShinya","animator:ShinjiMatou","animator:DwarfShaman"],"picked":"animator:Saber","floor":12},{"not_picked":["animator:FeridBathory","animator:Ainz","animator:Shizu","animator:Rimuru"],"picked":"animator:Gilgamesh","floor":16},{"not_picked":["animator:Elsword","animator:Chung","animator:Add","animator:Laby"],"picked":"animator:Ara","floor":18},{"not_picked":["animator:DolaSchwi","animator:CrowleyEusford+1","animator:LizardPriest","animator:Shigure"],"picked":"animator:Elsword+1","floor":18},{"not_picked":["animator:Eve","animator:RinTohsaka+1","animator:Shinoa","animator:Jibril"],"picked":"animator:Raven","floor":19},{"not_picked":["animator:LizardPriest","animator:Mikaela+1","animator:Mitsuba+1","animator:Priestess"],"picked":"animator:Chung","floor":19},{"not_picked":["animator:Guren","animator:ChlammyZell+1","animator:FielNirvalen+1","animator:Entoma"],"picked":"animator:Gilgamesh","floor":23},{"not_picked":["animator:Yoichi","animator:EmiyaShirou+1","animator:Archer+1","animator:Shion","animator:Millim"],"picked":"SKIP","floor":25},{"not_picked":["animator:Add","animator:Chung","animator:Elsword","animator:Ain"],"picked":"animator:Ciel","floor":27},{"not_picked":["animator:Souei","animator:Mikaela","animator:Lu","animator:HiiragiShinya","animator:LizardPriest"],"picked":"SKIP","floor":28},{"not_picked":["animator:KrulTepes","animator:Hakurou","animator:Priestess","animator:Sebas","animator:DolaRiku"],"picked":"SKIP","floor":28},{"not_picked":["animator:IzunaHatsuse","animator:Gilgamesh","animator:Demiurge+1","animator:Illya"],"picked":"animator:Ciel","floor":30},{"not_picked":["animator:Spearman","animator:Kaijin+1","animator:Souei","animator:Vesta","animator:GuildGirl"],"picked":"SKIP","floor":30},{"not_picked":["animator:Shion+1","animator:Evileye+1","animator:Shalltear","animator:DolaCouronne+1"],"picked":"animator:Ara","floor":31},{"not_picked":["animator:Rena","animator:PandorasActor","animator:GazelDwargon+1","animator:NarberalGamma+1","animator:DwarfShaman"],"picked":"SKIP","floor":31},{"not_picked":["animator:Shiro","animator:Guren","animator:Shizu","animator:Albedo"],"picked":"animator:Elesis","floor":33},{"not_picked":["animator:Ciel","animator:Laby","animator:Elsword","animator:Chung"],"picked":"animator:Rena","floor":35},{"not_picked":["animator:CowGirl","animator:Jibril+1","animator:Mitsuba+1","animator:Yuuichirou","animator:DolaSchwi+1"],"picked":"SKIP","floor":35},{"not_picked":["animator:RinTohsaka+1","animator:Mikaela","animator:FielNirvalen","animator:Raven+1"],"picked":"animator:Ain+1","floor":37},{"not_picked":["animator:Assassin","animator:Berserker+1","animator:Hakurou+1","animator:PandorasActor+1","animator:EmiyaShirou+1"],"picked":"SKIP","floor":37},{"not_picked":["animator:SwordMaiden","animator:DolaRiku+1","animator:Mikaela","animator:Hakurou"],"picked":"animator:Aisha+1","floor":38},{"not_picked":["animator:CrowleyEusford+1","animator:Priestess","animator:Demiurge","animator:Assassin","animator:Tet+1"],"picked":"SKIP","floor":38},{"not_picked":["animator:KrulTepes+1","animator:Evileye","animator:Ciel+1","animator:Shuna+1"],"picked":"animator:Laby","floor":39},{"not_picked":["animator:Yuuichirou+1","animator:Hakurou","animator:Mikaela+1","animator:Witch"],"picked":"animator:Raven+1","floor":39},{"not_picked":["animator:EmiyaShirou","animator:Evileye","animator:Berserker+1","animator:Raven"],"picked":"animator:Elesis","floor":40},{"not_picked":["animator:Ciel","animator:Lu","animator:Elsword","animator:Raven"],"picked":"animator:Aisha","floor":45},{"not_picked":["animator:Sebas+1","animator:Caster","animator:Illya","animator:SwordMaiden"],"picked":"animator:Ciel+1","floor":45},{"not_picked":["animator:Rimuru","animator:ChlammyZell","animator:Shuna","animator:PandorasActor"],"picked":"animator:Rena+1","floor":46},{"not_picked":["animator:CowGirl+1","animator:PandorasActor+1","animator:Cocytus","animator:Yoichi","animator:Spearman"],"picked":"SKIP","floor":46},{"not_picked":["animator:PandorasActor+1","animator:Jibril+1","animator:Souei+1","animator:Lancer+1"],"picked":"animator:Elsword+1","floor":47},{"not_picked":["animator:Benimaru+1","animator:GuildGirl","animator:Jibril","animator:Witch+1"],"picked":"animator:Rena+1","floor":48},{"not_picked":["animator:NarberalGamma+1","animator:Cocytus+1","animator:Lancer","animator:FielNirvalen","animator:Shalltear"],"picked":"SKIP","floor":48}],"player_experience":217492,"relics_obtained":[{"floor":1,"key":"SynthV:TestCard"},{"floor":1,"key":"LetterFromLob"},{"floor":8,"key":"Prayer Wheel"},{"floor":9,"key":"Red Skull"},{"floor":10,"key":"Guardian:GemstoneGun"},{"floor":23,"key":"reliquary:Buckler"},{"floor":25,"key":"reliquary:PurpleTingedLeaf"},{"floor":26,"key":"Omamori"},{"floor":27,"key":"Chameleon Ring"},{"floor":40,"key":"Boot"},{"floor":43,"key":"Meat on the Bone"},{"floor":47,"key":"Replay:Baseball"}],"event_choices":[{"damage_healed":0,"gold_gain":1,"player_choice":"1","damage_taken":0,"max_hp_gain":0,"max_hp_loss":0,"event_name":"betterStone:BetterStone","floor":4,"gold_loss":0},{"damage_healed":0,"gold_gain":99,"player_choice":"Steal","damage_taken":0,"max_hp_gain":0,"max_hp_loss":0,"event_name":"betterThird:BetterNest","floor":20,"gold_loss":0},{"damage_healed":0,"gold_gain":75,"player_choice":"Touch","damage_taken":6,"max_hp_gain":0,"max_hp_loss":0,"event_name":"FaceTrader","floor":22,"gold_loss":0},{"damage_healed":0,"gold_gain":0,"player_choice":"Obtained Relic","damage_taken":0,"relics_obtained":["reliquary:SculptingSteel"],"max_hp_gain":0,"max_hp_loss":0,"event_name":"Addict","floor":29,"gold_loss":85},{"damage_healed":0,"gold_gain":0,"player_choice":"Ignored","damage_taken":0,"max_hp_gain":0,"max_hp_loss":0,"event_name":"Tomb of Lord Red Mask","floor":42,"gold_loss":0}],"is_beta":false,"boss_relics":[{"not_picked":["Tiny House","reliquary:Craggleroot"],"picked":"reliquary:WritOfMandamus"},{"not_picked":["SlaversCollar","EE1DDrone"],"picked":"bronze:MakeshiftBattery"}],"items_purged_floors":[],"is_endless":false,"potions_floor_spawned":[2,5,10,16,25,27,28,35,38,40,45,48],"killed_by":"Time Eater","ascension_level":1}}