{"host":"qhbbxt9nia1s4hz5","time":1613173011,"event":{"mods":["2.2 Compatiblity","Act Like it!","AlwaysNeverKeys","BaseMod","Better Altar","Better Note","Better Sensory Stone","Better Skull","Better Third Choice","Better Vampires","BetterRewards","Block Reminder","Booster Modes","Colored Map","Colored Powertips","Displayed Cursed Tome","Emptier Cage","Energized Spire","Faster Ascension Climbing","Friendly Minions","Gensokyo","GifTheSpireLib","Gold Saver","Humility","Infinite Spire","Minty Spire (QoL Compilation)","Permanent Neow","Rare Cards Sparkle","Relic Filter","Reliquary","Replay The Spire","Shop Mod","StSLib","The Runesmith","[IsaacMod]????"],"gold_per_floor":[1498,1514,1530,944,957,957,967,967,993,993,993,734,734,744,744,848,848,866,866,480,360,376,376,411,431,431,645,197,197,197],"floor_reached":29,"language":"ENG","playtime":4015,"items_purged":["Runesmith:Defend_RS","Runesmith:Defend_RS","Runesmith:Defend_RS","Runesmith:Strike_RS"],"score":335,"play_id":"1a1d1317-ffca-42cb-b3df-5a31a907b520","local_time":"20210213013651","is_ascension_mode":false,"campfire_choices":[{"data":"Runesmith:OneForEveryone","floor":6,"key":"SMITH"},{"data":"Runesmith:HeatedChisel","floor":8,"key":"SMITH"},{"data":"Runesmith:MakeshiftArmor","floor":10,"key":"SMITH"},{"data":"Gensokyo:TekeTeke","floor":13,"key":"SMITH"},{"data":"Runesmith:HeatExchange","floor":15,"key":"SMITH"},{"data":"Replay:BasicMightCard","floor":23,"key":"SMITH"}],"circlet_count":0,"master_deck":["Runesmith:Strike_RS","Runesmith:Strike_RS","Runesmith:Strike_RS","Runesmith:Defend_RS","Runesmith:CraftFirestone","Runesmith:Fortify","DoctorFetus+1","Runesmith:HeatExchange+1","Runesmith:Accelerate","Runesmith:MakeshiftArmor+1","Runesmith:OneForEveryone+1","Runesmith:ChiselStab","Runesmith:GrandSlam+1","Runesmith:HeatedChisel+1","Runesmith:CraftMagma","Runesmith:Repurpose","Gensokyo:TekeTeke+1","Runesmith:CraftPrismatica","Runesmith:Retool+1","Runesmith:HeatExchange+1","Replay:BasicMightCard+1","Runesmith:HammerThrow+1","Runesmith:OneForEveryone+1","Runesmith:Attraction+1"],"relics":["Runesmith:BrokenRuby","HushsDoor","DeathBook","Quantum Egg","infinitespire:ShieldingShard","infinitespire:Satchel","Guide Book","reliquary:WeakTea","reliquary:PartyBalloon","Strawberry","reliquary:Ember","GuppysHairball","Sling","Gensokyo:LionMask","DeadEye","reliquary:NewFriend","Counterbalance"],"acts_visited":["Gensokyo:Gensokyo","Gensokyo:Gensokyoer"],"potions_floor_usage":[16,16,16,24,25,27],"damage_taken":[{"damage":2,"enemies":"Gensokyo:Python","floor":1,"turns":3},{"damage":0,"enemies":"Gensokyo:2_Kodama","floor":2,"turns":2},{"damage":0,"enemies":"Gensokyo:3_Fairies","floor":3,"turns":3},{"damage":0,"enemies":"Gensokyo:3_Kodama","floor":5,"turns":3},{"damage":2,"enemies":"Gensokyo:Gryphon_and_Rabbit","floor":7,"turns":5},{"damage":0,"enemies":"Gensokyo:VengefulSpirit","floor":14,"turns":2},{"damage":4,"enemies":"Gensokyo:Reimu","floor":16,"turns":6},{"damage":2,"enemies":"Gensokyo:Chomper","floor":18,"turns":3},{"damage":2,"enemies":"Gensokyo:CosmicMonolith","floor":22,"turns":2},{"damage":26,"enemies":"Gensokyo:Tenshi","floor":24,"turns":2},{"damage":2,"enemies":"Gensokyo:3_Gloops","floor":25,"turns":2},{"damage":27,"enemies":"Gensokyo:Slime_Group","floor":27,"turns":4},{"damage":13,"enemies":"Gensokyo:Wraith","floor":29,"turns":2}],"seed_played":"6415917865090522361","potions_obtained":[{"floor":2,"key":"Block Potion"},{"floor":5,"key":"Weak Potion"},{"floor":16,"key":"infinitespire:BlackPotion"},{"floor":24,"key":"Regen Potion"},{"floor":25,"key":"SkillPotion"},{"floor":27,"key":"Explosive Potion"}],"is_trial":false,"path_per_floor":["M","M","M","$","M","R","M","R","T","R","?","COS","R","M","R","B",null,"M","?","$","?","M","R","E","M","T","M","$","M"],"character_chosen":"RUNESMITH_CLASS","items_purchased":["Quantum Egg","infinitespire:ShieldingShard","Runesmith:HeatExchange","Runesmith:Accelerate","infinitespire:Satchel","Adrenaline Potion","Runesmith:GrandSlam","Guide Book","reliquary:WeakTea","Runesmith:HeatedChisel","GuppysHairball","Sling","Runesmith:HeatExchange+1","Replay:BasicMightCard","Counterbalance"],"campfire_rested":0,"item_purchase_floors":[0,0,0,0,0,0,4,4,4,4,17,20,20,20,28],"current_hp_per_floor":[68,68,68,68,68,68,66,66,66,66,63,63,63,63,63,59,67,65,65,65,65,63,63,37,40,40,13,13,0,0],"gold":197,"neow_bonus":"","is_daily":false,"chose_seed":false,"campfire_upgraded":6,"win_rate":0.0,"timestamp":1613173011,"path_taken":["M","M","M","$","?","R","M","R","T","R","?","COS","R","M","R","BOSS","M","?","$","?","M","R","E","?","T","M","?","M"],"items_purchased_type":["Relic","Relic","Card","Card","Relic","Potion","Card","Relic","Relic","Card","Relic","Relic","Card","Card","Relic"],"build_version":"2020-12-22","purchased_purges":4,"victory":false,"max_hp_per_floor":[70,70,70,70,70,70,70,70,70,70,77,77,77,77,77,77,67,67,67,67,67,67,67,67,67,67,67,67,67,67],"card_choices":[{"not_picked":[],"picked":"DoctorFetus","floor":0},{"not_picked":["Runesmith:RunicBlueprint","Runesmith:HeatExchange"],"picked":"Runesmith:MakeshiftArmor","floor":1},{"not_picked":["Runesmith:ShiftingStrike","Runesmith:NanitesCloud"],"picked":"Runesmith:OneForEveryone","floor":2},{"not_picked":["Runesmith:HeatExchange","Runesmith:Grindstone"],"picked":"Runesmith:ChiselStab","floor":3},{"not_picked":["Runesmith:HeatExchange","Runesmith:Overpower"],"picked":"Runesmith:CraftMagma","floor":5},{"not_picked":["Runesmith:FrozenChisel","Runesmith:RunicBlueprint"],"picked":"Runesmith:Repurpose","floor":7},{"not_picked":["Runesmith:Repurpose","Runesmith:Attraction","Runesmith:StaticCage"],"picked":"SKIP","floor":14},{"not_picked":["Runesmith:MetallurgicalResearch","Runesmith:UnlimitedPower"],"picked":"Runesmith:CraftPrismatica","floor":16},{"not_picked":["Runesmith:Repurpose+1","Runesmith:WhiteBalance+1"],"picked":"Runesmith:Retool+1","floor":18},{"not_picked":["Runesmith:HeatedChisel","Runesmith:Discharge","Runesmith:Malloc"],"picked":"SKIP","floor":18},{"not_picked":["Runesmith:EarthShield+1","Runesmith:LithiumIon"],"picked":"Runesmith:HammerThrow+1","floor":22},{"not_picked":["Runesmith:Accelerate","Runesmith:HeatExchange"],"picked":"Runesmith:OneForEveryone+1","floor":24},{"not_picked":["Runesmith:MakeshiftArmor","Runesmith:WhiteBalance"],"picked":"Runesmith:Attraction+1","floor":25},{"not_picked":["Runesmith:MetallurgicalResearch","Runesmith:RuneHurl","Runesmith:HeatedChisel"],"picked":"SKIP","floor":27}],"player_experience":901078,"relics_obtained":[{"floor":9,"key":"reliquary:PartyBalloon"},{"floor":24,"key":"DeadEye"},{"floor":26,"key":"reliquary:NewFriend"}],"event_choices":[],"is_beta":false,"boss_relics":[{"not_picked":["SacredBark","Honey Jar"],"picked":"reliquary:Ember"},{"not_picked":[]}],"items_purged_floors":[0,4,20,28],"is_endless":false,"potions_floor_spawned":[2,5,16,24,25,27],"killed_by":"Gensokyo:Wraith","ascension_level":0,"is_humility":true}}