{"host":"74dg6ta44i9qan6e","time":1613091920,"event":{"mods":["Act Like it!","BaseMod","Clawfect","Downfall","Hubris","Infinite Spire","Marisa????????","Minty Spire (QoL Compilation)","Reimu??????","Relic Stats","Replay The Spire","StSLib","The Bug Knight","The Cursed","The Forsaken","The Hayseed","The Hierophant","The Juggle","The Runesmith","The Servant 0.9.4","The Witch","TheBandit","Waifu the Spire"],"gold_per_floor":[11,11,11,161,161,191,191,208,208,219,219,219,69,88,88,184,184,196,208,123,139,99,99,124,140,164,164,179,205,205,205,205,310,310,329,329,329,329,344,344,344],"floor_reached":40,"language":"ENG","playtime":1678,"items_purged":["hubris:Sloth"],"score":521,"play_id":"a4e61608-3288-4f18-a46e-bfec178617d2","local_time":"20210211200520","is_ascension_mode":true,"campfire_choices":[{"floor":7,"key":"REST"},{"data":"EscapeVelocity","floor":12,"key":"SMITH"},{"data":"BinaryStars","floor":15,"key":"SMITH"},{"data":"PropBag","floor":23,"key":"SMITH"},{"data":"BlazingStar","floor":30,"key":"SMITH"},{"floor":32,"key":"RECALL"}],"circlet_count":0,"master_deck":["Strike_MRS","Strike_MRS","Defend_MRS","Defend_MRS","Defend_MRS","Defend_MRS","MasterSpark","UpSweep","Sadistic Nature+1","SporeBomb","EscapeVelocity+1","OpenUniverse","JA","Steam Power","MysteriousBeam","BinaryStars+1","BlazingStar+1","PropBag+1","GalacticHalo+1","EnergyFlow","ShootingEcho","MagicChant","IllusionStar","ShootingEcho+1","infinitespire:Starlight","SatelliteIllusion","MachineGunSpark+1","ShootingEcho+1","IllusionStar+1","GravityBeat+1","SuperNova","ShootTheMoon+1","infinitespire:TheBestDefense","Decay","DragonMeteor+1"],"relics":["Iron Core","infinitespire:Cubic Diamond","ReplayTheSpireMod:CursedCoin","Dream Catcher","Replay:Grab Bag","Philosopher\u0027s Stone","Coffee Dripper","BewitchedHakkero","hexamod:BolsterEngine","ZunR:ReiMu","hubris:MobiusCoin","Replay:Baseball","CultistMask","Vajra","hubris:TenFootPole","hubris:KleinBottle","hubris:HollowSoul","Orrery","Ring of Chaos","Blue Candle","Mummified Hand","Shuriken"],"acts_visited":["Exordium","TheCity","TheBeyond"],"potions_floor_usage":[16,29,29,33,33],"damage_taken":[{"damage":3,"enemies":"Jaw Worm","floor":1,"turns":5},{"damage":10,"enemies":"Replay:BlueRogue","floor":6,"turns":8},{"damage":2,"enemies":"2 Louse","floor":8,"turns":2},{"damage":0,"enemies":"Cultist","floor":10,"turns":3},{"damage":9,"enemies":"Looter","floor":14,"turns":3},{"damage":40,"enemies":"Fading Forest","floor":16,"turns":11},{"damage":14,"enemies":"Chosen","floor":18,"turns":3},{"damage":17,"enemies":"2 Thieves","floor":19,"turns":3},{"damage":0,"enemies":"Snake Plant","floor":21,"turns":2},{"damage":0,"enemies":"Gremlin Leader","floor":24,"turns":2},{"damage":0,"enemies":"Chosen and Byrds","floor":25,"turns":3},{"damage":0,"enemies":"3 Cultists","floor":28,"turns":3},{"damage":8,"enemies":"Nightmare","floor":29,"turns":3},{"damage":10,"enemies":"Automaton","floor":33,"turns":5},{"damage":7,"enemies":"3 Shapes","floor":35,"turns":3},{"damage":0,"enemies":"Orb Walker","floor":39,"turns":2},{"damage":25,"enemies":"Nightmare","floor":40,"turns":2}],"seed_played":"-4436223167013319179","potions_obtained":[{"floor":14,"key":"SteroidPotion"},{"floor":16,"key":"Swift Potion"},{"floor":21,"key":"Fire Potion"},{"floor":24,"key":"BottledSpark"},{"floor":28,"key":"Elixir"},{"floor":29,"key":"Explosive Potion"},{"floor":39,"key":"champ:CounterPotion"}],"is_trial":false,"path_per_floor":["M","?","?","$","?","E","R","M","T","M","?","R","$","M","R","B",null,"M","M","?","M","?","R","E","M","T","?","M","NM","R","$","R","B",null,"M","?","AVR","?","M","NM"],"character_chosen":"MARISA","items_purchased":["ReplayTheSpireMod:CursedCoin","BinaryStars","hubris:TenFootPole","hubris:KleinBottle"],"campfire_rested":1,"item_purchase_floors":[4,13,31,31],"current_hp_per_floor":[72,72,72,67,67,57,75,73,73,73,73,73,73,64,64,24,75,61,44,44,44,44,44,44,44,44,44,44,36,36,7,7,7,75,75,75,75,75,75,0,0],"gold":344,"neow_bonus":"RANDOM_COLORLESS_2","is_daily":false,"chose_seed":false,"campfire_upgraded":4,"win_rate":0.0,"timestamp":1613091920,"path_taken":["M","?","?","?","?","E","R","?","T","M","?","R","$","M","R","BOSS","M","M","?","M","?","R","E","M","T","?","?","NM","R","?","R","BOSS","M","?","AVR","?","M","NM"],"items_purchased_type":["Relic","Card","Relic","Relic"],"build_version":"2020-12-22","purchased_purges":1,"victory":false,"max_hp_per_floor":[75,75,75,75,75,75,75,75,75,75,75,75,75,75,75,75,75,75,75,75,75,75,75,75,75,75,75,75,75,75,75,75,75,75,75,75,75,75,75,75,75],"relic_stats":{"Dream Catcher":1,"counters":[17,69],"Mummified Hand":[4],"Shuriken":[7],"Blue Candle":[1],"obtain_stats":[{"AmplifyWand":33,"Iron Core":3,"Gremlin Horn":19,"ZunR:ReiMu":22,"Vajra":29,"infinitespire:Cubic Diamond":3,"Dream Catcher":6,"Mummified Hand":40,"Philosopher\u0027s Stone":17,"Kunai":21,"BewitchedHakkero":17,"hubris:KleinBottle":31,"hubris:MobiusCoin":24,"ReplayTheSpireMod:CursedCoin":4,"Replay:Grab Bag":17,"Blue Candle":40,"hubris:HollowSoul":34,"Ring of Chaos":37,"Replay:Baseball":26,"Ornamental Fan":24,"Shuriken":29,"Orrery":37,"CultistMask":27,"Coffee Dripper":17,"hubris:TenFootPole":31,"MiniHakkero":0,"hexamod:BolsterEngine":20,"Meat on the Bone":39},{"AmplifyWand":14,"Iron Core":1,"Gremlin Horn":8,"ZunR:ReiMu":9,"Vajra":13,"infinitespire:Cubic Diamond":1,"Dream Catcher":2,"Mummified Hand":17,"Philosopher\u0027s Stone":6,"Kunai":9,"BewitchedHakkero":6,"hubris:KleinBottle":13,"hubris:MobiusCoin":10,"ReplayTheSpireMod:CursedCoin":1,"Replay:Grab Bag":6,"Blue Candle":17,"hubris:HollowSoul":14,"Ring of Chaos":15,"Replay:Baseball":11,"Ornamental Fan":10,"Shuriken":13,"Orrery":15,"CultistMask":11,"Coffee Dripper":6,"hubris:TenFootPole":13,"MiniHakkero":0,"hexamod:BolsterEngine":8,"Meat on the Bone":16},{"AmplifyWand":54,"Iron Core":5,"Gremlin Horn":38,"ZunR:ReiMu":40,"Vajra":51,"infinitespire:Cubic Diamond":5,"Dream Catcher":13,"Mummified Hand":66,"Philosopher\u0027s Stone":32,"Kunai":39,"BewitchedHakkero":32,"hubris:KleinBottle":51,"hubris:MobiusCoin":42,"ReplayTheSpireMod:CursedCoin":5,"Replay:Grab Bag":32,"Blue Candle":62,"hubris:HollowSoul":56,"Ring of Chaos":59,"Replay:Baseball":45,"Ornamental Fan":41,"Shuriken":49,"Orrery":59,"CultistMask":45,"Coffee Dripper":32,"hubris:TenFootPole":51,"MiniHakkero":0,"hexamod:BolsterEngine":38,"Meat on the Bone":60}]},"card_choices":[{"not_picked":["The Bomb","Thinking Ahead"],"picked":"Sadistic Nature","floor":0},{"not_picked":["OneTimeOff","GrandCross"],"picked":"SporeBomb","floor":1},{"not_picked":["WeaponsOverheat","DC"],"picked":"OpenUniverse","floor":6},{"not_picked":["WeaponsOverheat","GravityBeat"],"picked":"JA","floor":7},{"not_picked":["AsteroidBelt","Iron Wave"],"picked":"Steam Power","floor":8},{"not_picked":["Force Field","WitchOfGreed"],"picked":"MysteriousBeam","floor":10},{"not_picked":["EnergyRecoil","GrandCross","Heavy Blade"],"picked":"SKIP","floor":14},{"not_picked":["Juggernaut","Limit Break"],"picked":"BlazingStar","floor":16},{"not_picked":["GravityBeat+1","SporeBomb+1"],"picked":"PropBag","floor":18},{"not_picked":["OpenUniverse","LuminesStrike"],"picked":"GalacticHalo+1","floor":19},{"not_picked":["NonDirectionalLaser","DoubleSpark"],"picked":"EnergyFlow","floor":21},{"not_picked":["LuminesStrike","PowerUp"],"picked":"ShootingEcho","floor":24},{"not_picked":["GrandCross","AlicesGift+1"],"picked":"MagicChant","floor":25},{"not_picked":["LuminesStrike","FairyDestructionRay"],"picked":"IllusionStar","floor":28},{"not_picked":["AbsoluteMagnitude","ChargeUpSpray"],"picked":"ShootingEcho+1","floor":29},{"not_picked":["infinitespire:Collect","infinitespire:Menacing"],"picked":"infinitespire:Starlight","floor":31},{"not_picked":["BinaryStars","JA"],"picked":"SatelliteIllusion","floor":33},{"not_picked":["AsteroidBelt+1","WitchOfGreed+1"],"picked":"MachineGunSpark+1","floor":35},{"not_picked":["MachineGunSpark","DC"],"picked":"ShootingEcho+1","floor":37},{"not_picked":["LuminesStrike","DC+1"],"picked":"IllusionStar+1","floor":37},{"not_picked":["ShootingEcho","PowerUp"],"picked":"GravityBeat+1","floor":37},{"not_picked":["LuminesStrike+1","DC"],"picked":"SuperNova","floor":37},{"not_picked":["GravityBeat+1","PowerUp+1"],"picked":"ShootTheMoon+1","floor":37},{"not_picked":["MagicAbsorber","StarlightTyphoon"],"picked":"DragonMeteor+1","floor":39}],"player_experience":755739,"relics_obtained":[{"floor":6,"key":"Dream Catcher"},{"floor":24,"key":"hubris:MobiusCoin"},{"floor":26,"key":"Replay:Baseball"},{"floor":29,"key":"Vajra"}],"event_choices":[{"damage_healed":0,"gold_gain":0,"cards_transformed":["Strike_MRS"],"player_choice":"Transformed","damage_taken":0,"max_hp_gain":0,"max_hp_loss":0,"event_name":"Transmorgrifier","floor":5,"gold_loss":0,"cards_obtained":["EscapeVelocity"]},{"cards_removed":["Strike_MRS"],"damage_healed":0,"gold_gain":0,"player_choice":"Offered Basic","damage_taken":0,"max_hp_gain":0,"max_hp_loss":0,"event_name":"Bonfire Elementals","floor":11,"gold_loss":0},{"damage_healed":0,"gold_gain":0,"player_choice":"Obtained Relic","damage_taken":0,"relics_obtained":["hexamod:BolsterEngine"],"max_hp_gain":0,"max_hp_loss":0,"event_name":"Addict","floor":20,"gold_loss":85},{"damage_healed":0,"gold_gain":0,"player_choice":"Keep O-miki","damage_taken":0,"relics_obtained":["ZunR:ReiMu"],"max_hp_gain":0,"max_hp_loss":0,"event_name":"ZunEvent","floor":22,"gold_loss":40},{"damage_healed":0,"gold_gain":0,"player_choice":"Trade","damage_taken":0,"relics_obtained":["CultistMask"],"max_hp_gain":0,"max_hp_loss":0,"event_name":"FaceTrader","floor":27,"gold_loss":0},{"damage_healed":0,"gold_gain":0,"player_choice":"Cursed","damage_taken":0,"max_hp_gain":0,"max_hp_loss":0,"event_name":"Wheel of Change","floor":38,"gold_loss":0,"cards_obtained":["Decay"]}],"is_beta":false,"boss_relics":[{"not_picked":["hubris:ScarierMask","ChewingGum"],"picked":"Replay:Grab Bag"},{"not_picked":["Cursed Key","Painkiller Herb"],"picked":"Philosopher\u0027s Stone"},{"not_picked":["hubris:TerracottaHorce","Abe\u0027s Treasure"],"picked":"Coffee Dripper"},{"not_picked":["hubris:Stopwatch","SacredBark"],"picked":"BewitchedHakkero"},{"not_picked":["ReplayTheSpireMod:SealedPack","Pandora\u0027s Box"],"picked":"hubris:HollowSoul"}],"items_purged_floors":[4],"is_endless":false,"potions_floor_spawned":[14,16,21,24,28,29,39],"killed_by":"Nightmare","ascension_level":1}}