{"host":"takgv9cv6xf64vhq","time":1613159907,"event":{"mods":["BaseMod","Colored Powertips","Conspire","Decade(王小明)","Downfall","Energized Spire","Hermit","Hubris","LagranYue(拉格朗・月)","Marisa（F雨　魔理沙）","Minty Spire (QoL Compilation)","Replay The Spire","StSLib","The Cursed","The Hierophant","The Jungle","The Servant 0.9.4","TheHeartMod"],"gold_per_floor":[118,129,140,140,140,140,169,189,212,228,23,23,66,86,86,215,215,238,263,278,59,59,72,72,97,97,97,116,149,149,194,194,332,332,358,389,389,8,45,45,87,87,87],"floor_reached":42,"language":"ZHS","playtime":2145,"items_purged":["Strike_B","Strike_B"],"score":655,"play_id":"78174704-b725-4fb5-91bc-7445ffec5306","local_time":"20210213035827","is_ascension_mode":true,"campfire_choices":[{"data":"BasicCrystalCard","floor":6.0,"key":"SMITH"},{"data":"Go for the Eyes","floor":12.0,"key":"SMITH"},{"data":"Turbo","floor":24.0,"key":"SMITH"},{"data":"Creative AI","floor":27.0,"key":"SMITH"},{"data":"Rainbow","floor":40.0,"key":"SMITH"}],"circlet_count":0,"master_deck":["Strike_B","Strike_B","Defend_B","Defend_B","Defend_B","Defend_B+1","Zap+1","Dualcast","Ball Lightning+1","Go for the Eyes+1","BasicCrystalCard+1","Core Surge","Hello World","ReplayTheSpireMod:Calculation Training+1","Double Energy+1","Turbo+1","Time Bomb","Creative AI+1","ReplayTheSpireMod:Calculation Training","Crystallizer","Cold Snap","Coolheaded","Rainbow+1","Chaos","Thunder Strike","Seek","Languid","Echo Form","Hologram+1","Electrodynamics"],"relics":["Cracked Core","NeowsBlessing","Golden Idol","Odd Mushroom","Toy Ornithopter","DataDisk","hubris:BallOfYels","Runic Pyramid","Lantern","Meat on the Bone","Replay:Bandana","Shuriken","energizedSpire:NeverEndingSparkler","Thread and Needle","ReplayTheSpireMod:CursedCoin","Pen Nib"],"acts_visited":["Exordium","Exordium","TheBeyond"],"potions_floor_usage":[42],"damage_taken":[{"damage":0.0,"enemies":"Cultist","floor":1.0,"turns":1.0},{"damage":0.0,"enemies":"Small Slimes","floor":2.0,"turns":1.0},{"damage":0.0,"enemies":"2 Louse","floor":3.0,"turns":1.0},{"damage":15.0,"enemies":"The Mushroom Lair","floor":7.0,"turns":3.0},{"damage":0.0,"enemies":"Looter","floor":8.0,"turns":2.0},{"damage":1.0,"enemies":"Blue Slaver","floor":10.0,"turns":3.0},{"damage":10.0,"enemies":"Gremlin Nob","floor":13.0,"turns":3.0},{"damage":2.0,"enemies":"Red Slaver","floor":14.0,"turns":2.0},{"damage":32.0,"enemies":"Hexaghost","floor":16.0,"turns":8.0},{"damage":14.0,"enemies":"theJungle:5_Spyders","floor":18.0,"turns":7.0},{"damage":7.0,"enemies":"theJungle:Flameango_and_Byrd","floor":20.0,"turns":5.0},{"damage":28.0,"enemies":"theJungle:2_Flameangoes","floor":23.0,"turns":5.0},{"damage":22.0,"enemies":"Snake Plant","floor":25.0,"turns":3.0},{"damage":5.0,"enemies":"theJungle:2_Snecko_Cultists","floor":28.0,"turns":4.0},{"damage":5.0,"enemies":"theJungle:MamaSnecko","floor":29.0,"turns":7.0},{"damage":30.0,"enemies":"theJungle:Cassacara","floor":31.0,"turns":7.0},{"damage":44.0,"enemies":"theJungle:TotemBoss","floor":33.0,"turns":10.0},{"damage":36.0,"enemies":"3 Darklings","floor":35.0,"turns":5.0},{"damage":17.0,"enemies":"Orb Walker","floor":36.0,"turns":3.0},{"damage":23.0,"enemies":"Writhing Mass","floor":39.0,"turns":5.0},{"damage":11.0,"enemies":"Nemesis","floor":41.0,"turns":7.0},{"damage":40,"enemies":"4 Shapes","floor":42,"turns":1}],"seed_played":"1946377068714164749","potions_obtained":[{"floor":1.0,"key":"LiquidMemories"},{"floor":7.0,"key":"Block Potion"},{"floor":10.0,"key":"Swift Potion"},{"floor":13.0,"key":"champ:CounterPotion"},{"floor":16.0,"key":"Strength Potion"},{"floor":20.0,"key":"champ:CounterPotion"},{"floor":22.0,"key":"FairyPotion"},{"floor":23.0,"key":"LiquidMemories"},{"floor":29.0,"key":"Weak Potion"},{"floor":36.0,"key":"FocusPotion"},{"floor":41.0,"key":"Dexterity Potion"}],"is_trial":false,"path_per_floor":["M","M","M","?","?","R","?","M","T","M","$","R","E","M","R","B",null,"M","T","M","$","?","M","R","M","T","R","M","E","?","E","R","B",null,"M","M","?","$","M","R","E","M"],"character_chosen":"DEFECT","items_purchased":["DataDisk","Double Energy+1","Lantern","Thread and Needle","ReplayTheSpireMod:CursedCoin","Echo Form"],"campfire_rested":0,"item_purchase_floors":[11,11,21,38,38,38],"current_hp_per_floor":[68,68,68,53,35,35,20,20,20,24,24,24,19,17,39,12,59,45,45,38,38,38,15,15,3,3,3,33,40,75,45,67,35,65,41,36,36,36,25,25,31,0,0],"gold":87,"neow_bonus":"THREE_ENEMY_KILL","is_daily":false,"chose_seed":false,"campfire_upgraded":5,"win_rate":0.0,"timestamp":1613159907,"path_taken":["M","?","M","?","?","R","?","M","T","M","?","R","E","M","R","BOSS","M","?","?","$","?","M","R","M","T","R","?","E","?","E","R","BOSS","M","?","?","$","M","R","E","M"],"items_purchased_type":["Relic","Card","Relic","Relic","Relic","Card"],"build_version":"2020-12-22","purchased_purges":2,"victory":false,"max_hp_per_floor":[75,75,75,75,75,75,75,75,75,75,75,75,75,75,75,75,75,75,75,75,75,75,75,75,75,75,75,75,75,75,75,75,75,75,75,75,75,75,75,75,75,75,75],"card_choices":[{"not_picked":["Aggregate","Steam"],"picked":"Ball Lightning","floor":1.0},{"not_picked":["Chaos","Compile Driver"],"picked":"Go for the Eyes","floor":2.0},{"not_picked":["Ball Lightning","Conserve Battery"],"picked":"BasicCrystalCard","floor":3.0},{"not_picked":["ReplaySort","Steam"],"picked":"Core Surge","floor":7.0},{"not_picked":["Go for the Eyes","Stack"],"picked":"Hello World","floor":8.0},{"not_picked":["Time Bomb","Melter"],"picked":"ReplayTheSpireMod:Calculation Training","floor":10.0},{"not_picked":["Leap","Barrage"],"picked":"Turbo","floor":13.0},{"not_picked":["Genetic Algorithm","ReplayGash"],"picked":"Time Bomb","floor":14.0},{"not_picked":["Fission","Buffer"],"picked":"Creative AI","floor":16.0},{"not_picked":["Streamline","Compile Driver"],"picked":"ReplayTheSpireMod:Calculation Training","floor":18.0},{"not_picked":["Barrage","Beam Cell"],"picked":"Crystallizer","floor":20.0},{"not_picked":["Chaos+1","Barrage"],"picked":"Cold Snap","floor":23.0},{"not_picked":["Ball Lightning","Barrage"],"picked":"Coolheaded","floor":25.0},{"not_picked":["Fusion+1","Crystallizer+1"],"picked":"Rainbow","floor":28.0},{"not_picked":["Streamline","Undo"],"picked":"Chaos","floor":29.0},{"not_picked":["Fusion","Ball Lightning+1"],"picked":"Thunder Strike","floor":31.0},{"not_picked":["ReplayRNGCard","Amplify"],"picked":"Seek","floor":33.0},{"not_picked":["FTL","Gash+1","Melter"],"picked":"SKIP","floor":35.0},{"not_picked":["BasicCrystalCard","Go for the Eyes","Ball Lightning"],"picked":"SKIP","floor":36.0},{"not_picked":["Stack","Go for the Eyes+1"],"picked":"Hologram+1","floor":39.0},{"not_picked":["Static Discharge+1","ReplaySolidLightProjector"],"picked":"Electrodynamics","floor":41.0}],"player_experience":507928,"relics_obtained":[{"floor":7.0,"key":"Odd Mushroom"},{"floor":9.0,"key":"Toy Ornithopter"},{"floor":13.0,"key":"hubris:BallOfYels"},{"floor":26.0,"key":"Meat on the Bone"},{"floor":29.0,"key":"Replay:Bandana"},{"floor":31.0,"key":"Shuriken"},{"floor":41.0,"key":"Pen Nib"}],"event_choices":[{"damage_healed":0.0,"max_hp_gain":0.0,"max_hp_loss":0.0,"gold_gain":0.0,"event_name":"Shining Light","player_choice":"Entered Light","floor":4.0,"gold_loss":0.0,"damage_taken":15.0,"cards_upgraded":["Zap","Defend_B"]},{"damage_healed":0.0,"max_hp_gain":0.0,"max_hp_loss":0.0,"gold_gain":0.0,"event_name":"Golden Idol","player_choice":"Take Damage","floor":5.0,"gold_loss":0.0,"damage_taken":18.0,"relics_obtained":["Golden Idol"]},{"damage_healed":0.0,"max_hp_gain":0.0,"max_hp_loss":0.0,"gold_gain":0.0,"event_name":"Mushrooms","player_choice":"Fought Mushrooms","floor":7.0,"gold_loss":0.0,"damage_taken":0.0},{"damage_healed":0.0,"max_hp_gain":0.0,"max_hp_loss":0.0,"gold_gain":0.0,"event_name":"Lab","player_choice":"Got Potions","floor":22.0,"gold_loss":0.0,"damage_taken":0.0},{"damage_healed":35.0,"max_hp_gain":0.0,"max_hp_loss":0.0,"gold_gain":0.0,"event_name":"Wheel of Change","player_choice":"Full Heal","floor":30.0,"gold_loss":0.0,"damage_taken":0.0},{"damage_healed":0.0,"max_hp_gain":0.0,"max_hp_loss":0.0,"gold_gain":0.0,"event_name":"Mysterious Sphere","player_choice":"Ignored","floor":37.0,"gold_loss":0.0,"damage_taken":0.0}],"is_beta":false,"boss_relics":[{"not_picked":["Kintsugi","Busted Crown"],"picked":"Runic Pyramid"},{"not_picked":["Honey Jar","hubris:Backtick"],"picked":"energizedSpire:NeverEndingSparkler"}],"items_purged_floors":[21,38],"is_endless":false,"potions_floor_spawned":[1,7,10,13,16,20,23,29,36,41],"killed_by":"4 Shapes","ascension_level":8}}