{"host":"Luke","time":1613144156,"event":{"mods":["BaseMod","Downfall","Hermit","Minty Spire (QoL Compilation)","StSLib"],"gold_per_floor":[112,173,189,189,199,199,246,257,257,273,273,348,348,374,374,476,476,488,587,74,74,84,183,183,218,218,218,7,46,46,76,76,260,260,291,159,159,199,199,199,247,314,338,338,338,338,375,375,375,389,389,389,6,80,87,87],"floor_reached":55,"language":"ENG","playtime":3640,"items_purged":[],"score":718,"play_id":"c17ea799-b922-4494-a22b-6c236c602850","local_time":"20210212153556","is_ascension_mode":false,"campfire_choices":[{"floor":6,"key":"REST"},{"floor":11,"key":"REST"},{"floor":15,"key":"REST"},{"floor":24,"key":"REST"},{"floor":27,"key":"RECALL"},{"data":"hermit:FlashPowder","floor":32,"key":"SMITH"},{"data":"hermit:Virtue","floor":40,"key":"SMITH"},{"data":"hermit:DeadOrAlive","floor":44,"key":"SMITH"},{"data":"hermit:ShadowCloak","floor":46,"key":"SMITH"},{"floor":49,"key":"REST"},{"data":"hermit:Glare","floor":52,"key":"SMITH"}],"circlet_count":0,"master_deck":["hermit:Strike_Hermit","hermit:Strike_Hermit","hermit:Strike_Hermit","hermit:Defend_Hermit","hermit:Defend_Hermit","hermit:Defend_Hermit","hermit:Snapshot","hermit:Covet","hermit:FlashPowder+1","hermit:CalledShot","hermit:Virtue+1","hermit:ShadowCloak+1","hermit:Glare+1","hermit:Showdown","Parasite","hermit:BodyArmor+1","hermit:DeadOrAlive+1","hermit:Brawl+1","Panacea+1","Metamorphosis+1","hermit:Glare+1","hermit:FlashPowder+1","hermit:Gambit+1","hermit:Scavenge+1","Apotheosis+1","hermit:Scavenge+1","hermit:DeadMansHand+1","hermit:FullyLoaded+1","hermit:Reprieve+1","hermit:Headshot+1","hermit:EyeOfTheStorm+1","hermit:Dive+1","Dark Shackles+1","Deep Breath+1","hermit:FlashPowder+1","Writhe","Parasite","hermit:Roughhouse+1","hermit:Coalescence+1","Clumsy","hermit:Gestalt+1","hermit:Reprieve+1"],"relics":["hermit:Momento","NeowsBlessing","Bronze Scales","Matryoshka","Oddly Smooth Stone","Gremlin Horn","Toxic Egg 2","SlaversCollar","Molten Egg 2","Orichalcum","Bottled Lightning","Pear","Cursed Key","hermit:CharredGlove","Bottled Flame","TheAbacus","Letter Opener"],"acts_visited":["Exordium","TheCity","TheBeyond","TheEnding"],"potions_floor_usage":[7,10,14,22,23,33,47,55],"damage_taken":[{"damage":0,"enemies":"Small Slimes","floor":1,"turns":2},{"damage":0,"enemies":"2 Louse","floor":3,"turns":1},{"damage":0,"enemies":"Jaw Worm","floor":5,"turns":1},{"damage":37,"enemies":"Gremlin Nob","floor":7,"turns":5},{"damage":0,"enemies":"3 Louse","floor":8,"turns":4},{"damage":6,"enemies":"Exordium Wildlife","floor":10,"turns":4},{"damage":15,"enemies":"3 Sentries","floor":14,"turns":6},{"damage":49,"enemies":"Hexaghost","floor":16,"turns":12},{"damage":11,"enemies":"Shell Parasite","floor":18,"turns":6},{"damage":0,"enemies":"Chosen","floor":22,"turns":4},{"damage":7,"enemies":"Slavers","floor":23,"turns":4},{"damage":9,"enemies":"Centurion and Healer","floor":25,"turns":5},{"damage":0,"enemies":"Sentry and Sphere","floor":29,"turns":9},{"damage":5,"enemies":"Shelled Parasite and Fungi","floor":31,"turns":4},{"damage":53,"enemies":"Champ","floor":33,"turns":14},{"damage":16,"enemies":"3 Darklings","floor":35,"turns":5},{"damage":5,"enemies":"Orb Walker","floor":38,"turns":4},{"damage":0,"enemies":"Writhing Mass","floor":41,"turns":5},{"damage":11,"enemies":"2 Orb Walkers","floor":42,"turns":6},{"damage":8,"enemies":"Spire Growth","floor":47,"turns":5},{"damage":29,"enemies":"Donu and Deca","floor":50,"turns":10},{"damage":47,"enemies":"Shield and Spear","floor":54,"turns":9},{"damage":38,"enemies":"The Heart","floor":55,"turns":5}],"seed_played":"-4069084006757082984","potions_obtained":[{"floor":1,"key":"ColorlessPotion"},{"floor":7,"key":"LiquidBronze"},{"floor":8,"key":"SteroidPotion"},{"floor":14,"key":"Fire Potion"},{"floor":18,"key":"hexamod:SoulburnPotion"},{"floor":29,"key":"hexamod:SoulburnPotion"},{"floor":41,"key":"hexamod:SoulburnPotion"},{"floor":54,"key":"SkillPotion"}],"is_trial":false,"path_per_floor":["M","?","M","?","M","R","E","M","T","M","R","?","?","E","R","B",null,"M","?","$","?","M","E","R","M","T","R","$","M","?","M","R","B",null,"M","$","?","M","?","R","M","?","T","R","?","R","M","?","R","B",null,"R","$","E","B"],"character_chosen":"HERMIT","items_purchased":["Panacea+1","Metamorphosis+1","Molten Egg 2","Apotheosis+1","hermit:Scavenge+1","hermit:EyeOfTheStorm+1","hermit:Dive+1","Bottled Flame","TheAbacus"],"campfire_rested":5,"item_purchase_floors":[20,20,20,28,28,36,36,53,53],"current_hp_per_floor":[75,75,75,57,57,75,38,38,38,32,54,43,61,46,68,19,75,64,64,64,64,64,57,75,66,76,76,76,76,76,71,71,18,85,69,69,64,59,80,80,85,74,74,74,74,74,66,66,85,68,85,85,85,38,0,0],"gold":87,"neow_bonus":"THREE_ENEMY_KILL","is_daily":false,"chose_seed":false,"campfire_upgraded":5,"win_rate":0.0,"timestamp":1613144156,"path_taken":["M","?","M","?","M","R","E","M","T","M","R","?","?","E","R","BOSS","M","?","$","?","M","E","R","?","T","R","?","?","?","M","R","BOSS","M","$","?","M","?","R","M","?","T","R","?","R","?","?","R","BOSS","R","$","E","BOSS"],"items_purchased_type":["Card","Card","Relic","Card","Card","Card","Card","Relic","Relic"],"build_version":"2020-12-18","purchased_purges":0,"victory":false,"max_hp_per_floor":[75,75,75,75,75,75,75,75,75,75,75,75,75,75,75,75,75,75,75,75,75,75,75,75,75,85,85,85,85,85,85,85,85,85,85,85,85,85,85,85,85,85,85,85,85,85,85,85,85,85,85,85,85,85,85,85],"card_choices":[{"not_picked":["hermit:HighCaliber","hermit:HoleUp"],"picked":"hermit:FlashPowder","floor":1},{"not_picked":["hermit:WideOpen","hermit:Manifest"],"picked":"hermit:CalledShot","floor":3},{"not_picked":["hermit:Manifest","hermit:Roulette"],"picked":"hermit:Virtue","floor":5},{"not_picked":["hermit:HoleUp","hermit:Deadeye"],"picked":"hermit:ShadowCloak","floor":7},{"not_picked":["hermit:BodyArmor","hermit:LowProfile"],"picked":"hermit:Glare","floor":8},{"not_picked":["hermit:Manifest","hermit:SprayPray"],"picked":"hermit:Showdown","floor":10},{"not_picked":["hermit:SprayPray","hermit:CalledShot"],"picked":"hermit:BodyArmor+1","floor":14},{"not_picked":["hermit:FatalDesire","hermit:OverwhelmingPower"],"picked":"hermit:DeadOrAlive","floor":16},{"not_picked":["hermit:HoleUp+1","hermit:PistolWhip"],"picked":"hermit:Brawl","floor":18},{"not_picked":["hermit:Glare+1","hermit:Misfire+1"],"picked":"hermit:FlashPowder+1","floor":22},{"not_picked":["hermit:BodyArmor+1","hermit:Coalescence+1"],"picked":"hermit:Gambit+1","floor":23},{"not_picked":["hermit:Glare+1","hermit:BodyArmor+1"],"picked":"hermit:Scavenge+1","floor":25},{"not_picked":["hermit:Coalescence+1","hermit:TrackingShot+1"],"picked":"hermit:DeadMansHand+1","floor":29},{"not_picked":["hermit:BodyArmor+1","hermit:Ricochet+1","hermit:Misfire+1"],"picked":"SKIP","floor":31},{"not_picked":["hermit:HighNoon","hermit:Dissolve+1"],"picked":"hermit:Reprieve+1","floor":33},{"not_picked":["hermit:Quickdraw+1","hermit:FlashPowder+1"],"picked":"hermit:Headshot+1","floor":35},{"not_picked":["Flash of Steel+1","PanicButton+1"],"picked":"Dark Shackles+1","floor":37},{"not_picked":["Metamorphosis+1","Finesse+1"],"picked":"Deep Breath+1","floor":37},{"not_picked":["hermit:TrackingShot+1","hermit:LowProfile+1"],"picked":"hermit:FlashPowder+1","floor":38},{"not_picked":["hermit:SprayPray+1","hermit:Showdown+1"],"picked":"hermit:Roughhouse+1","floor":41},{"not_picked":["hermit:Ricochet+1","hermit:HoleUp+1"],"picked":"hermit:Coalescence+1","floor":42},{"not_picked":["hermit:LoneWolf+1","hermit:ShadowCloak+1"],"picked":"hermit:Gestalt+1","floor":47},{"not_picked":["hermit:HoleUp+1","hermit:SprayPray+1"],"picked":"hermit:Reprieve+1","floor":54}],"player_experience":721196,"relics_obtained":[{"floor":7,"key":"Matryoshka"},{"floor":9,"key":"Oddly Smooth Stone"},{"floor":9,"key":"Gremlin Horn"},{"floor":14,"key":"Toxic Egg 2"},{"floor":23,"key":"Orichalcum"},{"floor":26,"key":"Bottled Lightning"},{"floor":26,"key":"Pear"},{"floor":42,"key":"hermit:CharredGlove"},{"floor":54,"key":"Letter Opener"}],"event_choices":[{"damage_healed":0,"gold_gain":61,"player_choice":"Gained Gold","damage_taken":0,"max_hp_gain":0,"max_hp_loss":0,"event_name":"Golden Wing","floor":2,"gold_loss":0},{"damage_healed":0,"gold_gain":0,"player_choice":"Success","damage_taken":18,"relics_obtained":["Bronze Scales"],"max_hp_gain":0,"max_hp_loss":0,"event_name":"Scrap Ooze","floor":4,"gold_loss":0},{"damage_healed":0,"gold_gain":75,"player_choice":"Gather Gold","damage_taken":11,"max_hp_gain":0,"max_hp_loss":0,"event_name":"World of Goop","floor":12,"gold_loss":0},{"damage_healed":18,"gold_gain":0,"player_choice":"Healed and dodged fight","damage_taken":0,"max_hp_gain":0,"max_hp_loss":0,"event_name":"Mushrooms","floor":13,"gold_loss":0,"cards_obtained":["Parasite"]},{"damage_healed":0,"gold_gain":99,"player_choice":"Stole From Cult","damage_taken":0,"max_hp_gain":0,"max_hp_loss":0,"event_name":"Nest","floor":19,"gold_loss":0},{"damage_healed":0,"gold_gain":0,"cards_transformed":["hermit:Strike_Hermit","hermit:Defend_Hermit"],"player_choice":"Became Test Subject","damage_taken":0,"max_hp_gain":0,"max_hp_loss":0,"event_name":"Drug Dealer","floor":21,"gold_loss":0,"cards_obtained":["hermit:Midnight","hermit:Glare"]},{"damage_healed":0,"gold_gain":0,"player_choice":"Read","damage_taken":0,"max_hp_gain":0,"max_hp_loss":0,"event_name":"The Library","floor":30,"gold_loss":0,"cards_obtained":["hermit:FullyLoaded"]},{"damage_healed":0,"gold_gain":0,"player_choice":"Memory 2","damage_taken":5,"max_hp_gain":0,"max_hp_loss":0,"event_name":"SensoryStone","floor":37,"gold_loss":0},{"damage_healed":21,"gold_gain":0,"player_choice":"Writhe","damage_taken":0,"max_hp_gain":0,"max_hp_loss":0,"event_name":"Winding Halls","floor":39,"gold_loss":0,"cards_obtained":["Writhe"]},{"damage_healed":0,"gold_gain":0,"player_choice":"Fight","damage_taken":0,"max_hp_gain":0,"max_hp_loss":0,"event_name":"Mysterious Sphere","floor":42,"gold_loss":0},{"damage_healed":0,"gold_gain":0,"player_choice":"Upgraded","damage_taken":0,"max_hp_gain":0,"max_hp_loss":0,"event_name":"Upgrade Shrine","floor":45,"gold_loss":0,"cards_upgraded":["hermit:Brawl"]},{"cards_removed":["hermit:Midnight"],"damage_healed":0,"gold_gain":0,"player_choice":"Removed Skill","damage_taken":0,"max_hp_gain":0,"max_hp_loss":0,"event_name":"Falling","floor":48,"gold_loss":0}],"is_beta":true,"boss_relics":[{"not_picked":["Velvet Choker","Fusion Hammer"],"picked":"SlaversCollar"},{"not_picked":["Pandora\u0027s Box","Runic Dome"],"picked":"Cursed Key"}],"items_purged_floors":[],"is_endless":false,"potions_floor_spawned":[1,7,8,14,18,29,41,54],"killed_by":"The Heart","ascension_level":0}}