{"host":"ap8nepptd6icxyz7","time":1613122018,"event":{"mods":["2.2 Compatiblity","AchievementEnabler","BaseMod","Bestiary","Better Altar","Better Match","Better Note","Better Sensory Stone","Better Skull","Better Third Choice","Better Vampires","Colored Powertips","Colorless Booster Pack","Displayed Cursed Tome","Faster Ascension Climbing","Hermit","Highlight Path","Hubris","Marked Mod","Mimic Mod","Minty Spire (QoL Compilation)","Permanent Neow","Quick Restart","RRrroohrrRGHHhhh!!","Random Character Button","Rare Cards Sparkle","Relic Sorter","Relic Stats","SacredBarkPlus","Spikes Relics","StSLib","Uncapped"],"gold_per_floor":[110,110,110,110,130,164,164,193,218,236,236,236,262,277,277,373,373,388,388,388,407,407,407,407],"floor_reached":23,"language":"ENG","playtime":2081,"items_purged":[],"score":269,"play_id":"e5adf90b-d7bd-4c5f-b40b-b47ed8554c0f","local_time":"20210212032658","is_ascension_mode":true,"campfire_choices":[{"data":"Iron Wave","floor":7,"key":"SMITH"},{"floor":12,"key":"REST"},{"data":"Clash","floor":15,"key":"SMITH"}],"circlet_count":0,"master_deck":["Strike_R","Strike_R","Strike_R","Defend_R","Defend_R+1","Defend_R","Bash+1","Iron Wave+1","Burning Pact","Body Slam","Clash+1","Rage","hubris:NaturalOne","Pommel Strike","Uppercut","Bludgeon","Headbutt","Demon Form+1","Bludgeon","Battle Trance+1","Clash"],"relics":["Burning Blood","Orichalcum","hubris:TenFootPole","RollingBoulder","hubris:Icosahedron","Pear","hubris:VirtuousBlindfold"],"acts_visited":["Exordium","TheCity"],"potions_floor_usage":[6,13],"damage_taken":[{"damage":0,"enemies":"2 Louse","floor":1,"turns":3},{"damage":3,"enemies":"Jaw Worm","floor":5,"turns":5},{"damage":9,"enemies":"Lagavulin","floor":6,"turns":5},{"damage":15,"enemies":"Gremlin Nob","floor":8,"turns":4},{"damage":4,"enemies":"Small Slimes","floor":10,"turns":3},{"damage":12,"enemies":"3 Sentries","floor":13,"turns":8},{"damage":0,"enemies":"3 Louse","floor":14,"turns":4},{"damage":22,"enemies":"The Guardian","floor":16,"turns":12},{"damage":17,"enemies":"3 Byrds","floor":18,"turns":6},{"damage":1,"enemies":"Shell Parasite","floor":21,"turns":3},{"damage":45,"enemies":"Book of Stabbing","floor":23,"turns":3}],"seed_played":"-4155678007291147398","potions_obtained":[{"floor":1,"key":"Dexterity Potion"},{"floor":6,"key":"Fire Potion"}],"is_trial":false,"path_per_floor":["M","?","?","?","M","E","R","E","T","M","?","R","E","M","R","B",null,"M","?","?","M","?","E"],"character_chosen":"IRONCLAD","items_purchased":[],"campfire_rested":1,"item_purchase_floors":[],"current_hp_per_floor":[78,71,55,55,58,55,55,46,46,48,48,72,76,82,82,66,84,73,73,73,78,78,33,33],"gold":407,"neow_bonus":"TRANSFORM_CARD","is_daily":false,"chose_seed":false,"campfire_upgraded":2,"win_rate":0.0,"timestamp":1613122018,"path_taken":["M","?","?","?","M","E","R","E","T","M","?","R","E","M","R","BOSS","M","?","?","?","?","E"],"items_purchased_type":[],"build_version":"2020-12-22","purchased_purges":0,"victory":false,"max_hp_per_floor":[80,80,80,80,80,80,80,80,80,80,80,80,90,90,90,90,90,90,90,90,90,90,90,90],"relic_stats":{"counters":[11,56],"Orichalcum":[30],"obtain_stats":[{"hubris:Icosahedron":11,"Pear":13,"hubris:VirtuousBlindfold":17,"RollingBoulder":9,"hubris:TenFootPole":8,"Orichalcum":6,"Burning Blood":0},{"hubris:Icosahedron":5,"Pear":6,"hubris:VirtuousBlindfold":8,"RollingBoulder":4,"hubris:TenFootPole":4,"Orichalcum":3,"Burning Blood":0},{"hubris:Icosahedron":20,"Pear":28,"hubris:VirtuousBlindfold":44,"RollingBoulder":17,"hubris:TenFootPole":17,"Orichalcum":13,"Burning Blood":0}],"Burning Blood":60},"card_choices":[{"not_picked":["Dropkick","Rupture"],"picked":"Burning Pact","floor":1},{"not_picked":["Anger","Heavy Blade"],"picked":"Clash","floor":5},{"not_picked":["Flame Barrier","Rampage"],"picked":"Rage","floor":6},{"not_picked":["Rage","Hemokinesis","Anger"],"picked":"SKIP","floor":8},{"not_picked":["Thunderclap","Carnage","Perfected Strike"],"picked":"SKIP","floor":10},{"not_picked":["Perfected Strike","Clothesline"],"picked":"Pommel Strike","floor":13},{"not_picked":["Rage","Heavy Blade"],"picked":"Uppercut","floor":14},{"not_picked":["Feed","Juggernaut"],"picked":"Bludgeon","floor":16},{"not_picked":["Carnage","Blood for Blood"],"picked":"Headbutt","floor":18},{"not_picked":["hubris:SharpeningStone+1","Blood for Blood+1"],"picked":"Battle Trance+1","floor":21}],"player_experience":19702,"relics_obtained":[{"floor":6,"key":"Orichalcum"},{"floor":8,"key":"hubris:TenFootPole"},{"floor":9,"key":"RollingBoulder"},{"floor":13,"key":"Pear"}],"event_choices":[{"cards_removed":["Strike_R"],"damage_healed":0,"gold_gain":0,"player_choice":"Card Removal","damage_taken":7,"max_hp_gain":0,"max_hp_loss":0,"event_name":"Golden Wing","floor":2,"gold_loss":0},{"damage_healed":71,"gold_gain":0,"player_choice":"Upgrade","damage_taken":16,"max_hp_gain":0,"max_hp_loss":80,"event_name":"betterThird:BetterShining","floor":3,"gold_loss":0,"cards_upgraded":["Bash","Defend_R"]},{"damage_healed":0,"gold_gain":0,"cards_transformed":["Defend_R"],"player_choice":"Change","damage_taken":0,"max_hp_gain":0,"max_hp_loss":0,"event_name":"Living Wall","floor":4,"gold_loss":0,"cards_obtained":["Body Slam"]},{"damage_healed":0,"gold_gain":0,"player_choice":"Take","damage_taken":0,"max_hp_gain":0,"max_hp_loss":0,"event_name":"betterNote:BetterNote","floor":19,"gold_loss":0,"cards_obtained":["Demon Form"]},{"damage_healed":0,"gold_gain":0,"player_choice":"Copied","damage_taken":0,"max_hp_gain":0,"max_hp_loss":0,"event_name":"Duplicator","floor":20,"gold_loss":0,"cards_obtained":["Bludgeon"]},{"damage_healed":0,"gold_gain":0,"player_choice":"Read","damage_taken":0,"max_hp_gain":0,"max_hp_loss":0,"event_name":"The Library","floor":22,"gold_loss":0,"cards_obtained":["Clash"]}],"is_beta":false,"boss_relics":[{"not_picked":["Black Blood","Runic Dome"],"picked":"hubris:VirtuousBlindfold"}],"items_purged_floors":[],"is_endless":false,"potions_floor_spawned":[1,6],"killed_by":"Book of Stabbing","ascension_level":6}}