{"host":"sc0o2qwpf9j16a4i","time":1613154341,"event":{"mods":["AchievementEnabler","BaseMod","BetterRewards","Block Reminder","Colored Map","Colored Powertips","Custom Start","Highlight Path","Minty Spire (QoL Compilation)","Relic Stats"],"gold_per_floor":[112,3,18,18,34,65,65,90,90,103,131,150,150,164,164,241,241,256,267,267,267,283,283,317,330,354,12,26,26,39,51,51,51,51],"floor_reached":33,"language":"ENG","playtime":1245,"items_purged":[],"score":582,"play_id":"dc684ebc-dd56-4729-ad14-5925de015de2","local_time":"20210212202541","is_ascension_mode":true,"campfire_choices":[{"data":"Uppercut","floor":7,"key":"SMITH"},{"floor":13,"key":"REST"},{"floor":15,"key":"REST"},{"data":"Limit Break","floor":23,"key":"SMITH"},{"floor":32,"key":"REST"}],"circlet_count":0,"master_deck":["AscendersBane","Strike_R","Strike_R","Strike_R","Strike_R","Strike_R","Defend_R","Defend_R","Defend_R","Defend_R+1","Bash","Secret Weapon+1","Pommel Strike","Uppercut+1","Shrug It Off","Metallicize","Spot Weakness","Rampage","Ghostly Armor","Sword Boomerang","Limit Break+1","Disarm","Ghostly","Ghostly","Ghostly","Clothesline","Uppercut","Flame Barrier","Heavy Blade"],"relics":["Burning Blood","WarpedTongs","Ancient Tea Set","Mercury Hourglass","Pen Nib","War Paint","Snecko Eye","Singing Bowl","Bag of Marbles","FossilizedHelix"],"acts_visited":["Exordium","TheCity"],"potions_floor_usage":[6,8,12,24,24,25],"damage_taken":[{"damage":7,"enemies":"2 Louse","floor":1,"turns":4},{"damage":9,"enemies":"Cultist","floor":3,"turns":4},{"damage":6,"enemies":"Small Slimes","floor":5,"turns":3},{"damage":32,"enemies":"3 Sentries","floor":6,"turns":11},{"damage":5,"enemies":"Gremlin Nob","floor":8,"turns":3},{"damage":10,"enemies":"Red Slaver","floor":10,"turns":4},{"damage":24,"enemies":"Lagavulin","floor":11,"turns":8},{"damage":15,"enemies":"Gremlin Gang","floor":12,"turns":3},{"damage":1,"enemies":"2 Fungi Beasts","floor":14,"turns":1},{"damage":25,"enemies":"Slime Boss","floor":16,"turns":10},{"damage":18,"enemies":"Shell Parasite","floor":18,"turns":4},{"damage":15,"enemies":"Spheric Guardian","floor":19,"turns":4},{"damage":1,"enemies":"Snecko","floor":22,"turns":5},{"damage":28,"enemies":"Slavers","floor":24,"turns":5},{"damage":0,"enemies":"Chosen and Byrds","floor":25,"turns":4},{"damage":15,"enemies":"Sentry and Sphere","floor":28,"turns":6},{"damage":0,"enemies":"Centurion and Healer","floor":30,"turns":6},{"damage":23,"enemies":"3 Cultists","floor":31,"turns":7},{"damage":45,"enemies":"Champ","floor":33,"turns":14}],"seed_played":"-2148484102940078152","potions_obtained":[{"floor":6,"key":"ColorlessPotion"},{"floor":12,"key":"Energy Potion"},{"floor":16,"key":"SkillPotion"},{"floor":24,"key":"Regen Potion"},{"floor":30,"key":"BlessingOfTheForge"}],"is_trial":false,"path_per_floor":["M","$","M","?","M","E","R","E","T","M","E","M","R","M","R","B",null,"M","M","?","?","M","R","E","M","T","$","M","?","M","M","R","B"],"character_chosen":"IRONCLAD","items_purchased":["Explosive Potion","PowerPotion","FossilizedHelix"],"campfire_rested":3,"item_purchase_floors":[2,2,27],"current_hp_per_floor":[67,67,64,64,64,38,38,39,39,35,17,8,30,35,57,38,66,54,45,37,37,37,37,15,35,35,35,28,28,34,17,29,0,0],"gold":51,"neow_bonus":"RANDOM_COLORLESS_2","is_daily":false,"chose_seed":false,"campfire_upgraded":2,"win_rate":0.0,"timestamp":1613154341,"path_taken":["M","$","M","?","M","E","R","E","T","M","E","M","R","M","R","BOSS","M","M","?","?","?","R","E","M","T","$","M","?","M","M","R","BOSS"],"items_purchased_type":["Potion","Potion","Relic"],"build_version":"2020-12-22","purchased_purges":0,"victory":false,"max_hp_per_floor":[75,75,75,75,75,75,75,75,75,75,75,75,75,75,75,75,75,75,75,37,37,37,37,37,39,39,39,41,41,41,41,41,41,41],"relic_stats":{"Singing Bowl":4,"counters":[19,106],"Snecko Eye":[103,99,97,87],"Pen Nib":[13],"War Paint":["Defend_R","Secret Weapon"],"obtain_stats":[{"Singing Bowl":24,"Snecko Eye":17,"Pen Nib":9,"Bag of Marbles":26,"War Paint":11,"Ancient Tea Set":6,"Burning Blood":0,"FossilizedHelix":27,"WarpedTongs":4,"Mercury Hourglass":8},{"Singing Bowl":14,"Snecko Eye":10,"Pen Nib":5,"Bag of Marbles":15,"War Paint":7,"Ancient Tea Set":4,"Burning Blood":0,"FossilizedHelix":15,"WarpedTongs":2,"Mercury Hourglass":5},{"Singing Bowl":69,"Snecko Eye":51,"Pen Nib":25,"Bag of Marbles":73,"War Paint":37,"Ancient Tea Set":22,"Burning Blood":0,"FossilizedHelix":73,"WarpedTongs":8,"Mercury Hourglass":25}],"Burning Blood":103,"WarpedTongs":[96],"Mercury Hourglass":[267]},"card_choices":[{"not_picked":["Violence","Secret Technique"],"picked":"Secret Weapon","floor":0},{"not_picked":["Armaments","Warcry"],"picked":"Pommel Strike","floor":1},{"not_picked":["Intimidate","Armaments"],"picked":"Uppercut","floor":3},{"not_picked":["Clothesline","Armaments"],"picked":"Shrug It Off","floor":5},{"not_picked":["Dual Wield","Disarm"],"picked":"Metallicize","floor":6},{"not_picked":["Perfected Strike","Bloodletting"],"picked":"Spot Weakness","floor":8},{"not_picked":["Shrug It Off","Feel No Pain"],"picked":"Rampage","floor":10},{"not_picked":["Exhume","Iron Wave","Havoc"],"picked":"SKIP","floor":11},{"not_picked":["Wild Strike","Clothesline"],"picked":"Ghostly Armor","floor":12},{"not_picked":["Armaments","Rupture"],"picked":"Sword Boomerang","floor":14},{"not_picked":["Offering","Brutality"],"picked":"Limit Break","floor":16},{"not_picked":["Perfected Strike","Iron Wave","Armaments"],"picked":"SKIP","floor":18},{"not_picked":["Second Wind","Evolve"],"picked":"Disarm","floor":19},{"not_picked":["Sword Boomerang","Anger"],"picked":"Clothesline","floor":22},{"not_picked":["Clash","Bloodletting"],"picked":"Uppercut","floor":24},{"not_picked":["Sentinel","Iron Wave+1","Combust"],"picked":"Singing Bowl","floor":25},{"not_picked":["Armaments","Body Slam","Inflame"],"picked":"Singing Bowl","floor":28},{"not_picked":["Wild Strike","Headbutt"],"picked":"Flame Barrier","floor":30},{"not_picked":["Rupture+1","Cleave+1"],"picked":"Heavy Blade","floor":31}],"player_experience":1379648,"relics_obtained":[{"floor":6,"key":"Ancient Tea Set"},{"floor":8,"key":"Mercury Hourglass"},{"floor":9,"key":"Pen Nib"},{"floor":11,"key":"War Paint"},{"floor":24,"key":"Singing Bowl"},{"floor":26,"key":"Bag of Marbles"}],"event_choices":[{"damage_healed":0,"gold_gain":0,"player_choice":"Rummage","damage_taken":0,"relics_obtained":["WarpedTongs"],"max_hp_gain":0,"max_hp_loss":0,"event_name":"Accursed Blacksmith","floor":4,"gold_loss":0,"cards_obtained":["Pain"]},{"damage_healed":0,"gold_gain":0,"player_choice":"Became a Ghost","damage_taken":0,"max_hp_gain":0,"max_hp_loss":38,"event_name":"Ghosts","floor":20,"gold_loss":0,"cards_obtained":["Ghostly","Ghostly","Ghostly"]},{"cards_removed":["Pain","Decay"],"damage_healed":0,"gold_gain":0,"player_choice":"Removed Curses","damage_taken":0,"max_hp_gain":0,"max_hp_loss":0,"event_name":"Fountain of Cleansing","floor":21,"gold_loss":0},{"damage_healed":0,"gold_gain":0,"player_choice":"Ignored","damage_taken":0,"max_hp_gain":0,"max_hp_loss":0,"event_name":"Vampires","floor":29,"gold_loss":0}],"is_beta":false,"boss_relics":[{"not_picked":["Black Star","Astrolabe"],"picked":"Snecko Eye"}],"items_purged_floors":[],"is_endless":false,"potions_floor_spawned":[3,5,6,12,16,18,24,30],"killed_by":"Champ","ascension_level":20}}