{"host":"bpnwh7vpv9k3tssc","time":1613137033,"event":{"mods":["BaseMod","Colored Map","Colored Powertips","Curses Come First","Highlight Path","Minty Spire (QoL Compilation)","Quick Restart","Random Character Button","Relic Sorter","StSLib"],"gold_per_floor":[117,127,144,69,69,69,95,95,95,12,12,12,25,75,75,149,149,159,193,193,212,223,223,223],"floor_reached":23,"language":"ENG","playtime":706,"items_purged":["Writhe"],"score":340,"play_id":"d8f42c56-8c66-4bc7-94ca-6a18a06b4af4","local_time":"20210212143713","is_ascension_mode":true,"campfire_choices":[{"data":"Rampage","floor":6,"key":"SMITH"},{"floor":8,"key":"REST"},{"data":"Uppercut","floor":12,"key":"SMITH"},{"floor":15,"key":"REST"}],"circlet_count":0,"master_deck":["AscendersBane","Strike_R","Strike_R+1","Strike_R","Strike_R","Strike_R+1","Defend_R","Defend_R","Defend_R","Defend_R","Bash","Uppercut+1","Rampage+1","Entrench+1","True Grit+1","Flex+1","Havoc+1","Demon Form","Infernal Blade+1","Warcry+1","Thunderclap","Pummel"],"relics":["Burning Blood","Lizard Tail","Toxic Egg 2","Mummified Hand","Bag of Preparation","Fusion Hammer","Red Mask","FaceOfCleric"],"acts_visited":["Exordium","TheCity"],"potions_floor_usage":[7,16,19],"damage_taken":[{"damage":6,"enemies":"Cultist","floor":1,"turns":5},{"damage":2,"enemies":"2 Louse","floor":2,"turns":3},{"damage":11,"enemies":"Jaw Worm","floor":3,"turns":3},{"damage":40,"enemies":"3 Sentries","floor":7,"turns":8},{"damage":10,"enemies":"Blue Slaver","floor":13,"turns":3},{"damage":24,"enemies":"Hexaghost","floor":16,"turns":7},{"damage":8,"enemies":"Shell Parasite","floor":18,"turns":5},{"damage":43,"enemies":"Masked Bandits","floor":19,"turns":5},{"damage":30,"enemies":"3 Byrds","floor":21,"turns":5},{"damage":15,"enemies":"Snake Plant","floor":22,"turns":3},{"damage":44,"enemies":"Gremlin Leader","floor":23,"turns":3}],"seed_played":"-3865427845677180058","potions_obtained":[{"floor":2,"key":"CultistPotion"},{"floor":3,"key":"Ancient Potion"},{"floor":13,"key":"AttackPotion"},{"floor":18,"key":"Fruit Juice"},{"floor":21,"key":"Swift Potion"}],"is_trial":false,"path_per_floor":["M","M","M","$","?","R","E","R","T","$","?","R","M","T","R","B",null,"M","?","?","M","M","E"],"character_chosen":"IRONCLAD","items_purchased":["True Grit+1","Flex+1"],"campfire_rested":2,"item_purchase_floors":[10,10],"current_hp_per_floor":[68,72,67,67,67,67,33,55,55,55,32,32,28,28,50,32,64,62,30,30,47,39,0,0],"gold":223,"neow_bonus":"ONE_RARE_RELIC","is_daily":false,"chose_seed":false,"campfire_upgraded":2,"win_rate":0.0,"timestamp":1613137033,"path_taken":["M","M","?","$","?","R","E","R","T","$","?","R","M","?","R","BOSS","M","?","?","?","M","E"],"items_purchased_type":["Card","Card"],"build_version":"2020-12-22","purchased_purges":1,"victory":false,"max_hp_per_floor":[75,75,75,75,75,75,75,75,75,75,75,75,75,75,75,75,75,75,80,80,81,82,82,82],"card_choices":[{"not_picked":["Sword Boomerang","Anger"],"picked":"Uppercut","floor":1},{"not_picked":["Heavy Blade","True Grit"],"picked":"Rampage","floor":2},{"not_picked":["Combust","Clothesline","True Grit"],"picked":"SKIP","floor":3},{"not_picked":["Whirlwind","Shrug It Off+1"],"picked":"Entrench+1","floor":7},{"not_picked":["Sever Soul","Dropkick"],"picked":"Havoc+1","floor":13},{"not_picked":["Feed","Brutality"],"picked":"Demon Form","floor":16},{"not_picked":["Flex+1","Headbutt"],"picked":"Infernal Blade+1","floor":18},{"not_picked":["Burning Pact+1","Flex+1"],"picked":"Warcry+1","floor":19},{"not_picked":["Perfected Strike","Cleave"],"picked":"Thunderclap","floor":21},{"not_picked":["Heavy Blade","Pommel Strike"],"picked":"Pummel","floor":22}],"player_experience":377230,"relics_obtained":[{"floor":7,"key":"Toxic Egg 2"},{"floor":9,"key":"Mummified Hand"},{"floor":14,"key":"Bag of Preparation"},{"floor":19,"key":"Red Mask"}],"event_choices":[{"damage_healed":0,"gold_gain":0,"player_choice":"Leave","damage_taken":0,"max_hp_gain":0,"max_hp_loss":0,"event_name":"The Cleric","floor":5,"gold_loss":0},{"damage_healed":0,"gold_gain":0,"player_choice":"Entered Light","damage_taken":23,"max_hp_gain":0,"max_hp_loss":0,"event_name":"Shining Light","floor":11,"gold_loss":0,"cards_upgraded":["Strike_R","Strike_R"]},{"damage_healed":0,"gold_gain":0,"player_choice":"Fought Bandits","damage_taken":0,"max_hp_gain":0,"max_hp_loss":0,"event_name":"Masked Bandits","floor":19,"gold_loss":0},{"damage_healed":0,"gold_gain":0,"player_choice":"Trade","damage_taken":0,"relics_obtained":["FaceOfCleric"],"max_hp_gain":0,"max_hp_loss":0,"event_name":"FaceTrader","floor":20,"gold_loss":0}],"is_beta":false,"boss_relics":[{"not_picked":["Runic Cube","SlaversCollar"],"picked":"Fusion Hammer"}],"items_purged_floors":[4],"is_endless":false,"potions_floor_spawned":[2,3,13,18,21],"killed_by":"Gremlin Leader","ascension_level":16}}