{"host":"8iaoobhpyvel1t4g","time":1613090998,"event":{"mods":["Aspiration","BaseMod","Beaked The Cultist","Clawfect","Colored Map","Conspire","Energized Spire","Friendly Minions","Glutton Mod","Halation","Highlight Path","Hubris","Infinite Spire","Jedi Mod","Minty Spire (QoL Compilation)","Permanent Neow","Quick Restart","Replay The Spire","Shop Mod","StSLib","SuperFastMode","The Jungle","TheVacant","Weighted Paths"],"gold_per_floor":[118,134,134,134,59,93,93,118,144,170,183,200,234,234,234,329,329,347,347,347,438,438,438],"floor_reached":22,"language":"ENG","playtime":1194,"items_purged":["Doubt"],"score":346,"play_id":"84046dda-31a6-47a2-8aca-8c4014d07f71","local_time":"20210211194958","is_ascension_mode":true,"campfire_choices":[{"data":"jedi:locknload","floor":7.0,"key":"SMITH"},{"floor":15.0,"key":"REST"}],"circlet_count":0,"master_deck":["Gash+1","Gash+1","Gash+1","Gash+1","Gash+1","Defend_B","Defend_B","Defend_B","Defend_B","Defend_B","ReplayTheSpireMod:Splinters","Sickly","Clawfect:ClawSnap+1","Rebound+1","jedi:locknload+1","Defragment+1","Glacier","Crystallizer","Clawfect:ClawCell+1","jedi:BurstDark","Pot Of Greed","Pot Of Greed","Parasite","Overencumbered","CommonCold","Hyperbeam","Pot Of Greed"],"relics":["Clawfect:DRClaw","infinitespire:Cupcake","Ring of Panic","ReplayTheSpireMod:Ring of Sloth","halation:StarCompass","infinitespire:ShieldingShard","hubris:SoftwareUpdate","hubris:OldNail","hubris:SlimyHat","Replay:Ancient Bell","Grinning Jar","Replay:Bottled Flurry","infinitespire:Magic Flask","halation:PromiseList"],"acts_visited":["Exordium","TheCity"],"potions_floor_usage":[],"damage_taken":[{"damage":9.0,"enemies":"conspire:RoseBush","floor":1.0,"turns":4.0},{"damage":2.0,"enemies":"2 Louse","floor":2.0,"turns":4.0},{"damage":27.0,"enemies":"Lagavulin","floor":6.0,"turns":5.0},{"damage":15.0,"enemies":"Gremlin Nob","floor":8.0,"turns":4.0},{"damage":13.0,"enemies":"Lagavulin","floor":10.0,"turns":5.0},{"damage":0.0,"enemies":"Small Slimes","floor":11.0,"turns":4.0},{"damage":0.0,"enemies":"Blue Slaver","floor":12.0,"turns":3.0},{"damage":3.0,"enemies":"Gremlin Nob","floor":13.0,"turns":5.0},{"damage":1,"enemies":"Slime Boss","floor":16,"turns":7},{"damage":11,"enemies":"Spheric Guardian","floor":18,"turns":7},{"damage":0,"enemies":"conspire:FuzzyDice","floor":22,"turns":1}],"seed_played":"-6498871050949135860","potions_obtained":[{"floor":1.0,"key":"DistilledChaos"},{"floor":6.0,"key":"SkillPotion"},{"floor":13.0,"key":"Venom Potion"}],"is_trial":false,"path_per_floor":["M","M","?","?","$","E","R","E","T","E","M","M","E","?","R","B",null,"M","?","?","?","M"],"character_chosen":"DEFECT","items_purchased":[],"campfire_rested":1,"item_purchase_floors":[],"current_hp_per_floor":[66,64,64,64,64,37,37,22,22,9,9,9,6,6,28,27,75,64,50,50,50,50,50],"gold":438,"neow_bonus":"CURSED_BOSS_RELIC","is_daily":false,"chose_seed":false,"campfire_upgraded":1,"win_rate":0.0,"timestamp":1613090998,"path_taken":["M","M","?","?","$","E","R","E","T","E","M","M","E","?","R","BOSS","M","?","?","?","?"],"items_purchased_type":[],"build_version":"2020-12-22","purchased_purges":1,"victory":false,"max_hp_per_floor":[75,75,75,75,75,75,75,75,75,75,75,75,75,75,75,75,75,75,80,80,80,80,80],"card_choices":[{"not_picked":["Crystallizer","Redo"],"picked":"Clawfect:ClawSnap","floor":1.0},{"not_picked":["Stack","ReplaySolidLightProjector"],"picked":"Rebound","floor":2.0},{"not_picked":["Lockon","Stack"],"picked":"jedi:locknload","floor":6.0},{"not_picked":["Aggregate","jedi:BurstFrost"],"picked":"Defragment","floor":8.0},{"not_picked":["Genetic Algorithm","Hologram"],"picked":"Glacier","floor":10.0},{"not_picked":["jedi:blockon","ReplayTheSpireMod:Dual Polarity"],"picked":"Crystallizer","floor":11.0},{"not_picked":["jedi:BurstLightning","ReplayTheSpireMod:System Scan","Double Energy"],"picked":"SKIP","floor":12.0},{"not_picked":["hubris:Ukulele","Clawfect:Clawline"],"picked":"Clawfect:ClawCell","floor":13.0},{"not_picked":["Amplify","Rainbow"],"picked":"jedi:BurstDark","floor":16},{"not_picked":["Pain","ReplayTheSpireMod:Restless Dread"],"picked":"Parasite","floor":17},{"not_picked":["jedi:BattleThirst","hubris:Wrath"],"picked":"Overencumbered","floor":17},{"not_picked":["Spreading Infection","Parasite"],"picked":"CommonCold","floor":17},{"not_picked":["Redo+1","Clawfect:ClawingBeam","jedi:overflow+1"],"picked":"SKIP","floor":18},{"not_picked":["Turbo","Tempest"],"picked":"Hyperbeam","floor":21}],"player_experience":329581,"relics_obtained":[{"floor":3.0,"key":"Ring of Panic"},{"floor":3.0,"key":"ReplayTheSpireMod:Ring of Sloth"},{"floor":6.0,"key":"infinitespire:ShieldingShard"},{"floor":8.0,"key":"hubris:SoftwareUpdate"},{"floor":9.0,"key":"hubris:OldNail"},{"floor":10.0,"key":"jedi:crownofsimplicity"},{"floor":13.0,"key":"hubris:SlimyHat"},{"floor":21,"key":"halation:PromiseList"}],"event_choices":[{"damage_healed":0,"gold_gain":0,"player_choice":"Shed Blood","damage_taken":19,"max_hp_gain":5,"max_hp_loss":0,"event_name":"Forgotten Altar","floor":19,"gold_loss":0}],"is_beta":false,"boss_relics":[{"not_picked":["Tiny House","Kintsugi"],"picked":"Replay:Ancient Bell"},{"not_picked":["Replay:Bandana","Toy Ornithopter"],"picked":"Grinning Jar"},{"not_picked":["hubris:BottledRain","conspire:BottledYoYo"],"picked":"Replay:Bottled Flurry"},{"not_picked":["hubris:Teleporter","halation:BlackBeret"],"picked":"infinitespire:Magic Flask"}],"items_purged_floors":[5],"is_endless":false,"potions_floor_spawned":[1,6,13],"killed_by":"conspire:FuzzyDice","ascension_level":1}}