{"host":"rmt60uil2jppa14k","time":1613170923,"event":{"mods":["AchievementEnabler","BaseMod","Better Third Choice","Colored Powertips","Downfall","Highlight Path","Minty Spire (QoL Compilation)","Quick Restart","Rare Cards Sparkle","Shop Mod","StSLib"],"gold_per_floor":[112,112,125,101,101,101,101,117,117,117,31,31,49,70,70,189,189,204,219,219,144,164,18,18,18],"floor_reached":24,"language":"ENG","playtime":902,"items_purged":[],"score":186,"play_id":"9323bbf3-122c-4597-83c0-3e54fb39e777","local_time":"20210212230203","is_ascension_mode":false,"campfire_choices":[{"data":"Redo","floor":6,"key":"SMITH"},{"data":"Zap","floor":10,"key":"SMITH"},{"data":"Gash","floor":12,"key":"SMITH"},{"data":"Turbo","floor":15,"key":"SMITH"}],"circlet_count":0,"master_deck":["Strike_B","Strike_B","Strike_B","Strike_B","Defend_B","Defend_B","Defend_B","Defend_B","Zap+1","Dualcast","Redo+1","Cold Snap","Gash+1","Compile Driver","BootSequence","Conserve Battery","Double Energy","Turbo+1","Creative AI","Turbo","Defragment+1","Beam Cell+1","Undo","Conserve Battery+1","Electrodynamics","Stack","Steam+1"],"relics":["Cracked Core","NeowsBlessing","Golden Idol","Ornamental Fan","Inserter","Orrery"],"acts_visited":["Exordium","TheCity"],"potions_floor_usage":[13,16,16,24],"damage_taken":[{"damage":0,"enemies":"Jaw Worm","floor":1,"turns":1},{"damage":0,"enemies":"Cultist","floor":3,"turns":1},{"damage":0,"enemies":"2 Louse","floor":8,"turns":1},{"damage":0,"enemies":"Blue Slaver","floor":13,"turns":3},{"damage":0,"enemies":"Lots of Slimes","floor":14,"turns":4},{"damage":39,"enemies":"The Guardian","floor":16,"turns":13},{"damage":42,"enemies":"3 Byrds","floor":18,"turns":6},{"damage":16,"enemies":"Chosen","floor":19,"turns":7},{"damage":47,"enemies":"Snake Plant","floor":22,"turns":6},{"damage":1,"enemies":"Cultist and Chosen","floor":24,"turns":2}],"seed_played":"4645766023918413041","potions_obtained":[{"floor":8,"key":"ColorlessPotion"},{"floor":13,"key":"Block Potion"},{"floor":16,"key":"Fruit Juice"},{"floor":22,"key":"PowerPotion"}],"is_trial":false,"path_per_floor":["M","?","M","$","?","R","?","M","T","R","$","R","M","M","R","B",null,"M","M","?","?","M","$","M"],"character_chosen":"DEFECT","items_purchased":["Gash","BootSequence","Conserve Battery","Orrery"],"campfire_rested":0,"item_purchase_floors":[4,11,11,23],"current_hp_per_floor":[75,75,75,75,75,75,75,75,75,75,75,75,75,75,75,41,80,38,22,48,48,1,1,0,0],"gold":18,"neow_bonus":"THREE_ENEMY_KILL","is_daily":false,"chose_seed":false,"campfire_upgraded":4,"win_rate":0.0,"timestamp":1613170923,"path_taken":["M","?","?","$","?","R","?","M","T","R","?","R","M","?","R","BOSS","M","M","?","?","M","$","M"],"items_purchased_type":["Card","Card","Card","Relic"],"build_version":"2020-12-22","purchased_purges":0,"victory":false,"max_hp_per_floor":[75,75,75,75,75,75,75,75,75,75,75,75,75,75,75,80,80,80,80,80,80,80,80,80,80],"card_choices":[{"not_picked":["Conserve Battery","Turbo"],"picked":"Redo","floor":1},{"not_picked":["Consume","Reprogram"],"picked":"Cold Snap","floor":3},{"not_picked":["Go for the Eyes","Hologram"],"picked":"Compile Driver","floor":8},{"not_picked":["Stack","Beam Cell"],"picked":"Double Energy","floor":13},{"not_picked":["Hologram","Cold Snap"],"picked":"Turbo","floor":14},{"not_picked":["Hyperbeam","Meteor Strike"],"picked":"Creative AI","floor":16},{"not_picked":["Force Field+1","Go for the Eyes"],"picked":"Turbo","floor":18},{"not_picked":["Steam","Conserve Battery"],"picked":"Defragment+1","floor":19},{"not_picked":["Streamline","Go for the Eyes"],"picked":"Beam Cell+1","floor":22},{"not_picked":["Redo","Melter"],"picked":"Undo","floor":23},{"not_picked":["Steam Power","Go for the Eyes"],"picked":"Conserve Battery+1","floor":23},{"not_picked":["White Noise","Beam Cell+1"],"picked":"Electrodynamics","floor":23},{"not_picked":["Rebound","Coolheaded"],"picked":"Stack","floor":23},{"not_picked":["Hello World","Stack"],"picked":"Steam+1","floor":23}],"player_experience":167262,"relics_obtained":[{"floor":9,"key":"Ornamental Fan"}],"event_choices":[{"damage_healed":0,"gold_gain":0,"player_choice":"Ignored","damage_taken":0,"max_hp_gain":0,"max_hp_loss":0,"event_name":"NoteForYourself","floor":2,"gold_loss":0},{"damage_healed":0,"gold_gain":0,"player_choice":"Take Wound","damage_taken":0,"relics_obtained":["Golden Idol"],"max_hp_gain":0,"max_hp_loss":0,"event_name":"Golden Idol","floor":5,"gold_loss":0,"cards_obtained":["Injury"]},{"damage_healed":0,"gold_gain":0,"player_choice":"Leave","damage_taken":0,"max_hp_gain":0,"max_hp_loss":0,"event_name":"The Cleric","floor":7,"gold_loss":0},{"damage_healed":26,"gold_gain":0,"player_choice":"Heal","damage_taken":0,"max_hp_gain":0,"max_hp_loss":0,"event_name":"The Library","floor":20,"gold_loss":0},{"cards_removed":["Injury"],"damage_healed":0,"gold_gain":0,"player_choice":"Gave Gold","damage_taken":0,"max_hp_gain":0,"max_hp_loss":0,"event_name":"Beggar","floor":21,"gold_loss":75}],"is_beta":false,"boss_relics":[{"not_picked":["bronze:MakeshiftBattery","Empty Cage"],"picked":"Inserter"}],"items_purged_floors":[],"is_endless":false,"potions_floor_spawned":[8,13,16,22],"killed_by":"Cultist and Chosen","ascension_level":0}}