{"host":"uv231blk40vjdojr","time":1613157542,"event":{"mods":["BaseMod","Minty Spire (QoL Compilation)","Relic Stats","ojb\u0027s Info Mod"],"gold_per_floor":[119,194,211,69,87,114,114,142,168,168,177,205,221,241,241,340,340,360,369,396,396,405,405,432,57,82,94,128,137,156,185,185,185,185],"floor_reached":33,"language":"ENG","playtime":1252,"items_purged":["Writhe"],"score":456,"play_id":"d43417c3-15ad-48e9-9209-bab3a28c82eb","local_time":"20210212201902","is_ascension_mode":true,"campfire_choices":[{"data":"Eruption","floor":7,"key":"SMITH"},{"data":"Ragnarok","floor":10,"key":"SMITH"},{"data":"FearNoEvil","floor":15,"key":"SMITH"},{"floor":23,"key":"REST"},{"floor":29,"key":"REST"},{"data":"RitualDagger","floor":32,"key":"SMITH"}],"circlet_count":0,"master_deck":["Strike_P","Strike_P","Strike_P","Defend_P","Defend_P","Defend_P","Defend_P","Eruption+1","Vigilance","ThirdEye","Ragnarok+1","FearNoEvil","Conclude","FearNoEvil+1","SashWhip+1","RitualDagger+1","Indignation+1","Prostrate+1","Protect"],"relics":["Runic Dome","Toy Ornithopter","CeramicFish","Vajra","WarpedTongs","Empty Cage","Shuriken","Anchor","Dream Catcher","Oddly Smooth Stone","Melange","Frozen Egg 2","Pear"],"acts_visited":["Exordium","TheCity"],"potions_floor_usage":[16,24,28,31,31,33],"damage_taken":[{"damage":0,"enemies":"Jaw Worm","floor":1,"turns":3},{"damage":0,"enemies":"Small Slimes","floor":3,"turns":4},{"damage":0,"enemies":"Cultist","floor":5,"turns":3},{"damage":10,"enemies":"3 Sentries","floor":6,"turns":4},{"damage":0,"enemies":"Gremlin Nob","floor":8,"turns":2},{"damage":2,"enemies":"Red Slaver","floor":12,"turns":2},{"damage":3,"enemies":"Exordium Thugs","floor":13,"turns":2},{"damage":0,"enemies":"2 Fungi Beasts","floor":14,"turns":1},{"damage":28,"enemies":"Hexaghost","floor":16,"turns":7},{"damage":16,"enemies":"Shell Parasite","floor":18,"turns":4},{"damage":18,"enemies":"2 Thieves","floor":20,"turns":3},{"damage":14,"enemies":"Slavers","floor":24,"turns":4},{"damage":11,"enemies":"Centurion and Healer","floor":27,"turns":5},{"damage":0,"enemies":"Gremlin Leader","floor":28,"turns":3},{"damage":0,"enemies":"3 Cultists","floor":30,"turns":2},{"damage":8,"enemies":"Slavers","floor":31,"turns":5},{"damage":66,"enemies":"Collector","floor":33,"turns":5}],"seed_played":"-831376698138634676","potions_obtained":[{"floor":1,"key":"SkillPotion"},{"floor":6,"key":"BottledMiracle"},{"floor":8,"key":"FearPotion"},{"floor":13,"key":"Swift Potion"},{"floor":18,"key":"StancePotion"},{"floor":24,"key":"LiquidBronze"},{"floor":27,"key":"Fire Potion"},{"floor":30,"key":"PowerPotion"}],"is_trial":false,"path_per_floor":["M","?","M","$","M","E","R","E","T","R","?","M","M","M","R","B",null,"M","?","M","T","?","R","E","$","T","M","E","R","M","E","R","B"],"character_chosen":"WATCHER","items_purchased":["Ragnarok","Oddly Smooth Stone","Melange"],"campfire_rested":2,"item_purchase_floors":[4,25,25],"current_hp_per_floor":[72,61,61,61,61,51,51,51,51,51,51,49,46,46,46,23,60,44,38,20,20,20,41,32,32,32,21,26,47,47,59,59,0,0],"gold":185,"neow_bonus":"BOSS_RELIC","is_daily":false,"chose_seed":false,"campfire_upgraded":4,"win_rate":0.0,"timestamp":1613157542,"path_taken":["M","?","M","?","M","E","R","E","T","R","?","M","M","?","R","BOSS","M","?","M","?","?","R","E","$","T","M","E","R","M","E","R","BOSS"],"items_purchased_type":["Card","Relic","Relic"],"build_version":"2020-12-22","purchased_purges":1,"victory":false,"max_hp_per_floor":[72,72,72,72,72,72,72,72,72,72,72,72,72,72,72,72,72,72,72,72,72,72,72,72,72,72,72,72,72,72,82,82,82,82],"relic_stats":{"Dream Catcher":1,"counters":[17,59],"Shuriken":[6],"CeramicFish":72,"Melange":[9],"obtain_stats":[{"Pear":31,"CeramicFish":8,"Vajra":9,"Oddly Smooth Stone":25,"Melange":25,"Frozen Egg 2":28,"Empty Cage":17,"WarpedTongs":11,"Runic Dome":0,"Anchor":22,"Dream Catcher":24,"Shuriken":21,"PureWater":0,"Toy Ornithopter":6},{"Pear":16,"CeramicFish":5,"Vajra":5,"Oddly Smooth Stone":12,"Melange":12,"Frozen Egg 2":14,"Empty Cage":9,"WarpedTongs":5,"Runic Dome":0,"Anchor":11,"Dream Catcher":12,"Shuriken":11,"PureWater":0,"Toy Ornithopter":4},{"Pear":54,"CeramicFish":16,"Vajra":16,"Oddly Smooth Stone":39,"Melange":39,"Frozen Egg 2":47,"Empty Cage":28,"WarpedTongs":16,"Runic Dome":0,"Anchor":35,"Dream Catcher":39,"Shuriken":35,"PureWater":0,"Toy Ornithopter":14}],"Toy Ornithopter":30,"WarpedTongs":[43]},"card_choices":[{"not_picked":["WaveOfTheHand","Protect","Prostrate"],"picked":"SKIP","floor":1},{"not_picked":["JustLucky","SignatureMove"],"picked":"ThirdEye","floor":3},{"not_picked":["Indignation","FlyingSleeves"],"picked":"FearNoEvil","floor":5},{"not_picked":["Consecrate","MentalFortress"],"picked":"Conclude","floor":6},{"not_picked":["Consecrate","FlurryOfBlows","BattleHymn"],"picked":"SKIP","floor":8},{"not_picked":["Pray","EmptyMind"],"picked":"FearNoEvil","floor":12},{"not_picked":["FollowUp","Ragnarok","Crescendo"],"picked":"SKIP","floor":13},{"not_picked":["EmptyFist","Weave","Consecrate"],"picked":"SKIP","floor":14},{"not_picked":["WheelKick","CutThroughFate"],"picked":"SashWhip+1","floor":18},{"not_picked":["EmptyBody","Fasting2"],"picked":"Indignation+1","floor":20},{"not_picked":["Consecrate","Vengeance+1","Nirvana"],"picked":"SKIP","floor":24},{"not_picked":["JustLucky","ClearTheMind","FlyingSleeves"],"picked":"SKIP","floor":27},{"not_picked":["ClearTheMind","BattleHymn+1"],"picked":"Prostrate+1","floor":28},{"not_picked":["WheelKick","ForeignInfluence+1"],"picked":"Protect","floor":29},{"not_picked":["FlyingSleeves+1","BowlingBash","WheelKick"],"picked":"SKIP","floor":30},{"not_picked":["Brilliance","FollowUp","Nirvana+1"],"picked":"SKIP","floor":31}],"player_experience":766993,"relics_obtained":[{"floor":6,"key":"Toy Ornithopter"},{"floor":8,"key":"CeramicFish"},{"floor":9,"key":"Vajra"},{"floor":21,"key":"Shuriken"},{"floor":24,"key":"Dream Catcher"},{"floor":28,"key":"Frozen Egg 2"},{"floor":31,"key":"Pear"}],"event_choices":[{"damage_healed":0,"gold_gain":75,"player_choice":"Gather Gold","damage_taken":11,"max_hp_gain":0,"max_hp_loss":0,"event_name":"World of Goop","floor":2,"gold_loss":0},{"damage_healed":0,"gold_gain":0,"player_choice":"Rummage","damage_taken":0,"relics_obtained":["WarpedTongs"],"max_hp_gain":0,"max_hp_loss":0,"event_name":"Accursed Blacksmith","floor":11,"gold_loss":0,"cards_obtained":["Pain"]},{"damage_healed":0,"gold_gain":0,"player_choice":"Joined the Cult","damage_taken":6,"max_hp_gain":0,"max_hp_loss":0,"event_name":"Nest","floor":19,"gold_loss":0,"cards_obtained":["RitualDagger"]},{"damage_healed":0,"gold_gain":0,"player_choice":"Opened","damage_taken":0,"relics_obtained":["Anchor"],"max_hp_gain":0,"max_hp_loss":0,"event_name":"The Mausoleum","floor":22,"gold_loss":0,"cards_obtained":["Writhe"]}],"is_beta":false,"boss_relics":[{"not_picked":["Sozu","SlaversCollar"],"picked":"Empty Cage"}],"items_purged_floors":[25],"is_endless":false,"potions_floor_spawned":[1,6,8,13,14,18,24,27,30],"killed_by":"Collector","ascension_level":5}}