{"host":"wuernuywc9gl215o","time":1613143055,"event":{"mods":["2.2 Compatiblity","AchievementEnabler","BaseMod","Bestiary","Block Reminder","Displayed Cursed Tome","Highlight Path","Key Reminder","Minty Spire (QoL Compilation)","Permanent Neow","Potion Indicator Mod","Quick Restart","Rare Cards Sparkle","Relic Stats","ojb\u0027s Info Mod"],"gold_per_floor":[116,131,131,143,155,187,187,187,187],"floor_reached":8,"language":"ENG","playtime":562,"items_purged":[],"score":75,"play_id":"e534d8d9-bfd9-4eb6-9322-c79b23a57729","local_time":"20210212151735","is_ascension_mode":true,"campfire_choices":[{"floor":7.0,"key":"REST"}],"circlet_count":0,"master_deck":["Strike_B","Strike_B","Strike_B","Defend_B","Defend_B","Defend_B","Defend_B","Zap","Dualcast","Skim","Leap","Compile Driver","Machine Learning"],"relics":["Snecko Eye","Sundial"],"acts_visited":["Exordium"],"potions_floor_usage":[],"damage_taken":[{"damage":5.0,"enemies":"Small Slimes","floor":1.0,"turns":4.0},{"damage":1.0,"enemies":"Cultist","floor":2.0,"turns":4.0},{"damage":0.0,"enemies":"2 Louse","floor":4.0,"turns":3.0},{"damage":8.0,"enemies":"Lots of Slimes","floor":5.0,"turns":6.0},{"damage":45.0,"enemies":"Lagavulin","floor":6.0,"turns":10.0},{"damage":31,"enemies":"Gremlin Nob","floor":8,"turns":4}],"seed_played":"2165819322520040502","potions_obtained":[{"floor":2.0,"key":"SkillPotion"}],"is_trial":false,"path_per_floor":["M","M","?","M","M","E","R","E"],"character_chosen":"DEFECT","items_purchased":[],"campfire_rested":1,"item_purchase_floors":[],"current_hp_per_floor":[63,62,62,62,54,9,31,0,0],"gold":187,"neow_bonus":"BOSS_RELIC","is_daily":false,"chose_seed":false,"campfire_upgraded":0,"win_rate":0.0,"timestamp":1613143055,"path_taken":["M","M","?","M","M","E","R","E"],"items_purchased_type":[],"build_version":"2020-12-22","purchased_purges":0,"victory":false,"max_hp_per_floor":[75,75,75,75,75,75,75,75,75],"relic_stats":{"counters":[6,31],"Sundial":[2],"Snecko Eye":[53,71,57,63],"obtain_stats":[{"Sundial":6,"Snecko Eye":0,"Cracked Core":0},{"Sundial":5,"Snecko Eye":0,"Cracked Core":0},{"Sundial":27,"Snecko Eye":0,"Cracked Core":0}]},"card_choices":[{"not_picked":["Barrage","Redo"],"picked":"Skim","floor":1.0},{"not_picked":["Go for the Eyes","Auto Shields","Beam Cell"],"picked":"SKIP","floor":2.0},{"not_picked":["Storm","Auto Shields","Leap"],"picked":"SKIP","floor":4.0},{"not_picked":["Storm","Auto Shields"],"picked":"Leap","floor":4.0},{"not_picked":["Beam Cell","Blizzard"],"picked":"Compile Driver","floor":5.0},{"not_picked":["Compile Driver","Skim"],"picked":"Machine Learning","floor":6.0}],"player_experience":927720,"relics_obtained":[{"floor":6.0,"key":"Sundial"}],"event_choices":[{"cards_removed":["Strike_B"],"damage_healed":0.0,"max_hp_gain":0.0,"max_hp_loss":0.0,"gold_gain":0.0,"event_name":"Bonfire Elementals","player_choice":"Offered Basic","floor":3.0,"gold_loss":0.0,"damage_taken":0.0}],"is_beta":false,"boss_relics":[],"items_purged_floors":[],"is_endless":false,"potions_floor_spawned":[2],"killed_by":"Gremlin Nob","ascension_level":6}}