{"host":"r0gwzuklarxkbv63","time":1613088814,"event":{"mods":["2.2 Compatiblity","AchievementEnabler","Act Like it!","AlwaysNeverKeys","Aspiration","BaseMod","Better Altar","Better Match","Better Note","Better Sensory Stone","Better Skull","Better Third Choice","BetterRewards","Block Reminder","Colored Map","Colored Powertips","Conspire","Curses Come First","Dark Map","Defuse TimeMaze Blight","Displayed Cursed Tome","Downfall","GifTheSpireLib","Halation","Hubris","Humility","Infinite Spire","Menagerie","Minty Spire (QoL Compilation)","Permanent Neow","Quick Restart","RNG Fix","Rare Cards Sparkle","RatMod","Relic Sorter","Relic Stats","Replay The Spire","Reworked Bosses","Shop Mod","Spikes Relics","StSLib","Stuff the Spire","SuperFastMode","The Blue Laboratory","The Sage","Uncapped","Unceasing Turn Reminder","UnlockEverythingMod","Username Fix","egg"],"gold_per_floor":[117,132,132,132,51,82,99,13,40,60,60,60,95,95,95,170,170,187,201,201,201,212,212,249,263,288,308,308,308,308],"floor_reached":29,"language":"ENG","playtime":1211,"items_purged":[],"score":482,"play_id":"589a0f37-a89f-4d42-8c80-bdaac93e4412","local_time":"20210211181334","is_ascension_mode":true,"campfire_choices":[{"floor":12.0,"key":"REST"},{"data":"Absolvement","floor":15.0,"key":"SMITH"},{"floor":23,"key":"REST"}],"circlet_count":0,"master_deck":["AscendersBane","Strike_B","Strike_B","Strike_B","Defend_B","Defend_B","Zap","Dualcast","White Noise","Metamorphosis+1","Chill","Menagerie:DarkRitual","Defragment","Absolvement+1","Sunder","Defend_G","Sneak Up","Predator","A Thousand Cuts","ReplayTheSpireMod:GoodbyeWorld","StuffTheSpire:Incineration","Calculated Gamble","Sneak Up"],"relics":["Cracked Core","halation:PinkSoulGem","halation:Gekota","Dead Branch","PrismaticShard","Pet Ghost","Peace Pipe","hubris:SoftwareUpdate","hubris:HollowSoul","halation:EternalFortune","CeramicFish","infinitespire:Freezer"],"acts_visited":["Menagerie:Menagerie","TheCity"],"potions_floor_usage":[22,27,29],"damage_taken":[{"damage":1.0,"enemies":"Menagerie:2_RABBITS","floor":1.0,"turns":3.0},{"damage":2.0,"enemies":"Menagerie:MaskedSummoner","floor":6.0,"turns":2.0},{"damage":8.0,"enemies":"Menagerie:StygianBoar","floor":7.0,"turns":3.0},{"damage":9.0,"enemies":"Menagerie:MonstrousExperiment","floor":10.0,"turns":3.0},{"damage":7.0,"enemies":"Menagerie:Hydra","floor":13.0,"turns":4.0},{"damage":20.0,"enemies":"Menagerie:AVATARS","floor":16.0,"turns":4.0},{"damage":13.0,"enemies":"2 Thieves","floor":18.0,"turns":3.0},{"damage":8.0,"enemies":"Shell Parasite","floor":19.0,"turns":7.0},{"damage":39,"enemies":"Centurion and Healer","floor":22,"turns":4},{"damage":13,"enemies":"conspire:Head Lice","floor":24,"turns":5},{"damage":4,"enemies":"Shelled Parasite and Fungi","floor":25,"turns":6},{"damage":2,"enemies":"3 Cultists","floor":27,"turns":3},{"damage":17,"enemies":"Centurion and Healer","floor":29,"turns":3}],"seed_played":"3686714760293251763","potions_obtained":[{"floor":1.0,"key":"AttackPotion"},{"floor":16.0,"key":"blueLaboratory:FrostheartPotion"},{"floor":18.0,"key":"Adrenaline Potion"},{"floor":25,"key":"Strength Potion"},{"floor":27,"key":"blueLaboratory:PyrophylliteBrew"}],"is_trial":false,"path_per_floor":["M","?","?","?","$","E","M","$","T","M","?","R","E","T","R","B",null,"M","M","?","?","M","R","E","M","T","M","?","M"],"character_chosen":"DEFECT","items_purchased":["White Noise","Metamorphosis","Chill","Adrenaline Potion","Defragment","Sunder"],"campfire_rested":2,"item_purchase_floors":[0,0,0,0,5,8],"current_hp_per_floor":[63,63,63,63,63,61,53,53,53,44,44,64,57,57,57,37,60,47,39,39,42,3,24,11,7,7,5,5,0,0],"gold":308,"neow_bonus":"","is_daily":false,"chose_seed":false,"campfire_upgraded":1,"win_rate":0.0,"timestamp":1613088814,"path_taken":["M","?","?","?","$","E","M","?","T","?","?","R","E","?","R","BOSS","M","M","?","?","M","R","E","M","T","?","?","?"],"items_purchased_type":["Card","Card","Card","Potion","Card","Card"],"build_version":"2020-12-22","purchased_purges":0,"victory":false,"max_hp_per_floor":[71,71,68,68,68,68,68,68,68,68,68,68,68,68,68,68,68,68,68,68,71,71,71,71,71,71,71,71,71,71],"relic_stats":{"Peace Pipe":0,"counters":[13,52],"Dead Branch":[121],"CeramicFish":18,"obtain_stats":[{"Peace Pipe":13,"halation:Gekota":6,"hubris:SoftwareUpdate":14,"Dead Branch":0,"CeramicFish":24,"halation:EternalFortune":21,"hubris:HollowSoul":17,"Cracked Core":0,"PrismaticShard":3,"halation:PinkSoulGem":28,"Pet Ghost":9,"infinitespire:Freezer":26},{"Peace Pipe":5,"halation:Gekota":2,"hubris:SoftwareUpdate":5,"Dead Branch":0,"CeramicFish":10,"halation:EternalFortune":8,"hubris:HollowSoul":6,"Cracked Core":0,"PrismaticShard":1,"halation:PinkSoulGem":12,"Pet Ghost":3,"infinitespire:Freezer":11},{"Peace Pipe":15,"halation:Gekota":5,"hubris:SoftwareUpdate":15,"Dead Branch":0,"CeramicFish":38,"halation:EternalFortune":29,"hubris:HollowSoul":19,"Cracked Core":0,"PrismaticShard":3,"halation:PinkSoulGem":47,"Pet Ghost":8,"infinitespire:Freezer":44}]},"card_choices":[{"not_picked":["Rebound","Leap","Sweeping Beam"],"picked":"SKIP","floor":1.0},{"not_picked":["Menagerie:LightningHelix","Menagerie:MirarisWake"],"picked":"Menagerie:DarkRitual","floor":4.0},{"not_picked":["hexamod:GhostShield","champ:PerfectedStrike"],"picked":"Absolvement","floor":6.0},{"not_picked":["Sneak Up","Guardian:SentryBeam","Dash"],"picked":"SKIP","floor":7.0},{"not_picked":["bronze:Shield","Acrobatics","StuffTheSpire:Synthwave"],"picked":"SKIP","floor":10.0},{"not_picked":["Anger","hexamod:InspiringFlames","Slimebound:SplitAcid"],"picked":"SKIP","floor":13.0},{"not_picked":["sagemod:Riches","Offering"],"picked":"A Thousand Cuts","floor":16.0},{"not_picked":["Slimebound:Schlurp","sagemod:Poem"],"picked":"ReplayTheSpireMod:GoodbyeWorld","floor":18.0},{"not_picked":["champ:GutPunch","sagemod:Crank"],"picked":"StuffTheSpire:Incineration","floor":19.0},{"not_picked":["Concentrate","Flex","Guardian:Planning"],"picked":"SKIP","floor":22},{"not_picked":["Concentrate","Flex","Guardian:Planning"],"picked":"SKIP","floor":22},{"not_picked":["hexamod:NightmareGuise","hexamod:BacktrackSmack"],"picked":"Calculated Gamble","floor":24},{"not_picked":["StuffTheSpire:SnapShoot+1","Rebound+1","rat:SilveredBlade"],"picked":"SKIP","floor":25},{"not_picked":["Bane","hexamod:AdvancingGuard"],"picked":"Sneak Up","floor":27}],"player_experience":0,"relics_obtained":[{"floor":6.0,"key":"halation:Gekota"},{"floor":9.0,"key":"Pet Ghost"},{"floor":13.0,"key":"Peace Pipe"},{"floor":14.0,"key":"hubris:SoftwareUpdate"},{"floor":24,"key":"CeramicFish"},{"floor":26,"key":"infinitespire:Freezer"}],"event_choices":[{"damage_healed":0.0,"max_hp_gain":0.0,"max_hp_loss":0.0,"gold_gain":15.0,"event_name":"Menagerie:CloudVision","player_choice":"Cunning","floor":2.0,"gold_loss":0.0,"damage_taken":0.0,"cards_upgraded":["Metamorphosis"]},{"damage_healed":0.0,"max_hp_gain":0.0,"max_hp_loss":3.0,"gold_gain":0.0,"event_name":"Menagerie:ShimmeringGrove","player_choice":"Enter","floor":3.0,"gold_loss":0.0,"damage_taken":0.0,"relics_obtained":["PrismaticShard"]},{"damage_healed":0.0,"max_hp_gain":0.0,"max_hp_loss":0.0,"gold_gain":0.0,"event_name":"Menagerie:OvergrownLibrary","player_choice":"Peek","floor":4.0,"gold_loss":0.0,"damage_taken":0.0}],"is_beta":false,"boss_relics":[{"not_picked":["halation:PlatinumPhoenix","halation:CatFaceCupcake"],"picked":"hubris:HollowSoul"}],"items_purged_floors":[],"is_endless":false,"potions_floor_spawned":[1,16,18,25,27],"killed_by":"Centurion and Healer","ascension_level":20,"is_humility":true}}