{"host":"r6lqs70fdfl5jnjl","time":1613114535,"event":{"mods":["Act Like it!","BaseMod","Minty Spire (QoL Compilation)","StSLib"],"gold_per_floor":[117,131,81,98,108,143,143,174,223,238,257,257,257,40,40,143,143,156,172,172,172],"floor_reached":20,"language":"ZHS","playtime":1431,"items_purged":[],"score":186,"play_id":"de11b83f-5deb-4ff7-9ab9-09475d1882d9","local_time":"20210212152215","is_ascension_mode":false,"campfire_choices":[{"floor":7.0,"key":"REST"},{"floor":15.0,"key":"REST"}],"circlet_count":0,"master_deck":["Strike_R","Strike_R","Strike_R","Defend_R","Defend_R","Defend_R","Bash","Pommel Strike","Battle Trance","Dual Wield","True Grit","Rupture","Blood for Blood+1","Heavy Blade","Cleave","Inflame","Double Tap","Outmaneuver","Backstab+1"],"relics":["Burning Blood","NeowsBlessing","Kunai","Mercury Hourglass","Juzu Bracelet","MealTicket","PrismaticShard","Empty Cage"],"acts_visited":["Exordium","TheCity"],"potions_floor_usage":[20],"damage_taken":[{"damage":0.0,"enemies":"Cultist","floor":1.0,"turns":1.0},{"damage":0.0,"enemies":"Small Slimes","floor":2.0,"turns":1.0},{"damage":0.0,"enemies":"Jaw Worm","floor":4.0,"turns":1.0},{"damage":37.0,"enemies":"Exordium Thugs","floor":5.0,"turns":6.0},{"damage":20.0,"enemies":"Gremlin Nob","floor":6.0,"turns":4.0},{"damage":37.0,"enemies":"3 Sentries","floor":8.0,"turns":10.0},{"damage":14.0,"enemies":"Lots of Slimes","floor":10.0,"turns":3.0},{"damage":10.0,"enemies":"Looter","floor":11.0,"turns":2.0},{"damage":52.0,"enemies":"The Guardian","floor":16.0,"turns":7.0},{"damage":21.0,"enemies":"3 Byrds","floor":18.0,"turns":4.0},{"damage":25.0,"enemies":"Spheric Guardian","floor":19.0,"turns":4.0},{"damage":46,"enemies":"Shelled Parasite and Fungi","floor":20,"turns":3}],"seed_played":"-996249617916404906","potions_obtained":[{"floor":1.0,"key":"GamblersBrew"},{"floor":6.0,"key":"DistilledChaos"},{"floor":11.0,"key":"Weak Potion"},{"floor":16.0,"key":"SteroidPotion"},{"floor":19.0,"key":"Dexterity Potion"}],"is_trial":false,"path_per_floor":["M","M","?","M","M","E","R","E","T","M","M","T","?","$","R","B",null,"M","M","M"],"character_chosen":"IRONCLAD","items_purchased":["PrismaticShard","Inflame"],"campfire_rested":2,"item_purchase_floors":[14,14],"current_hp_per_floor":[80,80,80,80,49,35,59,28,28,20,16,16,16,31,55,9,80,65,46,0,0],"gold":172,"neow_bonus":"THREE_ENEMY_KILL","is_daily":false,"chose_seed":false,"campfire_upgraded":0,"win_rate":0.0,"timestamp":1613114535,"path_taken":["M","?","?","M","M","E","R","E","T","M","M","?","?","?","R","BOSS","M","M","M"],"items_purchased_type":["Relic","Card"],"build_version":"2020-12-22","purchased_purges":0,"victory":false,"max_hp_per_floor":[80,80,80,80,80,80,80,80,80,80,80,80,80,80,80,80,80,80,80,80,80],"card_choices":[{"not_picked":["Combust","Perfected Strike"],"picked":"Pommel Strike","floor":1.0},{"not_picked":["True Grit","Perfected Strike"],"picked":"Battle Trance","floor":2.0},{"not_picked":["Rage","Entrench"],"picked":"Dual Wield","floor":4.0},{"not_picked":["Pommel Strike","Dropkick"],"picked":"True Grit","floor":5.0},{"not_picked":["Anger","Perfected Strike"],"picked":"Rupture","floor":6.0},{"not_picked":["Pommel Strike","Entrench"],"picked":"Blood for Blood","floor":8.0},{"not_picked":["Anger","Body Slam"],"picked":"Heavy Blade","floor":10.0},{"not_picked":["Body Slam","Dual Wield"],"picked":"Cleave","floor":11.0},{"not_picked":["Bludgeon","Panache"],"picked":"Double Tap","floor":16.0},{"not_picked":["Cold Snap","SignatureMove"],"picked":"Outmaneuver","floor":18.0},{"not_picked":["Mind Blast","Headbutt"],"picked":"Backstab+1","floor":19.0}],"player_experience":3269,"relics_obtained":[{"floor":6.0,"key":"Kunai"},{"floor":8.0,"key":"Mercury Hourglass"},{"floor":9.0,"key":"Juzu Bracelet"},{"floor":12.0,"key":"MealTicket"}],"event_choices":[{"cards_removed":["Strike_R"],"damage_healed":0.0,"max_hp_gain":0.0,"max_hp_loss":0.0,"gold_gain":0.0,"event_name":"The Cleric","player_choice":"Card Removal","floor":3.0,"gold_loss":50.0,"damage_taken":0.0},{"damage_healed":0.0,"max_hp_gain":0.0,"max_hp_loss":0.0,"gold_gain":0.0,"event_name":"Upgrade Shrine","player_choice":"Upgraded","floor":13.0,"gold_loss":0.0,"damage_taken":0.0,"cards_upgraded":["Blood for Blood"]}],"is_beta":false,"boss_relics":[{"not_picked":["Snecko Eye","Cursed Key"],"picked":"Empty Cage"}],"items_purged_floors":[],"is_endless":false,"potions_floor_spawned":[1,6,11,16,19],"killed_by":"Shelled Parasite and Fungi","ascension_level":0}}