{"host":"gaqyve1328ta0etl","time":1613117203,"event":{"mods":["BaseMod","Colored Map","Colored Powertips","Duelist Mod","Googly Eyes","Hero for Fun","Minty Spire (QoL Compilation)","Shop Mod","StSLib","SuperFastMode","The Hierophant","The Runesmith"],"gold_per_floor":[143,160,172,97,110,110,144,114,114,128,128,143,163,174,174,271,271,285,47,65,82,82,82,82,82,106,141,161,177,177,196,196,292,292,311,311,324,324,324,324,18,35,35,35,60,77,77,107,107,107],"floor_reached":51,"language":"ENG","playtime":2877,"items_purged":["theDuelist:Sparks","theDuelist:CastleWalls","theDuelist:CastleWalls","theDuelist:Sparks"],"score":1110,"play_id":"6681459c-b7b0-46f8-9305-1be0ed900517","local_time":"20210212000643","is_ascension_mode":true,"campfire_choices":[{"data":"theDuelist:IceQueen","floor":6.0,"key":"SMITH"},{"data":"theDuelist:IrisEarthMother","floor":11.0,"key":"SMITH"},{"data":"theDuelist:LightningDarts","floor":15.0,"key":"SMITH"},{"data":"theDuelist:ExodiaRA","floor":23,"key":"SMITH"},{"floor":30,"key":"REST"},{"floor":32,"key":"REST"},{"data":"theDuelist:ExodiaHead","floor":40,"key":"SMITH"},{"data":"theDuelist:ExodiaHead+1","floor":44,"key":"SMITH"},{"data":"theDuelist:ClearKuriboh+1","floor":47,"key":"SMITH"},{"data":"theDuelist:Nameless:Power:AssaultArmor","floor":49,"key":"SMITH"}],"circlet_count":0,"master_deck":["theDuelist:BloodSparks","theDuelist:DarkMagician","theDuelist:MysticalElf","theDuelist:MysticalElf","theDuelist:NeoMagic","theDuelist:NeoMagic","theDuelist:WhiteHowling","theDuelist:IceQueen+1","theDuelist:ApprenticeIllusionMagician","theDuelist:BlizzardPrincess","theDuelist:LightningDarts+1","theDuelist:IrisEarthMother+1","theDuelist:InjectionFairy","theDuelist:SkilledDarkMagician+1","theDuelist:InjectionFairy","theDuelist:ExodiaHead+2","theDuelist:ExodiaRA+1","theDuelist:ExodiaLL+1","theDuelist:Nameless:War:SpiralSpearStrike","theDuelist:Nameless:Power:AssaultArmor+1","theDuelist:Nameless:Magic:AllyJustice","theDuelist:RainbowMagician+1","theDuelist:RainbowKuriboh+1","theDuelist:ExodiaLA","theDuelist:ExodiaRL+1","theDuelist:VoidExpansion+1","theDuelist:ClearKuriboh+2"],"relics":["theDuelist:MillenniumPuzzle","theDuelist:CardPoolRelic","theDuelist:CardPoolBasicRelic","theDuelist:BoosterPackPoolRelic","theDuelist:CardPoolAddRelic","theDuelist:CardPoolMinusRelic","theDuelist:CardPoolSaveRelic","theDuelist:CardPoolOptionsRelic","NeowsBlessing","Bird Faced Urn","theDuelist:SolderToken","Sozu","theDuelist:MerchantPendant","Prayer Wheel","theDuelist:CursedHealer","Runesmith:AutoHammer","Mercury Hourglass","SlaversCollar","theDuelist:DuelistOrichalcum","Medical Kit","theDuelist:InversionRelic","Smiling Mask","theDuelist:StoneExxod"],"acts_visited":["Exordium","TheCity","TheBeyond"],"potions_floor_usage":[27],"damage_taken":[{"damage":0.0,"enemies":"Cultist","floor":1.0,"turns":1.0},{"damage":0.0,"enemies":"Small Slimes","floor":2.0,"turns":2.0},{"damage":0.0,"enemies":"2 Louse","floor":3.0,"turns":2.0},{"damage":16.0,"enemies":"Gremlin Gang","floor":5.0,"turns":8.0},{"damage":9.0,"enemies":"Lagavulin","floor":7.0,"turns":9.0},{"damage":0.0,"enemies":"Looter","floor":8.0,"turns":4.0},{"damage":8.0,"enemies":"Blue Slaver","floor":10.0,"turns":4.0},{"damage":4.0,"enemies":"Exordium Wildlife","floor":12.0,"turns":3.0},{"damage":5.0,"enemies":"Exordium Thugs","floor":13.0,"turns":6.0},{"damage":3.0,"enemies":"Gremlin Gang","floor":14.0,"turns":3.0},{"damage":17.0,"enemies":"The Guardian","floor":16.0,"turns":13.0},{"damage":0,"enemies":"Chosen","floor":18,"turns":3},{"damage":0,"enemies":"Spheric Guardian","floor":20,"turns":3},{"damage":0,"enemies":"Chosen and Byrds","floor":21,"turns":5},{"damage":74,"enemies":"Slavers","floor":27,"turns":8},{"damage":0,"enemies":"Snecko","floor":28,"turns":4},{"damage":6,"enemies":"Shelled Parasite and Fungi","floor":29,"turns":5},{"damage":25,"enemies":"Cultist and Chosen","floor":31,"turns":5},{"damage":44,"enemies":"Champ","floor":33,"turns":17},{"damage":7,"enemies":"3 Darklings","floor":35,"turns":3},{"damage":23,"enemies":"Orb Walker","floor":37,"turns":6},{"damage":0,"enemies":"Maw","floor":42,"turns":6},{"damage":1,"enemies":"Giant Head","floor":45,"turns":9},{"damage":21,"enemies":"3 Darklings","floor":46,"turns":8},{"damage":0,"enemies":"Nemesis","floor":48,"turns":5},{"damage":97,"enemies":"Time Eater","floor":50,"turns":10}],"seed_played":"3287855718561945225","potions_obtained":[{"floor":1.0,"key":"theDuelist:TokenPotion"},{"floor":10.0,"key":"theDuelist:SteelBrew"},{"floor":12.0,"key":"SpeedPotion"}],"is_trial":false,"path_per_floor":["M","M","M","$","M","R","E","M","T","M","R","M","M","M","R","B",null,"M","$","M","M","T","R","?","?","T","E","M","M","R","M","R","B",null,"M","?","M","?","?","R","$","M","T","R","E","M","R","E","R","B",null],"character_chosen":"THE_DUELIST","items_purchased":["theDuelist:MerchantPendant","theDuelist:ExodiaRA","Medical Kit"],"campfire_rested":2,"item_purchase_floors":[19,19,41],"current_hp_per_floor":[76,80,84,84,72,72,63,63,63,57,57,63,72,74,74,99,99,101,101,103,105,105,105,116,116,116,50,54,58,93,77,111,111,113,107,107,93,87,87,87,87,89,89,89,106,97,97,99,99,16],"gold":107,"neow_bonus":"THREE_ENEMY_KILL","is_daily":false,"chose_seed":false,"campfire_upgraded":8,"win_rate":0.0,"timestamp":1613117203,"path_taken":["M","M","M","$","M","R","E","?","T","M","R","M","M","M","R","BOSS","M","$","M","M","?","R","?","?","T","E","?","M","R","M","R","BOSS","M","?","M","?","?","R","?","M","T","R","E","M","R","E","R","BOSS"],"items_purchased_type":["Relic","Card","Relic"],"build_version":"2020-12-22","purchased_purges":4,"victory":true,"max_hp_per_floor":[84,88,92,92,96,96,96,96,96,96,96,99,103,101,101,99,99,101,101,103,105,105,105,116,116,116,118,116,118,118,116,116,114,114,112,112,110,110,110,110,110,108,108,108,106,104,104,102,102,100],"card_choices":[{"not_picked":["theDuelist:BlizzardWarrior","theDuelist:SpiritHarp","theDuelist:CharcoalInpachi","theDuelist:StatueAnguishPattern"],"picked":"theDuelist:WhiteHowling","floor":1.0},{"not_picked":["theDuelist:QueenDragunDjinn","theDuelist:DarkPaladin"],"picked":"theDuelist:IceQueen","floor":2.0},{"not_picked":["theDuelist:RainbowMagician","theDuelist:SwordsRevealing","theDuelist:InariFire","theDuelist:VoidVanishment"],"picked":"theDuelist:ApprenticeIllusionMagician","floor":3.0},{"not_picked":["theDuelist:GateGuardian","theDuelist:RainbowDarkDragon","theDuelist:CosmicHorrorGangiel","theDuelist:IrisEarthMother"],"picked":"theDuelist:BlizzardPrincess","floor":5.0},{"not_picked":["theDuelist:GraniteLoyalist","theDuelist:Mudora","theDuelist:RainbowOverdragon","theDuelist:SmashingGround"],"picked":"theDuelist:LightningDarts","floor":7.0},{"not_picked":["theDuelist:EarthquakeGiant","theDuelist:GiantSoldierSteel","theDuelist:MillenniumGolem","theDuelist:WeepingIdol"],"picked":"theDuelist:IrisEarthMother","floor":8.0},{"not_picked":["theDuelist:BlizzardWarrior","theDuelist:SangaThunder","theDuelist:NeoMagic","theDuelist:ExodiaRA"],"picked":"theDuelist:InjectionFairy","floor":10.0},{"not_picked":["theDuelist:GilfordLegend","theDuelist:Mudora","theDuelist:WormWarlord","theDuelist:LightningVortex","theDuelist:Sangan"],"picked":"SKIP","floor":12.0},{"not_picked":["theDuelist:Wildfire+1","theDuelist:MythicalBeast+1"],"picked":"theDuelist:SkilledDarkMagician+1","floor":13.0},{"not_picked":["theDuelist:NeoMagic","theDuelist:SilentDoom","theDuelist:SangaEarth","theDuelist:MythicalBeast"],"picked":"theDuelist:InjectionFairy","floor":14.0},{"not_picked":["theDuelist:QueenDragunDjinn","theDuelist:DarkPaladin","theDuelist:IceQueen","theDuelist:SwordsBurning"],"picked":"theDuelist:ExodiaHead","floor":16.0},{"not_picked":["theDuelist:BloodSparks","theDuelist:CastleWalls","theDuelist:MysticalElf+1","theDuelist:Sparks","theDuelist:InjectionFairy+1"],"picked":"SKIP","floor":18},{"not_picked":["theDuelist:WormWarlord","theDuelist:GemElephant+1","theDuelist:Blockman","theDuelist:ForbiddenLance","theDuelist:SlotMachine"],"picked":"SKIP","floor":20},{"not_picked":["theDuelist:BlizzardPrincess","theDuelist:IcyCrevasse","theDuelist:WonderWand","theDuelist:SkilledDarkMagician"],"picked":"theDuelist:ExodiaLL+1","floor":21},{"not_picked":["theDuelist:IcyCrevasse","theDuelist:Illusionist+1","theDuelist:MysticalElf","theDuelist:PowerKaishin","theDuelist:AncientElf"],"picked":"SKIP","floor":27},{"not_picked":["theDuelist:GuardianAngel+1","theDuelist:LegendaryFlameLord+1"],"picked":"theDuelist:RainbowMagician+1","floor":28},{"not_picked":["theDuelist:AttackTheMoon+1","theDuelist:DarklordSuperbia","theDuelist:Fissure","theDuelist:MillenniumGolem","theDuelist:PowerGiant"],"picked":"SKIP","floor":28},{"not_picked":["theDuelist:SangaThunder","theDuelist:DarkMagicianGirl","theDuelist:LordD","theDuelist:OnslaughtFireKings","theDuelist:ThousandEyesIdol+1"],"picked":"SKIP","floor":29},{"not_picked":["theDuelist:NeoMagic","theDuelist:CallAtlanteans","theDuelist:Illusionist+1","theDuelist:SpellShatteringArrow","theDuelist:FairyBox"],"picked":"SKIP","floor":29},{"not_picked":["theDuelist:ApprenticeIllusionMagician","theDuelist:Hinotama+1","theDuelist:DestructPotion","theDuelist:DianKeto+1","theDuelist:RedMedicine+1"],"picked":"SKIP","floor":31},{"not_picked":["theDuelist:ApprenticeIllusionMagician","theDuelist:InjectionFairy+1","theDuelist:ExodiaHead","theDuelist:Nameless:Magic:AllyJustice","theDuelist:RainbowMagician+1"],"picked":"SKIP","floor":31},{"not_picked":["theDuelist:RainbowMagician","theDuelist:IrisEarthMother","theDuelist:RainbowDarkDragon+1","theDuelist:RainbowOverdragon"],"picked":"theDuelist:RainbowKuriboh+1","floor":33},{"not_picked":["theDuelist:LegendaryExodia+1","theDuelist:BookSecret","theDuelist:BadReaction","theDuelist:ThousandEyesRestrict"],"picked":"theDuelist:ExodiaLA","floor":35},{"not_picked":["theDuelist:SangaThunder","theDuelist:OnslaughtFireKings+1","theDuelist:Mudballman+1","theDuelist:MysticalElf","theDuelist:Graverobber+1"],"picked":"SKIP","floor":35},{"not_picked":["theDuelist:CosmicHorrorGangiel+1","theDuelist:SkilledDarkMagician","theDuelist:SangaEarth+1","theDuelist:FrontierWiseman"],"picked":"theDuelist:ExodiaRL+1","floor":37},{"not_picked":["theDuelist:Yami+1","theDuelist:TimeWizard","theDuelist:MagiciansRobe"],"picked":"theDuelist:VoidExpansion+1","floor":37},{"not_picked":["theDuelist:DarkMagicianGirl+1","theDuelist:FogKing+1","theDuelist:ThousandEyesIdol+1","theDuelist:LegendaryFlameLord+1","theDuelist:DoomShaman"],"picked":"SKIP","floor":42},{"not_picked":["theDuelist:DarkMagician","theDuelist:SpiritHarp+1","theDuelist:BlizzardWarrior+1","theDuelist:GoblinSecret","theDuelist:BadReaction"],"picked":"SKIP","floor":42},{"not_picked":["theDuelist:DarkMagician","theDuelist:Illusionist","theDuelist:WhiteMagicalHat","theDuelist:SpellShatteringArrow","theDuelist:Mudballman"],"picked":"SKIP","floor":45},{"not_picked":["theDuelist:EarthquakeGiant","theDuelist:Fissure+1","theDuelist:BattleguardKing+1","theDuelist:GilfordLegend+1"],"picked":"theDuelist:ClearKuriboh+1","floor":46},{"not_picked":["theDuelist:GuardianAngel","theDuelist:SpellShatteringArrow+1","theDuelist:GeminiElf","theDuelist:ExodiaLL","theDuelist:InfernoFireBlast"],"picked":"SKIP","floor":46},{"not_picked":["theDuelist:GraniteLoyalist","theDuelist:DianKeto+1","theDuelist:Jinzo+1","theDuelist:PotDichotomy+1","theDuelist:HeavyStorm+1"],"picked":"SKIP","floor":48}],"player_experience":2146660,"relics_obtained":[{"floor":7.0,"key":"Bird Faced Urn"},{"floor":9.0,"key":"theDuelist:SolderToken"},{"floor":22,"key":"Prayer Wheel"},{"floor":26,"key":"Runesmith:AutoHammer"},{"floor":27,"key":"Mercury Hourglass"},{"floor":43,"key":"theDuelist:InversionRelic"},{"floor":45,"key":"Smiling Mask"},{"floor":48,"key":"theDuelist:StoneExxod"}],"event_choices":[{"power_reward":4,"total_magic_score":176,"gold_gain":0,"duelist":true,"damage_taken":0,"relics_obtained":[],"points":17,"war_reward":4,"max_hp_gain":11,"max_hp_loss":0,"spent_points":{"magic":4,"greed":0,"war":4,"power":4,"hunger":4},"event_name":"Nameless Tomb","hunger_reward":4,"floor":24,"gold_loss":0,"magic_reward":4,"cards_obtained":["theDuelist:Nameless:War:SpiralSpearStrike","theDuelist:Nameless:Power:AssaultArmor","theDuelist:Nameless:Magic:AllyJustice"]},{"damage_healed":0,"gold_gain":0,"player_choice":"Succumb - +25HP/Cursed Relic","duelist":true,"damage_taken":0,"max_hp_gain":0,"max_hp_loss":0,"event_name":"Tomb of the Nameless","floor":25,"gold_loss":0},{"damage_healed":0,"gold_gain":0,"player_choice":"Leave","duelist":true,"damage_taken":0,"max_hp_gain":0,"max_hp_loss":0,"event_name":"Millennium Items","floor":36,"gold_loss":0},{"damage_healed":0,"gold_gain":0,"player_choice":"Dig - random Duelist relic","duelist":true,"damage_taken":0,"max_hp_gain":0,"max_hp_loss":0,"event_name":"Aknamkanon\u0027s Tomb","floor":38,"gold_loss":0},{"damage_healed":0,"gold_gain":0,"player_choice":"Leave","duelist":true,"damage_taken":0,"max_hp_gain":0,"max_hp_loss":0,"event_name":"Relic Duplicator","floor":39,"gold_loss":0}],"is_beta":false,"boss_relics":[{"not_picked":["Cursed Key","theDuelist:ElectricKey"],"picked":"Sozu"},{"not_picked":["Runic Cube","Black Star"],"picked":"SlaversCollar"}],"items_purged_floors":[4,19,19,41],"is_endless":false,"potions_floor_spawned":[1,10,12,21,31,35,42,46],"ascension_level":9}}