{"host":"fxrgx7wt2cpkbhka","time":1613130014,"event":{"mods":["AchievementEnabler","BaseMod","Colored Powertips","Dark Map","Minty Spire (QoL Compilation)","Permanent Neow","Quick Restart","Slay-I","StSLib","Waifu the Spire"],"gold_per_floor":[111,286,296,70,70,70,70,84,107,107,134,134,134,149,149,223,223,236,236,204,204,204,204,204,204],"floor_reached":24,"language":"ENG","playtime":695,"items_purged":[],"score":326,"play_id":"a87abc9b-e045-4974-8b27-8adcfad8caec","local_time":"20210212034014","is_ascension_mode":true,"campfire_choices":[{"data":"Echo Form","floor":10,"key":"SMITH"},{"data":"Self Repair","floor":12,"key":"SMITH"},{"data":"Defragment","floor":15,"key":"SMITH"},{"floor":23,"key":"REST"}],"circlet_count":0,"master_deck":["AscendersBane","Strike_B","Strike_B","Strike_B","Defend_B","Defend_B","Defend_B","Defend_B","Zap","Dualcast","Cold Snap","Doubt","Auto Shields","Glacier","Echo Form+1","Defragment+1","Self Repair+1","BootSequence","Cold Snap+1","Defragment","Decay"],"relics":["Cracked Core","Vajra","DataDisk","Anchor","Emotion Chip","Inserter","MutagenicStrength","Enchiridion"],"acts_visited":["Exordium","TheCity"],"potions_floor_usage":[16,24,24],"damage_taken":[{"damage":1,"enemies":"Cultist","floor":1,"turns":3},{"damage":10,"enemies":"Jaw Worm","floor":3,"turns":3},{"damage":4,"enemies":"Small Slimes","floor":8,"turns":3},{"damage":10,"enemies":"3 Sentries","floor":11,"turns":8},{"damage":4,"enemies":"Red Slaver","floor":14,"turns":4},{"damage":29,"enemies":"The Guardian","floor":16,"turns":11},{"damage":9,"enemies":"Spheric Guardian","floor":18,"turns":6},{"damage":34,"enemies":"2 Thieves","floor":20,"turns":5},{"damage":54,"enemies":"Gremlin Leader","floor":24,"turns":9}],"seed_played":"-3279019376332702237","potions_obtained":[{"floor":1,"key":"LiquidMemories"},{"floor":8,"key":"EssenceOfDarkness"},{"floor":18,"key":"Block Potion"}],"is_trial":false,"path_per_floor":["M","?","M","$","$","?","?","M","T","R","E","R","$","M","R","B",null,"M","?","M","?","?","R","E"],"character_chosen":"DEFECT","items_purchased":["DataDisk","Glacier"],"campfire_rested":1,"item_purchase_floors":[4,4],"current_hp_per_floor":[63,63,53,53,53,53,53,49,49,49,39,39,39,55,55,46,65,66,66,42,26,26,47,0,0],"gold":204,"neow_bonus":"RANDOM_COMMON_RELIC","is_daily":false,"chose_seed":false,"campfire_upgraded":3,"win_rate":0.0,"timestamp":1613130014,"path_taken":["M","?","M","?","$","?","?","M","T","R","E","R","$","?","R","BOSS","M","?","M","?","?","R","E"],"items_purchased_type":["Relic","Card"],"build_version":"2020-12-22","purchased_purges":0,"victory":false,"max_hp_per_floor":[71,71,71,71,71,71,71,71,71,71,71,71,71,71,71,71,71,71,71,71,71,71,71,71,71],"card_choices":[{"not_picked":["Lockon","BootSequence"],"picked":"Cold Snap","floor":1},{"not_picked":["Storm","Static Discharge"],"picked":"Auto Shields","floor":3},{"not_picked":["Leap","Redo"],"picked":"Defragment","floor":8},{"not_picked":["Leap","Rebound"],"picked":"Self Repair","floor":11},{"not_picked":["Coolheaded","Redo"],"picked":"BootSequence","floor":14},{"not_picked":["Gash","Auto Shields"],"picked":"Cold Snap+1","floor":18},{"not_picked":["Barrage","Cold Snap"],"picked":"Defragment","floor":20}],"player_experience":772169,"relics_obtained":[{"floor":9,"key":"Anchor"},{"floor":11,"key":"Emotion Chip"},{"floor":21,"key":"Enchiridion"}],"event_choices":[{"damage_healed":0,"gold_gain":175,"player_choice":"AGREE","damage_taken":0,"max_hp_gain":0,"max_hp_loss":0,"event_name":"Liars Game","floor":2,"gold_loss":0,"cards_obtained":["Doubt"]},{"damage_healed":0,"gold_gain":0,"player_choice":"Ignored","damage_taken":0,"max_hp_gain":0,"max_hp_loss":0,"event_name":"Golden Wing","floor":6,"gold_loss":0},{"damage_healed":0,"gold_gain":0,"cards_transformed":["Strike_B"],"player_choice":"Transformed","damage_taken":0,"max_hp_gain":0,"max_hp_loss":0,"event_name":"Transmorgrifier","floor":7,"gold_loss":0,"cards_obtained":["Echo Form"]},{"damage_healed":0,"gold_gain":0,"player_choice":"Inject Mutagens","damage_taken":0,"relics_obtained":["MutagenicStrength"],"max_hp_gain":0,"max_hp_loss":0,"event_name":"Drug Dealer","floor":19,"gold_loss":0},{"damage_healed":0,"gold_gain":0,"player_choice":"Obtained Book","damage_taken":16,"max_hp_gain":0,"max_hp_loss":0,"event_name":"Cursed Tome","floor":21,"gold_loss":0},{"damage_healed":0,"gold_gain":0,"player_choice":"Smashed Altar","damage_taken":0,"max_hp_gain":0,"max_hp_loss":0,"event_name":"Forgotten Altar","floor":22,"gold_loss":0,"cards_obtained":["Decay"]}],"is_beta":false,"boss_relics":[{"not_picked":["Astrolabe","Velvet Choker"],"picked":"Inserter"}],"items_purged_floors":[],"is_endless":false,"potions_floor_spawned":[1,8,18],"killed_by":"Gremlin Leader","ascension_level":14}}