{"host":"85rg8sallz0lemh6","time":1613111448,"event":{"mods":["BaseMod","Bestiary","Colored Powertips","Highlight Path","Minty Spire (QoL Compilation)","Quick Restart"],"gold_per_floor":[113,123,123,55,55,88,88,115,415,415,415,415,442,442,442,545,545,561,575,595,615,73,73,73],"floor_reached":23,"language":"ENG","playtime":441,"items_purged":[],"score":267,"play_id":"c2567321-85eb-4c5a-a11b-a46e1c9efa91","local_time":"20210212003048","is_ascension_mode":true,"campfire_choices":[{"data":"Dualcast","floor":7,"key":"SMITH"},{"data":"Zap","floor":10,"key":"SMITH"},{"data":"Creative AI","floor":12,"key":"SMITH"},{"data":"Capacitor","floor":15,"key":"SMITH"}],"circlet_count":0,"master_deck":["Strike_B","Strike_B","Strike_B","Strike_B","Defend_B","Defend_B","Defend_B","Defend_B","Zap+1","Dualcast+1","Cold Snap","Creative AI+1","Capacitor+1","Ball Lightning","Amplify"],"relics":["Cracked Core","NeowsBlessing","CaptainsWheel","Bottled Flame","Old Coin","Cables","Matryoshka","Coffee Dripper","Gremlin Horn","Vajra","Sling"],"acts_visited":["Exordium","TheCity"],"potions_floor_usage":[14],"damage_taken":[{"damage":0,"enemies":"2 Louse","floor":1,"turns":1},{"damage":0,"enemies":"Cultist","floor":2,"turns":1},{"damage":0,"enemies":"Lagavulin","floor":6,"turns":1},{"damage":25,"enemies":"Gremlin Nob","floor":8,"turns":5},{"damage":18,"enemies":"3 Sentries","floor":13,"turns":4},{"damage":29,"enemies":"Slime Boss","floor":16,"turns":6},{"damage":6,"enemies":"Spheric Guardian","floor":18,"turns":4},{"damage":21,"enemies":"Shell Parasite","floor":19,"turns":5},{"damage":23,"enemies":"Centurion and Healer","floor":20,"turns":5},{"damage":29,"enemies":"Snake Plant","floor":21,"turns":5},{"damage":0,"enemies":"Slavers","floor":23,"turns":1}],"seed_played":"-7921260110115128104","potions_obtained":[{"floor":6,"key":"Dexterity Potion"},{"floor":14,"key":"Fruit Juice"},{"floor":14,"key":"ColorlessPotion"},{"floor":14,"key":"SneckoOil"}],"is_trial":false,"path_per_floor":["M","M","?","$","$","E","R","E","T","R","T","R","E","?","R","B",null,"M","M","M","M","$","E"],"character_chosen":"DEFECT","items_purchased":["Capacitor","Gremlin Horn","Vajra","Sling"],"campfire_rested":0,"item_purchase_floors":[4,22,22,22],"current_hp_per_floor":[75,75,75,75,75,75,75,50,50,50,50,50,32,37,37,8,80,74,53,30,1,1,1,1],"gold":73,"neow_bonus":"THREE_ENEMY_KILL","is_daily":false,"chose_seed":false,"campfire_upgraded":4,"win_rate":0.0,"timestamp":1613111448,"path_taken":["M","M","?","?","$","E","R","E","T","R","?","R","E","?","R","BOSS","M","M","?","M","$","E"],"items_purchased_type":["Card","Relic","Relic","Relic"],"build_version":"2020-12-22","purchased_purges":0,"victory":false,"max_hp_per_floor":[75,75,75,75,75,75,75,75,75,75,75,75,75,80,80,80,80,80,80,80,80,80,80,80],"card_choices":[{"not_picked":["Steam","Compile Driver","Go for the Eyes"],"picked":"SKIP","floor":1},{"not_picked":["Beam Cell","Coolheaded"],"picked":"Cold Snap","floor":2},{"not_picked":["Beam Cell","Turbo"],"picked":"Ball Lightning","floor":6},{"not_picked":["Rip and Tear","Rainbow","Go for the Eyes"],"picked":"SKIP","floor":8},{"not_picked":["Coolheaded","Turbo","Sweeping Beam"],"picked":"SKIP","floor":13},{"not_picked":["Core Surge","Thunder Strike"],"picked":"Amplify","floor":16},{"not_picked":["Steam+1","Storm+1","Coolheaded+1"],"picked":"SKIP","floor":18},{"not_picked":["Go for the Eyes","Hello World+1","Compile Driver+1"],"picked":"SKIP","floor":19},{"not_picked":["Sunder","Static Discharge+1","White Noise"],"picked":"SKIP","floor":20},{"not_picked":["Streamline+1","Cold Snap","Fusion"],"picked":"SKIP","floor":21}],"player_experience":98370,"relics_obtained":[{"floor":6,"key":"CaptainsWheel"},{"floor":8,"key":"Bottled Flame"},{"floor":9,"key":"Old Coin"},{"floor":11,"key":"Cables"},{"floor":13,"key":"Matryoshka"}],"event_choices":[{"damage_healed":0,"gold_gain":0,"player_choice":"1 cards matched","damage_taken":0,"max_hp_gain":0,"max_hp_loss":0,"event_name":"Match and Keep!","floor":3,"gold_loss":0,"cards_obtained":["Creative AI"]},{"damage_healed":0,"gold_gain":0,"player_choice":"Got Potions","damage_taken":0,"max_hp_gain":0,"max_hp_loss":0,"event_name":"Lab","floor":14,"gold_loss":0}],"is_beta":false,"boss_relics":[{"not_picked":["Cursed Key","Tiny House"],"picked":"Coffee Dripper"}],"items_purged_floors":[],"is_endless":false,"potions_floor_spawned":[6],"killed_by":"Slavers","ascension_level":3}}