{"host":"z3qs3l37sjzyczji","time":1613118959,"event":{"mods":["AchievementEnabler","BaseMod","Colored Map","Colored Powertips","Keyboard Shortcuts","Minty Spire (QoL Compilation)","Relic Stats","SuperFastMode"],"gold_per_floor":[114,289,289,300,320,350,350,30,30,47,47,64,74,91,91,193,193,210,210,36,36,46,46,80,380,380,405,405,424,424,442,442,538,538,551,551,571,571,584,610,610,660,684,479,479,490,319,331,331,331,331,331,82,115,115],"floor_reached":56,"language":"ENG","playtime":3981,"items_purged":["Strike_G","Strike_G","Blade Dance"],"score":1264,"play_id":"6edc2d5e-f2b1-4071-96da-585332e4fc6d","local_time":"20210212083559","is_ascension_mode":true,"campfire_choices":[{"data":"Neutralize","floor":7.0,"key":"SMITH"},{"data":"Finisher","floor":11.0,"key":"SMITH"},{"data":"Crippling Poison","floor":15.0,"key":"SMITH"},{"data":"Catalyst","floor":23.0,"key":"SMITH"},{"data":"Catalyst","floor":28.0,"key":"SMITH"},{"data":"Bane","floor":30.0,"key":"SMITH"},{"data":"Noxious Fumes","floor":32.0,"key":"SMITH"},{"data":"Tools of the Trade","floor":41,"key":"SMITH"},{"floor":45,"key":"RECALL"},{"data":"Footwork","floor":49,"key":"SMITH"},{"data":"Bouncing Flask","floor":52,"key":"SMITH"}],"circlet_count":0,"master_deck":["Strike_G","Strike_G","Strike_G","Defend_G","Defend_G","Defend_G","Defend_G","Defend_G","Survivor","Neutralize+1","Dagger Spray","Deadly Poison","Finisher+1","Dagger Throw","Crippling Poison+1","Noxious Fumes+1","Corpse Explosion","Catalyst+1","Catalyst+1","Acrobatics","Bane+1","Dodge and Roll+1","Tools of the Trade+1","Dodge and Roll+1","Tactician+1","Reflex","Bouncing Flask+1","Footwork+1","Deadly Poison","Tools of the Trade"],"relics":["Ring of the Snake","Bottled Flame","Ninja Scroll","Eternal Feather","Philosopher\u0027s Stone","DollysMirror","Paper Crane","Old Coin","Anchor","Runic Pyramid","Blue Candle","Dead Branch","Ice Cream","Snake Skull","Ornamental Fan"],"acts_visited":["Exordium","TheCity","TheBeyond","TheEnding"],"potions_floor_usage":[39,50,54,55],"damage_taken":[{"damage":0.0,"enemies":"Jaw Worm","floor":1.0,"turns":4.0},{"damage":1.0,"enemies":"Cultist","floor":4.0,"turns":4.0},{"damage":0.0,"enemies":"2 Louse","floor":5.0,"turns":3.0},{"damage":43.0,"enemies":"Gremlin Nob","floor":6.0,"turns":6.0},{"damage":0.0,"enemies":"Large Slime","floor":10.0,"turns":3.0},{"damage":0.0,"enemies":"Blue Slaver","floor":12.0,"turns":2.0},{"damage":0.0,"enemies":"Lots of Slimes","floor":13.0,"turns":1.0},{"damage":2.0,"enemies":"Looter","floor":14.0,"turns":2.0},{"damage":11.0,"enemies":"Slime Boss","floor":16.0,"turns":8.0},{"damage":10.0,"enemies":"Shell Parasite","floor":18.0,"turns":4.0},{"damage":0.0,"enemies":"Chosen","floor":22.0,"turns":3.0},{"damage":24.0,"enemies":"Book of Stabbing","floor":24.0,"turns":5.0},{"damage":7.0,"enemies":"Gremlin Leader","floor":27.0,"turns":3.0},{"damage":0.0,"enemies":"Centurion and Healer","floor":29.0,"turns":2.0},{"damage":0.0,"enemies":"Cultist and Chosen","floor":31.0,"turns":4.0},{"damage":8.0,"enemies":"Champ","floor":33.0,"turns":6.0},{"damage":2,"enemies":"Orb Walker","floor":35,"turns":3},{"damage":0,"enemies":"3 Shapes","floor":37,"turns":3},{"damage":6,"enemies":"Sphere and 2 Shapes","floor":39,"turns":4},{"damage":0,"enemies":"Giant Head","floor":40,"turns":5},{"damage":1,"enemies":"Mind Bloom Boss Battle","floor":42,"turns":5},{"damage":0,"enemies":"Writhing Mass","floor":46,"turns":2},{"damage":0,"enemies":"4 Shapes","floor":48,"turns":3},{"damage":27,"enemies":"Time Eater","floor":50,"turns":8},{"damage":16,"enemies":"Shield and Spear","floor":54,"turns":6},{"damage":62,"enemies":"The Heart","floor":55,"turns":7}],"seed_played":"8349510137503732428","potions_obtained":[{"floor":1.0,"key":"Ancient Potion"},{"floor":10.0,"key":"SkillPotion"},{"floor":12.0,"key":"SpeedPotion"},{"floor":14.0,"key":"PowerPotion"},{"floor":16.0,"key":"Fire Potion"},{"floor":18.0,"key":"BlessingOfTheForge"},{"floor":29.0,"key":"AttackPotion"},{"floor":35,"key":"SteroidPotion"},{"floor":37,"key":"SpeedPotion"},{"floor":42,"key":"Regen Potion"},{"floor":46,"key":"Swift Potion"}],"is_trial":false,"path_per_floor":["M","?","?","M","M","E","R","$","T","M","R","M","M","M","R","B",null,"M","?","$","?","M","R","E","T","T","E","R","M","R","M","R","B",null,"M","?","M","?","M","E","R","?","T","$","R","M","$","M","R","B",null,"R","$","E","B",null],"character_chosen":"THE_SILENT","items_purchased":["Ninja Scroll","Finisher","DollysMirror","Acrobatics","Bouncing Flask","Energy Potion","Footwork","Deadly Poison","GhostInAJar"],"campfire_rested":0,"item_purchase_floors":[8,8,20,20,44,44,47,53,53],"current_hp_per_floor":[70,70,70,69,69,26,26,26,26,26,35,35,35,33,42,31,70,60,60,60,47,47,59,35,35,35,28,43,43,58,58,73,65,75,73,73,73,71,65,65,71,70,70,70,71,71,71,71,71,44,71,71,71,69,7],"gold":115,"neow_bonus":"THREE_CARDS","is_daily":false,"chose_seed":false,"campfire_upgraded":10,"win_rate":0.0,"timestamp":1613118959,"path_taken":["M","?","?","M","M","E","R","$","T","M","R","M","?","M","R","BOSS","M","?","$","?","M","R","E","?","T","E","R","M","R","M","R","BOSS","M","?","?","?","M","E","R","?","T","$","R","M","$","M","R","BOSS","R","$","E","BOSS"],"items_purchased_type":["Relic","Card","Relic","Card","Card","Potion","Card","Card","Potion"],"build_version":"2020-12-22","purchased_purges":3,"victory":true,"max_hp_per_floor":[70,70,70,70,70,70,70,70,70,70,70,70,70,70,70,70,70,70,70,70,75,75,75,75,75,75,75,75,75,75,75,75,75,75,75,75,75,71,71,71,71,71,71,71,71,71,71,71,71,71,71,71,71,71,71],"relic_stats":{"counters":[26,106],"Ornamental Fan":[12],"Blue Candle":[0],"Dead Branch":[41],"Eternal Feather":82,"Snake Skull":[57],"obtain_stats":[{"Ice Cream":42,"Blue Candle":36,"Dead Branch":40,"Eternal Feather":9,"Snake Skull":43,"Paper Crane":24,"Old Coin":25,"Bottled Flame":6,"Anchor":27,"Ninja Scroll":8,"DollysMirror":20,"Ornamental Fan":54,"Philosopher\u0027s Stone":17,"Ring of the Snake":0,"Runic Pyramid":34},{"Ice Cream":21,"Blue Candle":17,"Dead Branch":20,"Eternal Feather":4,"Snake Skull":21,"Paper Crane":12,"Old Coin":12,"Bottled Flame":4,"Anchor":13,"Ninja Scroll":4,"DollysMirror":10,"Ornamental Fan":25,"Philosopher\u0027s Stone":9,"Ring of the Snake":0,"Runic Pyramid":16},{"Ice Cream":80,"Blue Candle":63,"Dead Branch":75,"Eternal Feather":17,"Snake Skull":80,"Paper Crane":45,"Old Coin":45,"Bottled Flame":17,"Anchor":48,"Ninja Scroll":17,"DollysMirror":37,"Ornamental Fan":99,"Philosopher\u0027s Stone":33,"Ring of the Snake":0,"Runic Pyramid":60}],"Ring of the Snake":[52]},"card_choices":[{"not_picked":["Footwork","Deflect"],"picked":"Dagger Spray","floor":0.0},{"not_picked":["Endless Agony","Backstab","Slice"],"picked":"SKIP","floor":1.0},{"not_picked":["Deflect","Slice"],"picked":"Deadly Poison","floor":4.0},{"not_picked":["Caltrops","Slice"],"picked":"Blade Dance","floor":5.0},{"not_picked":["Escape Plan","Quick Slash","Reflex"],"picked":"SKIP","floor":6.0},{"not_picked":["Phantasmal Killer","Tactician"],"picked":"Dagger Throw","floor":10.0},{"not_picked":["Prepared","Heel Hook","Caltrops"],"picked":"SKIP","floor":12.0},{"not_picked":["Flying Knee","Sucker Punch"],"picked":"Crippling Poison","floor":13.0},{"not_picked":["Quick Slash","Slice"],"picked":"Noxious Fumes","floor":14.0},{"not_picked":["Malaise","Burst"],"picked":"Corpse Explosion","floor":16.0},{"not_picked":["Backstab+1","Poisoned Stab+1"],"picked":"Catalyst","floor":18.0},{"not_picked":["Tactician+1","Blade Dance","Backstab+1"],"picked":"SKIP","floor":22.0},{"not_picked":["Blur","Choke"],"picked":"Bane","floor":24.0},{"not_picked":["Backflip","Deflect"],"picked":"Dodge and Roll+1","floor":27.0},{"not_picked":["Infinite Blades","Backstab+1","Finisher"],"picked":"SKIP","floor":29.0},{"not_picked":["Acrobatics","Dash","Doppelganger"],"picked":"SKIP","floor":31.0},{"not_picked":["Malaise","Glass Knife"],"picked":"Tools of the Trade","floor":33.0},{"not_picked":["Noxious Fumes+1","Heel Hook"],"picked":"Dodge and Roll+1","floor":35},{"not_picked":["Heel Hook","Backstab","Escape Plan"],"picked":"SKIP","floor":37},{"not_picked":["All Out Attack","Dagger Spray"],"picked":"Tactician+1","floor":39},{"not_picked":["Outmaneuver","Riddle With Holes+1"],"picked":"Reflex","floor":40},{"not_picked":["Riddle With Holes","Backflip+1","Bouncing Flask"],"picked":"SKIP","floor":46},{"not_picked":["Acrobatics+1","Sucker Punch+1","Slice+1"],"picked":"SKIP","floor":48},{"not_picked":["Finisher+1","Flying Knee"],"picked":"Tools of the Trade","floor":54}],"player_experience":68775,"relics_obtained":[{"floor":6.0,"key":"Bottled Flame"},{"floor":9.0,"key":"Eternal Feather"},{"floor":24.0,"key":"Paper Crane"},{"floor":25.0,"key":"Old Coin"},{"floor":27.0,"key":"Anchor"},{"floor":40,"key":"Dead Branch"},{"floor":42,"key":"Ice Cream"},{"floor":43,"key":"Snake Skull"},{"floor":54,"key":"Ornamental Fan"}],"event_choices":[{"damage_healed":0.0,"max_hp_gain":0.0,"max_hp_loss":0.0,"gold_gain":175.0,"event_name":"Liars Game","player_choice":"AGREE","floor":2.0,"gold_loss":0.0,"damage_taken":0.0,"cards_obtained":["Doubt"]},{"cards_removed":["Doubt"],"damage_healed":0.0,"max_hp_gain":0.0,"max_hp_loss":0.0,"gold_gain":0.0,"event_name":"Purifier","player_choice":"Purged","floor":3.0,"gold_loss":0.0,"damage_taken":0.0},{"damage_healed":0.0,"max_hp_gain":0.0,"max_hp_loss":0.0,"gold_gain":0.0,"event_name":"The Mausoleum","player_choice":"Ignored","floor":19.0,"gold_loss":0.0,"damage_taken":0.0},{"damage_healed":0.0,"max_hp_gain":5.0,"max_hp_loss":0.0,"gold_gain":0.0,"event_name":"Forgotten Altar","player_choice":"Shed Blood","floor":21.0,"gold_loss":0.0,"damage_taken":18.0},{"damage_healed":0,"gold_gain":0,"player_choice":"Gave Potion","damage_taken":0,"relics_obtained":["Blue Candle"],"max_hp_gain":0,"max_hp_loss":0,"event_name":"WeMeetAgain","floor":36,"gold_loss":0},{"damage_healed":0,"gold_gain":0,"player_choice":"Max HP","damage_taken":0,"max_hp_gain":0,"max_hp_loss":4,"event_name":"Winding Halls","floor":38,"gold_loss":0},{"damage_healed":0,"gold_gain":0,"player_choice":"Fight","damage_taken":0,"max_hp_gain":0,"max_hp_loss":0,"event_name":"MindBloom","floor":42,"gold_loss":0}],"is_beta":false,"boss_relics":[{"not_picked":["Ectoplasm","Ring of the Serpent"],"picked":"Philosopher\u0027s Stone"},{"not_picked":["Calling Bell","SacredBark"],"picked":"Runic Pyramid"}],"items_purged_floors":[44,47,53],"is_endless":false,"potions_floor_spawned":[1,10,12,14,16,18,22,24,29,35,37,42,46],"ascension_level":1}}