{"host":"jvx4tynw0bwfrxny","time":1613167519,"event":{"mods":["BaseMod","Downfall","Hermit","Minty Spire (QoL Compilation)","StSLib"],"gold_per_floor":[99,109,109,209,225,325,348,348,361,430,460,37,37,22,35,35,35,35],"floor_reached":16,"language":"ENG","playtime":665,"items_purged":[],"score":100,"play_id":"69c7e078-facd-4d37-9c1c-9560559cf49d","local_time":"20210212160519","is_ascension_mode":false,"campfire_choices":[{"data":"Slimebound:PrepareCrush","floor":1,"key":"SMITH"},{"data":"Slimebound:SamplingLick","floor":8,"key":"SMITH"},{"data":"expansioncontent:DashGenerateEvil","floor":13,"key":"SMITH"}],"circlet_count":0,"master_deck":["Slimebound:Strike_Slimebound","Slimebound:Strike_Slimebound","Slimebound:Tackle","Slimebound:Defend_Slimebound","Slimebound:Defend_Slimebound","Slimebound:Defend_Slimebound","Slimebound:Defend_Slimebound","Slimebound:Split","Slimebound:CorrosiveSpit","Slimebound:PrepareCrush+1","Slimebound:LeechingTouch","Slimebound:SamplingLick+1","Slimebound:SpikyOuterGoop","Slimebound:LivingWall","Slimebound:Repurpose","Slimebound:MassRepurpose","Slimebound:SplitMire","Slimebound:LeadByExample","Slimebound:Repurpose","Slimebound:LeadByExample","expansioncontent:DashGenerateEvil+1","Slimebound:MegaLick"],"relics":["Slimebound:AbsorbEndCombat","downfall:CloakOfManyFaces","CultistMask","FaceOfCleric","NlothsMask","GremlinMask","SsserpentHead","Dead Branch","Orrery"],"acts_visited":["Exordium"],"potions_floor_usage":[15],"damage_taken":[{"damage":0,"enemies":"2 Louse","floor":2,"turns":3},{"damage":2,"enemies":"Jaw Worm","floor":5,"turns":4},{"damage":25,"enemies":"downfall:FaceTrader","floor":6,"turns":9},{"damage":0,"enemies":"Cultist","floor":9,"turns":2},{"damage":12,"enemies":"Large Slime","floor":10,"turns":5},{"damage":17,"enemies":"Lagavulin","floor":11,"turns":6},{"damage":5,"enemies":"downfall:FleeingMerchant","floor":12,"turns":4},{"damage":0,"enemies":"downfall:FleeingMerchant","floor":14,"turns":4},{"damage":3,"enemies":"Red Slaver","floor":15,"turns":3},{"damage":0,"enemies":"WA_ARCHETYPE_RETAIN","floor":16,"turns":1}],"seed_played":"3887866795861732154","potions_obtained":[{"floor":2,"key":"hexamod:SoulburnPotion"},{"floor":5,"key":"Ancient Potion"},{"floor":15,"key":"AttackPotion"}],"is_trial":false,"path_per_floor":["R","M","?","?","M","?","T","R","M","M","E","$","R","$","M","B"],"character_chosen":"SLIMEBOUND","items_purchased":["Orrery","Slimebound:LeadByExample","expansioncontent:DashGenerateEvil"],"campfire_rested":0,"item_purchase_floors":[12,12,12],"current_hp_per_floor":[65,65,65,65,65,44,44,44,47,40,28,28,28,31,33,33,33,33],"gold":35,"neow_bonus":"ONE_RANDOM_RARE_CARD","is_daily":false,"chose_seed":false,"campfire_upgraded":3,"win_rate":0.0,"timestamp":1613167519,"path_taken":["R","M","?","?","?","?","T","R","M","?","E","$","R","$","M","BOSS"],"items_purchased_type":["Relic","Card","Card"],"build_version":"2020-12-22","purchased_purges":0,"victory":false,"max_hp_per_floor":[65,65,65,65,65,65,65,65,66,67,68,69,69,70,71,71,71,71],"card_choices":[{"not_picked":["Slimebound:Nibble","Slimebound:ItLooksTasty"],"picked":"Slimebound:LeechingTouch","floor":2},{"not_picked":["Slimebound:GoopTackle","Slimebound:BestDefense"],"picked":"Slimebound:SamplingLick","floor":5},{"not_picked":["Slimebound:PressTheAttack","Slimebound:MassFeed"],"picked":"Slimebound:SpikyOuterGoop","floor":9},{"not_picked":["Slimebound:RollThrough","Slimebound:LeechEnergy"],"picked":"Slimebound:LivingWall","floor":10},{"not_picked":["Slimebound:LevelUp","Slimebound:PressTheAttack"],"picked":"Slimebound:Repurpose","floor":11},{"not_picked":["Slimebound:GrowthPunch","Slimebound:LeechingTouch"],"picked":"Slimebound:MassRepurpose","floor":12},{"not_picked":["Slimebound:Gluttony","Slimebound:FinishingTackle"],"picked":"Slimebound:SplitMire","floor":12},{"not_picked":["Slimebound:Equalize","Slimebound:LeechingTouch"],"picked":"Slimebound:LeadByExample","floor":12},{"not_picked":["Slimebound:LeechingTouch","Slimebound:HauntingLick"],"picked":"Slimebound:Repurpose","floor":12},{"not_picked":["Slimebound:LeechEnergy","Slimebound:RollThrough","Slimebound:SlimeBarrage"],"picked":"SKIP","floor":14},{"not_picked":["Slimebound:LeechEnergy","Slimebound:PressTheAttack"],"picked":"Slimebound:MegaLick","floor":15}],"player_experience":144571,"relics_obtained":[{"floor":6,"key":"downfall:CloakOfManyFaces"},{"floor":11,"key":"Dead Branch"}],"event_choices":[{"cards_removed":["Slimebound:Strike_Slimebound"],"damage_healed":0,"gold_gain":0,"player_choice":"Card Removal","damage_taken":0,"max_hp_gain":0,"max_hp_loss":0,"event_name":"The Cleric","floor":3,"gold_loss":0}],"is_beta":false,"boss_relics":[],"items_purged_floors":[],"is_endless":false,"potions_floor_spawned":[2,5,15],"killed_by":"WA_ARCHETYPE_RETAIN","ascension_level":0}}