{"host":"8anmd7ibyxevnonj","time":1613146436,"event":{"mods":["BaseMod","Curses Come First","Downfall","Minty Spire (QoL Compilation)","Reliquary","StSLib"],"gold_per_floor":[99,109,121,121,121,131,131,166,183,91,91,420,432,450,468,570,570,570,589,600,57,70,86,154,154,183,202,202,217,235,235,249,350,350,350,362,379,379,394,420,420,436,65,77,77,128,142,242,260,260],"floor_reached":51,"language":"ENG","playtime":4665,"items_purged":[],"score":830,"play_id":"00fbbc8e-693e-4d43-8059-06ff80a0a96b","local_time":"20210212171356","is_ascension_mode":true,"campfire_choices":[{"data":"Guardian:TwinSlam","floor":1,"key":"SMITH"},{"data":"Guardian:BronzeOrb","floor":11,"key":"SMITH"},{"data":"Guardian:Orbwalk","floor":18,"key":"SMITH"},{"data":"Guardian:ChargeUp","floor":25,"key":"SMITH"},{"floor":28,"key":"REST"},{"data":"Guardian:Suspension","floor":35,"key":"SMITH"},{"floor":45,"key":"RECALL"}],"circlet_count":0,"master_deck":["Guardian:Strike_Guardian","Guardian:Strike_Guardian","Guardian:Defend_Guardian","Guardian:Defend_Guardian","Guardian:Defend_Guardian","Guardian:Defend_Guardian","Guardian:CurlUp","Guardian:TwinSlam+1","Guardian:Recover+1","Guardian:GemFinder","Guardian:ChargeCore","Guardian:Reroute","Guardian:BronzeOrb+1","Guardian:EvasiveProtocol","Guardian:BronzeArmor","Guardian:EvasiveProtocol","Guardian:Gem_Lightblue","Guardian:Orbwalk+1","Guardian:Repulse","Guardian:RevengeProtocol","Guardian:WalkerClaw+1","Guardian:BronzeOrb+1","Guardian:BronzeArmor+1","Guardian:TimeCapacitor","Guardian:ChargeUp+1","Guardian:Recover","Guardian:Incinerate","Guardian:Suspension+1","Guardian:GatlingBeam","Guardian:ChargeUp+1","Guardian:Incinerate","Guardian:RollAttack","Guardian:Suspension+1","Guardian:CrystalBeam+1","Guardian:Gem_Green","Guardian:Gem_Lightblue","Guardian:Gem_Cyan","Guardian:Gem_White","Guardian:MultiBeam+1","Guardian:PrimingBeam+1","Guardian:SpikerProtocol","Guardian:FuturePlans","Guardian:WalkerClaw+1","Guardian:FastForward"],"relics":["Guardian:ModeShifter","Ginger","reliquary:PrincelyHelmet","Old Coin","SlaversCollar","Calipers","Centennial Puzzle","Bottled Lightning","Eternal Feather","Philosopher\u0027s Stone","Guardian:SackOfGems","Mango","Peace Pipe"],"acts_visited":["Exordium","TheCity","TheBeyond"],"potions_floor_usage":[16,26,42,46,50,50],"damage_taken":[{"damage":6,"enemies":"Jaw Worm","floor":2,"turns":3},{"damage":0,"enemies":"2 Louse","floor":3,"turns":2},{"damage":1,"enemies":"Cultist","floor":6,"turns":3},{"damage":18,"enemies":"3 Sentries","floor":8,"turns":12},{"damage":0,"enemies":"Exordium Wildlife","floor":9,"turns":6},{"damage":0,"enemies":"downfall:FleeingMerchant","floor":10,"turns":4},{"damage":6,"enemies":"Gremlin Nob","floor":12,"turns":3},{"damage":4,"enemies":"Exordium Thugs","floor":13,"turns":3},{"damage":4,"enemies":"Lots of Slimes","floor":14,"turns":4},{"damage":0,"enemies":"Red Slaver","floor":15,"turns":3},{"damage":39,"enemies":"IC_STATUS_ARCHETYPE","floor":16,"turns":10},{"damage":4,"enemies":"3 Byrds","floor":19,"turns":6},{"damage":15,"enemies":"Snecko","floor":20,"turns":4},{"damage":10,"enemies":"downfall:FleeingMerchant","floor":21,"turns":4},{"damage":11,"enemies":"Sentry and Sphere","floor":22,"turns":8},{"damage":12,"enemies":"3 Cultists","floor":23,"turns":6},{"damage":27,"enemies":"Gremlin Leader","floor":26,"turns":11},{"damage":0,"enemies":"Snake Plant","floor":27,"turns":4},{"damage":0,"enemies":"Cultist and Chosen","floor":29,"turns":7},{"damage":0,"enemies":"Centurion and Healer","floor":30,"turns":7},{"damage":5,"enemies":"3 Cultists","floor":32,"turns":6},{"damage":1,"enemies":"WA_ARCHETYPE_CALM","floor":33,"turns":9},{"damage":3,"enemies":"3 Shapes","floor":36,"turns":5},{"damage":7,"enemies":"Orb Walker","floor":37,"turns":4},{"damage":5,"enemies":"4 Shapes","floor":39,"turns":4},{"damage":23,"enemies":"Reptomancer","floor":40,"turns":7},{"damage":0,"enemies":"Spire Growth","floor":42,"turns":5},{"damage":0,"enemies":"downfall:FleeingMerchant","floor":43,"turns":4},{"damage":1,"enemies":"Transient","floor":44,"turns":5},{"damage":24,"enemies":"2 Orb Walkers","floor":46,"turns":6},{"damage":15,"enemies":"Jaw Worm Horde","floor":47,"turns":5},{"damage":12,"enemies":"Writhing Mass","floor":49,"turns":6},{"damage":16,"enemies":"SI_POISON_ARCHETYPE","floor":50,"turns":12}],"seed_played":"-8682519862071581262","potions_obtained":[{"floor":8,"key":"SneckoOil"},{"floor":9,"key":"Fire Potion"},{"floor":12,"key":"Ancient Potion"},{"floor":14,"key":"Energy Potion"},{"floor":20,"key":"AttackPotion"},{"floor":27,"key":"FearPotion"},{"floor":30,"key":"ColorlessPotion"},{"floor":37,"key":"PowerPotion"},{"floor":42,"key":"DistilledChaos"},{"floor":47,"key":"DuplicationPotion"}],"is_trial":false,"path_per_floor":["R","M","M","?","?","M","T","E","M","$","R","E","M","M","M","B",null,"R","M","M","$","M","M","T","R","E","M","R","M","M","?","M","B",null,"R","M","M","?","M","E","T","M","$","M","R","?","M","?","M","B",null],"character_chosen":"GUARDIAN","items_purchased":["Guardian:EvasiveProtocol","Calipers","Guardian:TimeCapacitor","Centennial Puzzle","Guardian:FuturePlans","Mango"],"campfire_rested":1,"item_purchase_floors":[10,21,21,21,43,43],"current_hp_per_floor":[88,82,82,82,82,81,81,63,63,63,63,57,53,49,49,10,88,88,84,69,59,48,36,36,36,9,9,53,53,53,53,48,47,88,88,85,78,78,73,50,50,50,64,63,87,63,48,48,36,20],"gold":260,"neow_bonus":"TEN_PERCENT_HP_BONUS","is_daily":false,"chose_seed":false,"campfire_upgraded":5,"win_rate":0.0,"timestamp":1613146436,"path_taken":["R","M","M","?","?","?","T","E","M","$","R","E","M","M","M","BOSS","R","M","M","$","M","M","T","R","E","M","R","M","M","?","M","BOSS","R","M","M","?","?","E","T","M","?","M","R","?","M","?","M","BOSS"],"items_purchased_type":["Card","Relic","Card","Relic","Card","Relic"],"build_version":"2020-12-13","purchased_purges":0,"victory":true,"max_hp_per_floor":[88,88,88,88,88,88,88,88,88,88,88,88,88,88,88,88,88,88,88,88,88,88,88,88,88,88,88,88,88,88,88,88,88,88,88,88,88,88,88,88,88,88,102,102,102,102,102,102,102,102],"card_choices":[{"not_picked":["Guardian:Gem_Red","Guardian:Gem_Green"],"picked":"Guardian:Recover","floor":2},{"not_picked":["Guardian:Gem_Cyan","Guardian:RollAttack"],"picked":"Guardian:Gem_White","floor":3},{"not_picked":["Guardian:BodySlam","Guardian:Gem_Crimson"],"picked":"Guardian:GemFinder","floor":6},{"not_picked":["Guardian:Gem_Green","Guardian:Gem_Lightblue"],"picked":"Guardian:Gem_Cyan","floor":8},{"not_picked":["Guardian:TemporalShield","Guardian:WalkerClaw"],"picked":"Guardian:ChargeCore","floor":8},{"not_picked":["Guardian:Gem_Lightblue","Guardian:Gem_Cyan"],"picked":"Guardian:Gem_Red","floor":9},{"not_picked":["Guardian:Recover","Guardian:RollAttack"],"picked":"Guardian:Reroute","floor":9},{"not_picked":["Guardian:Reroute","Guardian:WalkerClaw"],"picked":"Guardian:BronzeOrb","floor":10},{"not_picked":["Guardian:ShieldCharger","Guardian:Gem_Blue"],"picked":"Guardian:BronzeArmor","floor":12},{"not_picked":["Guardian:GuardianWhirl","Guardian:ChargeCore"],"picked":"Guardian:EvasiveProtocol","floor":13},{"not_picked":["Guardian:Gem_Green","Guardian:Gem_Cyan"],"picked":"Guardian:Gem_Lightblue","floor":14},{"not_picked":["Guardian:PrimingBeam","Guardian:Gem_Crimson"],"picked":"Guardian:Orbwalk","floor":14},{"not_picked":["Guardian:Gem_Lightblue","Guardian:Gem_Cyan"],"picked":"Guardian:Gem_Red","floor":15},{"not_picked":["Guardian:Gem_Red","Guardian:Gem_Lightblue"],"picked":"Guardian:Repulse","floor":15},{"not_picked":["Guardian:Gem_Cyan","Guardian:Gem_Green"],"picked":"Guardian:Gem_Red","floor":16},{"not_picked":["Guardian:ExploitGems","Guardian:GemFinder"],"picked":"Guardian:RevengeProtocol","floor":16},{"not_picked":["Guardian:Harden","Guardian:BronzeOrb"],"picked":"Guardian:WalkerClaw+1","floor":19},{"not_picked":["Guardian:CrystalBeam","Guardian:ChargeCore"],"picked":"Guardian:BronzeOrb+1","floor":20},{"not_picked":["Guardian:Gem_Crimson","Guardian:Gem_Blue"],"picked":"Guardian:BronzeArmor+1","floor":21},{"not_picked":["Guardian:Suspension","Guardian:DonusPower"],"picked":"Guardian:ChargeUp","floor":22},{"not_picked":["Guardian:WalkerClaw+1","Guardian:Gem_Yellow"],"picked":"Guardian:Gem_Purple","floor":23},{"not_picked":["Guardian:RefractedBeam","Guardian:Gem_Lightblue"],"picked":"Guardian:Recover","floor":26},{"not_picked":["Guardian:BodySlam","Guardian:Gem_Cyan"],"picked":"Guardian:Incinerate","floor":27},{"not_picked":["Guardian:BodySlam","Guardian:Gem_Fragmented"],"picked":"Guardian:Suspension","floor":29},{"not_picked":["Guardian:Suspension","Guardian:RefractedBeam"],"picked":"Guardian:GatlingBeam","floor":30},{"not_picked":["Guardian:Gem_Red","Guardian:ChargeCore"],"picked":"Guardian:Incinerate","floor":32},{"not_picked":["Guardian:ExploitGems","Guardian:FastForward"],"picked":"Guardian:Gem_Synthetic","floor":33},{"not_picked":["Guardian:Planning","Guardian:StasisEngine"],"picked":"Guardian:RollAttack","floor":36},{"not_picked":["Guardian:PolyBeam","Guardian:Planning+1"],"picked":"Guardian:Suspension+1","floor":37},{"not_picked":["Guardian:Gem_Green","Guardian:ChargeCore"],"picked":"Guardian:CrystalBeam+1","floor":39},{"not_picked":["Guardian:ShieldCharger+1","Guardian:Emergency+1"],"picked":"Guardian:MultiBeam+1","floor":40},{"not_picked":["Guardian:Planning","Guardian:Emergency+1"],"picked":"Guardian:PrimingBeam+1","floor":42},{"not_picked":["Guardian:StasisStrike","Guardian:TimeBomb+1"],"picked":"Guardian:SpikerProtocol","floor":43},{"not_picked":["Guardian:Recover+1","Guardian:Incinerate+1"],"picked":"Guardian:WalkerClaw+1","floor":44},{"not_picked":["Guardian:Gem_Lightblue","Guardian:Incinerate"],"picked":"Guardian:FastForward","floor":46},{"not_picked":["Guardian:Gem_Lightblue","Guardian:PrismaticBarrier","Guardian:PrimingBeam"],"picked":"SKIP","floor":47},{"not_picked":["Guardian:Reroute","Guardian:PolyBeam+1","Guardian:Incinerate+1"],"picked":"SKIP","floor":49}],"player_experience":123766,"relics_obtained":[{"floor":7,"key":"Ginger"},{"floor":8,"key":"reliquary:PrincelyHelmet"},{"floor":12,"key":"Old Coin"},{"floor":24,"key":"Bottled Lightning"},{"floor":26,"key":"Eternal Feather"},{"floor":40,"key":"Guardian:SackOfGems"},{"floor":46,"key":"Peace Pipe"}],"event_choices":[{"damage_healed":0,"gold_gain":0,"player_choice":"Fight","damage_taken":0,"max_hp_gain":0,"max_hp_loss":0,"event_name":"Mysterious Sphere","floor":46,"gold_loss":0}],"is_beta":false,"boss_relics":[{"not_picked":["reliquary:WritOfMandamus","Cursed Key"],"picked":"SlaversCollar"},{"not_picked":["Tiny House","reliquary:RedCape"],"picked":"Philosopher\u0027s Stone"}],"items_purged_floors":[],"is_endless":false,"potions_floor_spawned":[8,9,12,13,14,20,22,27,30,33,37,39,42,47],"ascension_level":1}}