{"host":"5zhjtp2pgwgfdund","time":1613093497,"event":{"mods":["2.2 Compatiblity","AchievementEnabler","Act Like it!","BaseMod","Colored Map","Colored Powertips","Downfall","Gensokyo","Infinite Spire","Minty Spire (QoL Compilation)","Replay The Spire","Shop Mod","StSLib","The Bug Knight","The Jungle"],"gold_per_floor":[99,99,99,112,15,44,90,190,225,236,250,260,272,287,303,303,303,303],"floor_reached":16,"language":"ENG","playtime":1372,"items_purged":[],"score":114,"play_id":"feb0ef0b-455b-40a9-bbaf-d53cfa0efafe","local_time":"20210211203137","is_ascension_mode":false,"campfire_choices":[{"floor":1,"key":"RECALL"}],"circlet_count":0,"master_deck":["champ:Strike","champ:Strike","champ:Strike","champ:Strike","champ:Defend","champ:Defend","champ:Defend","champ:Defend","champ:Execute","champ:Taunt","champ:ArenaPreparation+1","champ:PerfectedStrike","expansioncontent:PolyBeam","champ:FlashCut","champ:Backstep+1","champ:TornadoPunch","champ:Endure+1","champ:CheapShot","champ:EnGarde+1","champ:StanceDance+1","champ:FanOfKnives"],"relics":["champ:ChampionCrown","Toxic Egg 2","InkBottle","Blue Doll","infinitespire:Satchel"],"acts_visited":["Exordium"],"potions_floor_usage":[14,14,16,16],"damage_taken":[{"damage":10,"enemies":"Small Slimes","floor":4,"turns":3},{"damage":20,"enemies":"downfall:FleeingMerchant","floor":5,"turns":4},{"damage":61,"enemies":"Gremlin Nob","floor":6,"turns":7},{"damage":32,"enemies":"Lagavulin","floor":9,"turns":5},{"damage":12,"enemies":"Jaw Worm","floor":10,"turns":3},{"damage":0,"enemies":"2 Louse","floor":11,"turns":2},{"damage":10,"enemies":"Lots of Slimes","floor":12,"turns":4},{"damage":10,"enemies":"Gremlin Gang","floor":13,"turns":5},{"damage":10,"enemies":"HollowMod:HuskWarrior","floor":14,"turns":4},{"damage":10,"enemies":"Exordium Wildlife","floor":15,"turns":3},{"damage":34,"enemies":"DF_ARCHETYPE_STREAMLINE","floor":16,"turns":3}],"seed_played":"-8924763578027987408","potions_obtained":[{"floor":4,"key":"SteroidPotion"},{"floor":6,"key":"Energy Potion"},{"floor":9,"key":"ColorlessPotion"},{"floor":15,"key":"champ:CounterPotion"}],"is_trial":false,"path_per_floor":["R","?","?","M","$","E","T","?","E","M","M","M","M","M","M","B"],"character_chosen":"THE_CHAMP","items_purchased":["expansioncontent:PolyBeam"],"campfire_rested":0,"item_purchase_floors":[5],"current_hp_per_floor":[99,99,99,99,99,38,38,38,26,24,24,24,14,14,14,0,0,0],"gold":303,"neow_bonus":"TEN_PERCENT_HP_BONUS","is_daily":false,"chose_seed":false,"campfire_upgraded":0,"win_rate":0.0,"timestamp":1613093497,"path_taken":["R","?","?","M","$","E","T","?","E","M","M","M","M","M","M","BOSS"],"items_purchased_type":["Card"],"build_version":"2020-12-22","purchased_purges":0,"victory":false,"max_hp_per_floor":[99,99,99,99,99,99,99,99,99,99,99,99,99,99,99,99,99,99],"card_choices":[{"not_picked":["champ:GutPunch","champ:GladiatorForm"],"picked":"champ:ArenaPreparation+1","floor":4},{"not_picked":["champ:GladiatorStyle","champ:FanOfKnives"],"picked":"champ:PerfectedStrike","floor":5},{"not_picked":["champ:GutPunch","champ:DefensiveShout+1"],"picked":"champ:FlashCut","floor":6},{"not_picked":["champ:Haymaker","champ:PreciseThrust"],"picked":"champ:Backstep+1","floor":9},{"not_picked":["champ:PreciseThrust","champ:PreemptiveStrike"],"picked":"champ:TornadoPunch","floor":10},{"not_picked":["champ:EnragedBash","champ:RapidStrikes"],"picked":"champ:Endure+1","floor":11},{"not_picked":["champ:ArenaPreparation+1","champ:CrownThrow"],"picked":"champ:CheapShot","floor":12},{"not_picked":["champ:GutPunch","champ:ShieldSlam+1"],"picked":"champ:EnGarde+1","floor":13},{"not_picked":["champ:CrookedStrike","champ:PreciseThrust"],"picked":"champ:StanceDance+1","floor":14},{"not_picked":["champ:Shatter","champ:Endure+1"],"picked":"champ:FanOfKnives","floor":15}],"player_experience":141860,"relics_obtained":[{"floor":2,"key":"Toxic Egg 2"},{"floor":6,"key":"InkBottle"},{"floor":7,"key":"Blue Doll"},{"floor":9,"key":"infinitespire:Satchel"}],"event_choices":[],"is_beta":false,"boss_relics":[],"items_purged_floors":[],"is_endless":false,"potions_floor_spawned":[4,6,9,15],"killed_by":"DF_ARCHETYPE_STREAMLINE","ascension_level":0}}