{"host":"baymyijz6sxaqj5s","time":1613114653,"event":{"mods":["AchievementEnabler","BaseMod","Colored Map","Colored Powertips","DeckTracker","Highlight Path","KOR Keyword Fix","Keyboard Shortcuts","Minty Spire (QoL Compilation)","StSLib","SuperFastMode","everything is the same but u backflip on backflip"],"gold_per_floor":[114,114,126,126,126,126,151,151,177,189,202,16,16,16,16,120,120,133,150,161,175,175,175,190,190,190,202,222,232,157,256,256,256,256],"floor_reached":33,"language":"KOR","playtime":992,"items_purged":[],"score":275,"play_id":"3919ddaf-4775-4e14-8a01-aede15ecccbd","local_time":"20210212162412","is_ascension_mode":true,"campfire_choices":[{"data":"Offering","floor":6,"key":"SMITH"},{"floor":8,"key":"REST"},{"data":"Armaments","floor":13,"key":"SMITH"},{"data":"Whirlwind","floor":15,"key":"SMITH"},{"floor":23,"key":"REST"},{"floor":25,"key":"REST"},{"data":"Heavy Blade","floor":32,"key":"SMITH"}],"circlet_count":0,"master_deck":["Strike_R","Strike_R","Strike_R","Strike_R","Defend_R","Defend_R","Defend_R","Defend_R","Bash+1","Offering+1","Armaments+1","Whirlwind+1","Inflame","Limit Break","Thunderclap","Sword Boomerang","Shrug It Off+1","Shrug It Off","Heavy Blade+1","Shrug It Off"],"relics":["Burning Blood","Odd Mushroom","Blood Vial","Bronze Scales","Self Forming Clay","Sozu","MutagenicStrength","Blue Candle"],"acts_visited":["Exordium","TheCity"],"potions_floor_usage":[16,16,21],"damage_taken":[{"damage":4,"enemies":"Small Slimes","floor":1,"turns":3},{"damage":3,"enemies":"2 Louse","floor":3,"turns":3},{"damage":36,"enemies":"The Mushroom Lair","floor":7,"turns":4},{"damage":1,"enemies":"Cultist","floor":10,"turns":3},{"damage":12,"enemies":"Large Slime","floor":11,"turns":6},{"damage":30,"enemies":"Hexaghost","floor":16,"turns":9},{"damage":15,"enemies":"Shell Parasite","floor":18,"turns":4},{"damage":17,"enemies":"2 Thieves","floor":19,"turns":4},{"damage":37,"enemies":"Cultist and Chosen","floor":20,"turns":7},{"damage":25,"enemies":"Snake Plant","floor":21,"turns":4},{"damage":20,"enemies":"Centurion and Healer","floor":24,"turns":5},{"damage":7,"enemies":"Cultist and Chosen","floor":27,"turns":3},{"damage":16,"enemies":"Sentry and Sphere","floor":28,"turns":4},{"damage":8,"enemies":"Snecko","floor":29,"turns":5},{"damage":62,"enemies":"Automaton","floor":33,"turns":8}],"seed_played":"4341729479538083678","potions_obtained":[{"floor":7,"key":"Weak Potion"},{"floor":11,"key":"PowerPotion"},{"floor":16,"key":"SpeedPotion"}],"is_trial":false,"path_per_floor":["M","?","M","?","?","R","?","R","T","M","M","$","R","T","R","B",null,"M","M","M","M","?","R","M","R","T","M","M","M","?","?","R","B"],"character_chosen":"IRONCLAD","items_purchased":["Inflame","Bronze Scales"],"campfire_rested":3,"item_purchase_floors":[12,12],"current_hp_per_floor":[88,88,88,88,88,88,58,84,84,88,82,82,82,82,82,60,88,79,70,41,24,24,50,38,64,64,65,57,57,57,57,57,0,0],"gold":256,"neow_bonus":"TEN_PERCENT_HP_BONUS","is_daily":false,"chose_seed":false,"campfire_upgraded":4,"win_rate":0.0,"timestamp":1613114652,"path_taken":["M","?","M","?","?","R","?","R","T","M","M","$","R","?","R","BOSS","M","?","M","M","?","R","M","R","T","M","M","M","?","?","R","BOSS"],"items_purchased_type":["Card","Relic"],"build_version":"2020-12-22","purchased_purges":0,"victory":false,"max_hp_per_floor":[88,88,88,88,88,88,88,88,88,88,88,88,88,88,88,88,88,88,88,88,88,88,88,88,88,88,88,88,88,88,88,88,88,88],"card_choices":[{"not_picked":["Clothesline","Pommel Strike","Bloodletting"],"picked":"SKIP","floor":1},{"not_picked":["Perfected Strike","Warcry"],"picked":"Offering","floor":3},{"not_picked":["Anger","Headbutt"],"picked":"Armaments","floor":7},{"not_picked":["Wild Strike","Twin Strike"],"picked":"Whirlwind","floor":10},{"not_picked":["Uppercut","Twin Strike","Havoc"],"picked":"SKIP","floor":11},{"not_picked":["Fiend Fire","Impervious"],"picked":"Limit Break","floor":16},{"not_picked":["Pommel Strike+1","Wild Strike","Shockwave"],"picked":"SKIP","floor":18},{"not_picked":["Warcry","Inflame","Wild Strike"],"picked":"SKIP","floor":19},{"not_picked":["Infernal Blade+1","Havoc"],"picked":"Thunderclap","floor":20},{"not_picked":["Pommel Strike","Iron Wave"],"picked":"Sword Boomerang","floor":21},{"not_picked":["Immolate","Intimidate"],"picked":"Shrug It Off+1","floor":24},{"not_picked":["Sentinel+1","Clash"],"picked":"Shrug It Off","floor":27},{"not_picked":["Searing Blow","Hemokinesis+1"],"picked":"Heavy Blade","floor":28},{"not_picked":["Flex","Perfected Strike"],"picked":"Shrug It Off","floor":29}],"player_experience":80079,"relics_obtained":[{"floor":7,"key":"Odd Mushroom"},{"floor":9,"key":"Blood Vial"},{"floor":14,"key":"Self Forming Clay"},{"floor":26,"key":"Blue Candle"}],"event_choices":[{"damage_healed":0,"gold_gain":0,"player_choice":"Grow","damage_taken":0,"max_hp_gain":0,"max_hp_loss":0,"event_name":"Living Wall","floor":2,"gold_loss":0,"cards_upgraded":["Bash"]},{"damage_healed":0,"gold_gain":0,"player_choice":"Ignored","damage_taken":0,"max_hp_gain":0,"max_hp_loss":0,"event_name":"Golden Idol","floor":4,"gold_loss":0},{"damage_healed":0,"gold_gain":0,"player_choice":"Ignored","damage_taken":0,"max_hp_gain":0,"max_hp_loss":0,"event_name":"Liars Game","floor":5,"gold_loss":0},{"damage_healed":0,"gold_gain":0,"player_choice":"Fought Mushrooms","damage_taken":0,"max_hp_gain":0,"max_hp_loss":0,"event_name":"Mushrooms","floor":7,"gold_loss":0},{"damage_healed":0,"gold_gain":0,"player_choice":"Inject Mutagens","damage_taken":0,"relics_obtained":["MutagenicStrength"],"max_hp_gain":0,"max_hp_loss":0,"event_name":"Drug Dealer","floor":22,"gold_loss":0},{"cards_removed":["Strike_R"],"damage_healed":0,"gold_gain":0,"player_choice":"Gave Gold","damage_taken":0,"max_hp_gain":0,"max_hp_loss":0,"event_name":"Beggar","floor":30,"gold_loss":75},{"damage_healed":0,"gold_gain":99,"player_choice":"Stole From Cult","damage_taken":0,"max_hp_gain":0,"max_hp_loss":0,"event_name":"Nest","floor":31,"gold_loss":0}],"is_beta":false,"boss_relics":[{"not_picked":["Tiny House","Calling Bell"],"picked":"Sozu"}],"items_purged_floors":[],"is_endless":false,"potions_floor_spawned":[7,11,16,18,21,24,28,29],"killed_by":"Automaton","ascension_level":3}}