{"host":"pqs17sqrgflf4eqa","time":1613173036,"event":{"mods":["AchievementEnabler","BaseMod","Bestiary","Better Altar","Better Match","Better Skull","Block Reminder","Bossed Relics","Colored Map","Colored Powertips","Curses Come First","Dark Map","DeckTracker","Defective Defect","Displayed Cursed Tome","Emptier Cage","Googly Eyes","Highlight Path","Minty Spire (QoL Compilation)","Quick Restart","Slay-I","StSLib","SuperFastMode","Synergy Search","Thieving Mod","Transform Curses","everything is the same but u backflip on backflip","slay the spire mod where everything is the same but ironclad has a cowboy hat"],"gold_per_floor":[364,364,377,53,53,83,103,103,103],"floor_reached":8,"language":"ENG","playtime":198,"items_purged":[],"score":73,"play_id":"d3ec3944-0de6-4eae-b0bf-525a6472b02e","local_time":"20210212183716","is_ascension_mode":true,"campfire_choices":[],"circlet_count":0,"master_deck":["Strike_R","Strike_R","Strike_R","Strike_R","Strike_R","Defend_R","Defend_R","Defend_R","Defend_R","Bash+1","Battle Trance","Sword Boomerang","Flex","Evolve","Battle Trance","Power Through"],"relics":["Burning Blood","Dream Catcher","ClockworkSouvenir","The Courier"],"acts_visited":["Exordium"],"potions_floor_usage":[6],"damage_taken":[{"damage":8,"enemies":"2 Louse","floor":1,"turns":3},{"damage":6,"enemies":"Cultist","floor":3,"turns":3},{"damage":32,"enemies":"3 Sentries","floor":6,"turns":6},{"damage":10,"enemies":"Small Slimes","floor":7,"turns":4},{"damage":25,"enemies":"Lagavulin","floor":8,"turns":3}],"seed_played":"1194633025427474096","potions_obtained":[{"floor":1,"key":"FearPotion"},{"floor":6,"key":"Swift Potion"}],"is_trial":false,"path_per_floor":["M","?","M","$","?","E","M","E"],"character_chosen":"IRONCLAD","items_purchased":["ClockworkSouvenir","Flex","Evolve","BlessingOfTheForge"],"campfire_rested":0,"item_purchase_floors":[4,4,4,4],"current_hp_per_floor":[49,49,49,49,49,23,19,0,0],"gold":103,"neow_bonus":"TWO_FIFTY_GOLD","is_daily":false,"chose_seed":false,"campfire_upgraded":0,"win_rate":0.0,"timestamp":1613173036,"path_taken":["M","?","?","$","?","E","M","E"],"items_purchased_type":["Relic","Card","Card","Potion"],"build_version":"2020-12-22","purchased_purges":0,"victory":false,"max_hp_per_floor":[80,80,80,80,80,80,80,80,80],"card_choices":[{"not_picked":["Anger","Dark Embrace"],"picked":"Battle Trance","floor":1},{"not_picked":["Havoc","Clash"],"picked":"Sword Boomerang","floor":3},{"not_picked":["Burning Pact","Dual Wield"],"picked":"Battle Trance","floor":6},{"not_picked":["Pommel Strike","Bloodletting"],"picked":"Power Through","floor":7}],"player_experience":183284,"relics_obtained":[{"floor":6,"key":"The Courier"}],"event_choices":[{"damage_healed":0,"gold_gain":0,"player_choice":"Gave Potion","damage_taken":0,"relics_obtained":["Dream Catcher"],"max_hp_gain":0,"max_hp_loss":0,"event_name":"WeMeetAgain","floor":2,"gold_loss":0},{"damage_healed":0,"gold_gain":0,"player_choice":"Grow","damage_taken":0,"max_hp_gain":0,"max_hp_loss":0,"event_name":"Living Wall","floor":5,"gold_loss":0,"cards_upgraded":["Bash"]}],"is_beta":false,"boss_relics":[],"items_purged_floors":[],"is_endless":false,"potions_floor_spawned":[1,6],"killed_by":"Lagavulin","ascension_level":6}}