{"host":"sc0o2qwpf9j16a4i","time":1613142660,"event":{"mods":["AchievementEnabler","BaseMod","BetterRewards","Block Reminder","Colored Map","Colored Powertips","Custom Start","Highlight Path","Minty Spire (QoL Compilation)","Relic Stats"],"gold_per_floor":[118,138,153,328,341,341,7,33,33,59,29,41,76,88,88,192,192,206,216,216,227,74,102,102,135,159,159,189,189,205,239,239,335,335,349,349,359,359,359,359,359],"floor_reached":40,"language":"ENG","playtime":1531,"items_purged":["Doubt"],"score":584,"play_id":"953744f5-c5a7-414e-9c64-453ac0a0b268","local_time":"20210212171100","daily_mods":["Heirloom","Purple Cards","Elite Swarm"],"is_ascension_mode":false,"campfire_choices":[{"data":"MasterReality","floor":6,"key":"SMITH"},{"data":"Envenom","floor":15,"key":"SMITH"},{"floor":24,"key":"REST"},{"floor":27,"key":"REST"},{"floor":32,"key":"REST"}],"circlet_count":0,"master_deck":["Strike_G+1","Defend_G","Defend_G","Defend_G","Defend_G","Survivor","Neutralize+1","Poisoned Stab","Blade Dance","MasterReality+1","SashWhip","Phantasmal Killer+1","Envenom+1","Storm of Steel+1","Evaluate+1","Burst+1","Sucker Punch+1","Worship+1","Blade Dance+1","PiercingWail+1","Backflip+1","Cloak And Dagger+1","SpiritShield+1","Night Terror+1","ConjureBlade+1","Crippling Poison+1","Malaise+1","Meditate+1","Sanctity+1","ThirdEye+1","Acrobatics+1","Trip+1","Apotheosis+1","Footwork+1"],"relics":["Ring of the Snake","Gambling Chip","Toxic Egg 2","Bottled Tornado","Ninja Scroll","Torii","Whetstone","Empty Cage","Orrery","Paper Crane","Incense Burner","Snake Skull","Bottled Flame","Blue Candle","Astrolabe"],"acts_visited":["Exordium","TheCity","TheBeyond"],"potions_floor_usage":[10,16,16,33,33,33,33,33,37,40],"damage_taken":[{"damage":0,"enemies":"Cultist","floor":1,"turns":5},{"damage":0,"enemies":"2 Louse","floor":2,"turns":3},{"damage":0,"enemies":"Jaw Worm","floor":3,"turns":4},{"damage":1,"enemies":"Blue Slaver","floor":5,"turns":5},{"damage":14,"enemies":"Gremlin Nob","floor":8,"turns":4},{"damage":1,"enemies":"Lagavulin","floor":10,"turns":5},{"damage":2,"enemies":"Red Slaver","floor":12,"turns":5},{"damage":0,"enemies":"Gremlin Nob","floor":13,"turns":2},{"damage":1,"enemies":"Exordium Thugs","floor":14,"turns":2},{"damage":8,"enemies":"Hexaghost","floor":16,"turns":5},{"damage":10,"enemies":"Spheric Guardian","floor":18,"turns":3},{"damage":0,"enemies":"Chosen","floor":19,"turns":3},{"damage":4,"enemies":"Snake Plant","floor":21,"turns":3},{"damage":20,"enemies":"Slavers","floor":23,"turns":5},{"damage":16,"enemies":"Book of Stabbing","floor":25,"turns":7},{"damage":8,"enemies":"Slavers","floor":28,"turns":5},{"damage":6,"enemies":"Shelled Parasite and Fungi","floor":30,"turns":4},{"damage":0,"enemies":"Book of Stabbing","floor":31,"turns":4},{"damage":0,"enemies":"Champ","floor":33,"turns":7},{"damage":10,"enemies":"Orb Walker","floor":35,"turns":4},{"damage":24,"enemies":"3 Darklings","floor":37,"turns":6},{"damage":1,"enemies":"Giant Head","floor":40,"turns":7}],"seed_played":"5629362014375135033","potions_obtained":[{"floor":3,"key":"EssenceOfSteel"},{"floor":5,"key":"FairyPotion"},{"floor":11,"key":"Block Potion"},{"floor":11,"key":"CultistPotion"},{"floor":13,"key":"LiquidBronze"},{"floor":18,"key":"Poison Potion"},{"floor":25,"key":"EntropicBrew"},{"floor":35,"key":"ColorlessPotion"},{"floor":37,"key":"Weak Potion"}],"is_trial":true,"path_per_floor":["M","M","M","?","M","R","$","E","T","E","?","M","E","M","R","B",null,"M","M","?","M","$","E","R","E","T","R","E","?","M","E","R","B",null,"M","?","M","?","?","E"],"character_chosen":"THE_SILENT","items_purchased":["Toxic Egg 2","Orrery"],"campfire_rested":3,"item_purchase_floors":[7,22],"current_hp_per_floor":[70,70,70,70,69,69,69,55,55,54,54,52,52,51,51,43,70,60,60,60,56,56,36,57,41,41,62,54,54,48,48,69,69,70,60,50,26,26,26,25,25],"gold":359,"neow_bonus":"","is_daily":false,"chose_seed":false,"campfire_upgraded":2,"win_rate":0.0,"timestamp":1613142660,"path_taken":["M","?","M","?","M","R","$","E","T","E","?","M","E","?","R","BOSS","M","M","?","M","$","E","R","E","T","R","E","?","?","E","R","BOSS","M","?","M","?","?","E"],"items_purchased_type":["Relic","Relic"],"build_version":"2020-12-22","purchased_purges":1,"victory":false,"max_hp_per_floor":[70,70,70,70,70,70,70,70,70,70,70,70,70,70,70,70,70,70,70,70,70,70,70,70,70,70,70,70,70,70,70,70,70,70,70,70,70,70,66,66,66],"relic_stats":{"Torii":46,"counters":[22,98],"Gambling Chip":[42],"Blue Candle":[0],"Astrolabe":["Meditate","Sanctity","ThirdEye"],"Snake Skull":[63],"Whetstone":["Strike_G","Strike_G"],"obtain_stats":[{"Torii":10,"Blue Candle":31,"Astrolabe":34,"Snake Skull":26,"Incense Burner":25,"Whetstone":13,"Bottled Tornado":8,"Paper Crane":23,"Empty Cage":17,"Bottled Flame":28,"Ninja Scroll":9,"Gambling Chip":0,"Orrery":22,"Toxic Egg 2":7,"Ring of the Snake":0},{"Torii":6,"Blue Candle":18,"Astrolabe":19,"Snake Skull":15,"Incense Burner":15,"Whetstone":8,"Bottled Tornado":5,"Paper Crane":14,"Empty Cage":10,"Bottled Flame":16,"Ninja Scroll":5,"Gambling Chip":0,"Orrery":13,"Toxic Egg 2":4,"Ring of the Snake":0},{"Torii":26,"Blue Candle":74,"Astrolabe":81,"Snake Skull":61,"Incense Burner":61,"Whetstone":33,"Bottled Tornado":21,"Paper Crane":54,"Empty Cage":40,"Bottled Flame":66,"Ninja Scroll":21,"Gambling Chip":0,"Orrery":49,"Toxic Egg 2":17,"Ring of the Snake":0}],"Ring of the Snake":[44]},"card_choices":[{"not_picked":["Accuracy","Calculated Gamble"],"picked":"Poisoned Stab","floor":1},{"not_picked":["PathToVictory","EmptyFist"],"picked":"Blade Dance","floor":2},{"not_picked":["Study","Sucker Punch"],"picked":"MasterReality","floor":3},{"not_picked":["Dodge and Roll","Halt"],"picked":"SashWhip","floor":5},{"not_picked":["LessonLearned","Vault+1"],"picked":"Phantasmal Killer+1","floor":8},{"not_picked":["Brilliance","DeusExMachina+1"],"picked":"Envenom","floor":10},{"not_picked":["Prostrate+1","FearNoEvil","PathToVictory+1"],"picked":"SKIP","floor":12},{"not_picked":["DeusExMachina+1","Phantasmal Killer+1"],"picked":"Storm of Steel+1","floor":13},{"not_picked":["WheelKick","EmptyMind+1"],"picked":"Evaluate+1","floor":14},{"not_picked":["DevaForm","Bullet Time+1"],"picked":"Burst+1","floor":16},{"not_picked":["Bane+1","Prostrate+1"],"picked":"Sucker Punch+1","floor":18},{"not_picked":["Deadly Poison+1","Underhanded Strike","Study"],"picked":"SKIP","floor":19},{"not_picked":["Blur+1","Acrobatics+1"],"picked":"Worship+1","floor":21},{"not_picked":["JustLucky","Dash+1"],"picked":"Blade Dance+1","floor":22},{"not_picked":["EmptyFist","FlurryOfBlows"],"picked":"PiercingWail+1","floor":22},{"not_picked":["Bane","FlurryOfBlows"],"picked":"Backflip+1","floor":22},{"not_picked":["Establishment","Meditate+1"],"picked":"Cloak And Dagger+1","floor":22},{"not_picked":["Wish+1","Envenom"],"picked":"SpiritShield+1","floor":23},{"not_picked":["Devotion","Storm of Steel+1"],"picked":"Night Terror+1","floor":25},{"not_picked":["Devotion","DevaForm"],"picked":"ConjureBlade+1","floor":28},{"not_picked":["Sucker Punch","Blade Dance+1"],"picked":"Crippling Poison+1","floor":30},{"not_picked":["Doppelganger+1","Wish+1"],"picked":"Malaise+1","floor":31},{"not_picked":["Dagger Spray","Blade Dance+1"],"picked":"Acrobatics+1","floor":35},{"not_picked":["Master of Strategy+1","Forethought+1"],"picked":"Trip+1","floor":36},{"not_picked":["Deep Breath+1","Flash of Steel"],"picked":"Jack Of All Trades+1","floor":36},{"not_picked":["Dark Shackles+1","Flash of Steel"],"picked":"Apotheosis+1","floor":36},{"not_picked":["Deadly Poison+1","FollowUp+1"],"picked":"Footwork+1","floor":37}],"player_experience":1367965,"relics_obtained":[{"floor":8,"key":"Bottled Tornado"},{"floor":9,"key":"Ninja Scroll"},{"floor":10,"key":"Torii"},{"floor":13,"key":"Whetstone"},{"floor":23,"key":"Paper Crane"},{"floor":25,"key":"Incense Burner"},{"floor":26,"key":"Snake Skull"},{"floor":28,"key":"Bottled Flame"},{"floor":31,"key":"Blue Candle"}],"event_choices":[{"damage_healed":0,"gold_gain":175,"player_choice":"AGREE","damage_taken":0,"max_hp_gain":0,"max_hp_loss":0,"event_name":"Liars Game","floor":4,"gold_loss":0,"cards_obtained":["Doubt"]},{"damage_healed":0,"gold_gain":0,"player_choice":"Bought 2 Potions","damage_taken":0,"max_hp_gain":0,"max_hp_loss":0,"event_name":"The Woman in Blue","floor":11,"gold_loss":0},{"damage_healed":0,"gold_gain":0,"player_choice":"Ignored","damage_taken":0,"max_hp_gain":0,"max_hp_loss":0,"event_name":"Vampires","floor":20,"gold_loss":0},{"damage_healed":0,"gold_gain":0,"player_choice":"Upgraded","damage_taken":0,"max_hp_gain":0,"max_hp_loss":0,"event_name":"Upgrade Shrine","floor":29,"gold_loss":0,"cards_upgraded":["Neutralize"]},{"damage_healed":0,"gold_gain":0,"player_choice":"Memory 3","damage_taken":10,"max_hp_gain":0,"max_hp_loss":0,"event_name":"SensoryStone","floor":36,"gold_loss":0},{"cards_removed":["Jack Of All Trades"],"damage_healed":0,"gold_gain":0,"player_choice":"Removed Skill","damage_taken":0,"max_hp_gain":0,"max_hp_loss":0,"event_name":"Falling","floor":38,"gold_loss":0},{"damage_healed":0,"gold_gain":0,"player_choice":"Max HP","damage_taken":0,"max_hp_gain":0,"max_hp_loss":4,"event_name":"Winding Halls","floor":39,"gold_loss":0}],"is_beta":false,"boss_relics":[{"not_picked":["Busted Crown","HoveringKite"],"picked":"Empty Cage"},{"not_picked":["SlaversCollar","WristBlade"],"picked":"Astrolabe"}],"items_purged_floors":[7],"is_endless":false,"potions_floor_spawned":[3,5,13,18,25,28,31,35,37],"killed_by":"Giant Head","ascension_level":0}}