{"host":"d73an99q9oevilk5","time":1613148267,"event":{"mods":["2.2 Compatiblity","AchievementEnabler","Act Like it!","Aspiration","BaseMod","Beaked The Cultist","Better Third Choice","BetterRewards","Colored Map","Colored Powertips","Conspire","Downfall","GifTheSpireLib","GungeonMod","Halation","Hubris","Infinite Spire","Marisa????????","Mimic Mod","Minty Spire (QoL Compilation)","Quick Restart","Relic Sorter","Reliquary","Replay The Spire","Shop Mod","Spikes Relics","StSLib","Stuff the Spire","The Bug Knight","The Cursed","The Jungle","The Necromancer","The Saiyan","Waifu the Spire","egg","slay the spire mod where everything is the same but ironclad has a cowboy hat"],"gold_per_floor":[113,32,44,44,44,76,76,76,76,89,89,108,127,142,142,237,237,252,126,141,141,141,141,155,181,208,208,219,219,219,235,235,331,331,343,343,343,362,382,409,409,429,429,429,20,20,20,69,69,69],"floor_reached":51,"language":"ENG","playtime":1728,"items_purged":[],"score":820,"play_id":"b1932018-2ea0-4e59-bfdf-7f896f0e7a30","local_time":"20210212094427","is_ascension_mode":false,"campfire_choices":[{"floor":7.0,"key":"REST"},{"floor":11,"key":"DIG"},{"floor":15,"key":"DIG"},{"data":"Accuracy","floor":23,"key":"SMITH"},{"data":"Footwork","floor":30,"key":"SMITH"},{"floor":32,"key":"REST"},{"floor":41,"key":"DIG"},{"floor":44,"key":"DIG"},{"floor":46,"key":"DIG"},{"floor":49,"key":"REST"}],"circlet_count":0,"master_deck":["Strike_G","Strike_G","Strike_G","Strike_G","Strike_G","Defend_G","Defend_G","Defend_G","Defend_G","Defend_G","Survivor","Neutralize","Footwork+1","hubris:SlightOfHand","Accuracy+1","Cloak And Dagger","Hidden Blade","Blade Dance+1","Choke","Blade Dance+1","Doppelganger","Blade Dance+1","StuffTheSpire:Innocence","Cloak And Dagger","ReplayTheSpireMod:Speed Training+1","Flying Knee","Caltrops+1","Malaise","Terror+1","StuffTheSpire:DoubleShiv","StuffTheSpire:Shiver","hubris:TrickCloak","StuffTheSpire:Python+1","Apotheosis","Infinite Blades","Flying Knee","Flying Knee","hubris:Wrath","Doubt","infinitespire:TheBestDefense"],"relics":["Ring of the Snake","infinitespire:FocusingShard","Strawberry","infinitespire:CursedDice","Shovel","Lizard Tail","Regal Pillow","hubris:SlimyHat","infinitespire:Lucky Rock","Mango","beaked:SacredNecklace","conspire:TopHat","infinitespire:PuzzleCube","hubris:ScarierMask","Strawberry","WristBlade","conspire:SpecialSausage","RoseTintedShades","Art of War","Garlic","reliquary:Stiletto","Membership Card","Replay:Bottled Eggs","reliquary:FerryPass","reliquary:KillPill","DemoMod:GlassGuonStoneRelic"],"acts_visited":["Exordium","TheCity","TheBeyond"],"potions_floor_usage":[16,16,25,31,33,50,50,50],"damage_taken":[{"damage":6.0,"enemies":"Cultist","floor":1.0,"turns":4.0},{"damage":0.0,"enemies":"conspire:RoseBush","floor":3.0,"turns":5.0},{"damage":57.0,"enemies":"3 Sentries","floor":6.0,"turns":21.0},{"damage":0,"enemies":"Jaw Worm","floor":10,"turns":5},{"damage":0,"enemies":"Looter","floor":12,"turns":4},{"damage":7,"enemies":"2 Fungi Beasts","floor":13,"turns":3},{"damage":0,"enemies":"Large Slime","floor":14,"turns":4},{"damage":42,"enemies":"The Guardian","floor":16,"turns":15},{"damage":13,"enemies":"Chosen","floor":18,"turns":5},{"damage":15,"enemies":"conspire:FuzzyDice","floor":20,"turns":6},{"damage":0,"enemies":"Centurion and Healer","floor":24,"turns":4},{"damage":4,"enemies":"Book of Stabbing","floor":25,"turns":4},{"damage":5,"enemies":"3 Cultists","floor":28,"turns":3},{"damage":13,"enemies":"Snake Plant","floor":31,"turns":4},{"damage":54,"enemies":"Collector","floor":33,"turns":12},{"damage":0,"enemies":"3 Darklings","floor":35,"turns":4},{"damage":10,"enemies":"Orb Walker","floor":38,"turns":4},{"damage":2,"enemies":"Jaw Worm Horde","floor":39,"turns":3},{"damage":8,"enemies":"Giant Head","floor":40,"turns":7},{"damage":15,"enemies":"Writhing Mass","floor":42,"turns":4},{"damage":5,"enemies":"2 Orb Walkers","floor":48,"turns":2},{"damage":0,"enemies":"Replay:Hell Engine","floor":50,"turns":6}],"seed_played":"-3269611410470574054","potions_obtained":[{"floor":3.0,"key":"SteroidPotion"},{"floor":13,"key":"SpeedPotion"},{"floor":18,"key":"Poison Potion"},{"floor":24,"key":"SteroidPotion"},{"floor":31,"key":"hexamod:SoulburnPotion"},{"floor":33,"key":"Poison Potion"},{"floor":35,"key":"DuplicationPotion"},{"floor":39,"key":"FearPotion"},{"floor":48,"key":"AttackPotion"}],"is_trial":false,"path_per_floor":["M","$","M","T","$","E","R","?","T","M","R","M","M","M","R_BF","B",null,"M","?","M","?","?","R","M","E","T","AVR","M","?","R","M","R","B",null,"M","AVR","?","M","M","E","R","M","T","R","$","R","?","?","R","B",null],"character_chosen":"THE_SILENT","items_purchased":["infinitespire:FocusingShard","Strawberry","Footwork","hubris:SlightOfHand","Accuracy","Membership Card","Replay:Bottled Eggs","Apotheosis","Infinite Blades","Flying Knee"],"campfire_rested":3,"item_purchase_floors":[0,0,0,0,2,45,45,45,45,45],"current_hp_per_floor":[71,71,71,71,71,14,52,57,57,57,57,57,50,50,64,22,96,83,83,68,68,68,68,68,64,64,71,66,66,66,53,98,44,103,103,103,103,93,91,83,83,68,68,68,68,68,68,63,103,103],"gold":69,"neow_bonus":"","is_daily":false,"chose_seed":false,"campfire_upgraded":2,"win_rate":0.0,"timestamp":1613148267,"path_taken":["M","$","M","?","$","E","R","?","T","M","R","M","M","?","R_BF","BOSS","M","?","M","?","?","R","?","E","T","AVR","M","?","R","M","R","BOSS","M","AVR","?","?","?","E","R","M","T","R","$","R","?","?","R","BOSS"],"items_purchased_type":["Relic","Relic","Card","Card","Card","Relic","Relic","Card","Card","Card"],"build_version":"2020-12-22","purchased_purges":0,"victory":true,"max_hp_per_floor":[77,77,77,77,77,77,77,82,82,82,82,82,82,82,96,96,96,96,96,96,96,96,96,96,96,96,103,103,103,103,103,103,103,103,103,103,103,103,103,103,103,103,103,103,103,103,103,103,103,103],"card_choices":[{"not_picked":["Outmaneuver","Quick Slash","Choke"],"picked":"SKIP","floor":1.0},{"not_picked":["Catalyst","Underhanded Strike","PiercingWail"],"picked":"SKIP","floor":3.0},{"not_picked":["Backflip","Doppelganger"],"picked":"Cloak And Dagger","floor":6.0},{"not_picked":["Backflip","Finisher"],"picked":"Hidden Blade","floor":10},{"not_picked":["StuffTheSpire:Python","Storm of Steel"],"picked":"Blade Dance","floor":12},{"not_picked":["Caltrops","ReplayTheSpireMod:Exploit Weakness"],"picked":"Choke","floor":13},{"not_picked":["Prepared","StuffTheSpire:ClusterCrunch"],"picked":"Blade Dance","floor":14},{"not_picked":["Grand Finale","StuffTheSpire:FinalStruggle"],"picked":"Doppelganger","floor":16},{"not_picked":["Bane","hubris:Counter"],"picked":"Blade Dance","floor":18},{"not_picked":["Blade Dance+1","hubris:SlightOfHand"],"picked":"Cloak And Dagger","floor":20},{"not_picked":["Dagger Throw","All Out Attack+1"],"picked":"ReplayTheSpireMod:Speed Training+1","floor":24},{"not_picked":["Deflect","StuffTheSpire:BumpUp","Tools of the Trade"],"picked":"SKIP","floor":25},{"not_picked":["Deadly Poison","Predator"],"picked":"Flying Knee","floor":28},{"not_picked":["PiercingWail","Poisoned Stab+1"],"picked":"Caltrops+1","floor":31},{"not_picked":["Atom Bomb","Bullet Time"],"picked":"Malaise","floor":33},{"not_picked":["Poisoned Stab+1","InfectiousVector+1"],"picked":"Terror+1","floor":35},{"not_picked":["hubris:TrickCloak","Catalyst"],"picked":"StuffTheSpire:DoubleShiv","floor":38},{"not_picked":["Underhanded Strike+1","ReplayTheSpireMod:The Works+1"],"picked":"StuffTheSpire:Shiver","floor":39},{"not_picked":["Quick Slash","Hidden Blade+1"],"picked":"hubris:TrickCloak","floor":40},{"not_picked":["Doppelganger","Poisoned Stab"],"picked":"StuffTheSpire:Python+1","floor":42},{"not_picked":["infinitespire:Gouge","hubris:Rewind"],"picked":"infinitespire:TheBestDefense","floor":47}],"player_experience":1907168,"relics_obtained":[{"floor":4.0,"key":"Lizard Tail"},{"floor":6.0,"key":"Regal Pillow"},{"floor":9.0,"key":"hubris:SlimyHat"},{"floor":11,"key":"infinitespire:Lucky Rock"},{"floor":15,"key":"Mango"},{"floor":25,"key":"conspire:TopHat"},{"floor":26,"key":"infinitespire:PuzzleCube"},{"floor":40,"key":"Art of War"},{"floor":41,"key":"Garlic"},{"floor":44,"key":"reliquary:Stiletto"},{"floor":46,"key":"reliquary:FerryPass"},{"floor":48,"key":"reliquary:KillPill"}],"event_choices":[{"damage_healed":0.0,"max_hp_gain":5.0,"max_hp_loss":0.0,"gold_gain":0.0,"event_name":"Big Fish","player_choice":"Donut","floor":8.0,"gold_loss":0.0,"damage_taken":0.0},{"damage_healed":0,"gold_gain":0,"player_choice":"Ignored","damage_taken":0,"max_hp_gain":0,"max_hp_loss":0,"event_name":"Cursed Tome","floor":21,"gold_loss":0},{"damage_healed":0,"gold_gain":0,"player_choice":"Ignored","damage_taken":0,"max_hp_gain":0,"max_hp_loss":0,"event_name":"Ghosts","floor":22,"gold_loss":0},{"damage_healed":0,"gold_gain":0,"player_choice":"Ignored","damage_taken":0,"max_hp_gain":0,"max_hp_loss":0,"event_name":"Purifier","floor":37,"gold_loss":0},{"damage_healed":0,"gold_gain":0,"player_choice":"Fight","damage_taken":0,"max_hp_gain":0,"max_hp_loss":0,"event_name":"Mysterious Sphere","floor":48,"gold_loss":0}],"is_beta":false,"boss_relics":[{"not_picked":["Calling Bell","beaked:SacredDeck"],"picked":"beaked:SacredNecklace"},{"not_picked":["Kintsugi","SlaversCollar"],"picked":"WristBlade"}],"items_purged_floors":[],"is_endless":false,"potions_floor_spawned":[3,13,18,24,31,33,35,39,40,48],"ascension_level":0}}