{"host":"s0ikvqhe10eopvjn","time":1613166814,"event":{"mods":["Act Like it!","Bard","BaseMod","Better Third Choice","Block Reminder","Colored Map","Colored Powertips","DeckTracker","Downfall","GifTheSpireLib","Halation","Hallownest","Hermit","Highlight Path","Hubris","Infinite Spire","Mad Scientist","Minty Spire (QoL Compilation)","Permanent Neow","Random Character Button","StSLib","The Blue Laboratory","The Bug Knight","The Construct","The Cursed","The Disciple","The Marked","The Necromancer","The Poker Player","The Runesmith","The Servant 0.9.4"],"gold_per_floor":[99,99,99,99,110,135,135,162,176,176,205,305,321,321,340,438,438,238,256,256,276,276,109,109,127,127,144,144,157,485,497,517,621,621,521,535,555,575,675,691,691,711,711,711,711],"floor_reached":43,"language":"ENG","playtime":2385,"items_purged":[],"score":671,"play_id":"df9f4bfd-4bcc-4d3a-80ba-15d56255e542","local_time":"20210212215334","is_ascension_mode":true,"campfire_choices":[{"floor":1,"key":"RECALL"},{"data":"Guardian:BaubleBeam","floor":18,"key":"SMITH"},{"data":"Guardian:TwinSlam","floor":28,"key":"SMITH"},{"data":"Guardian:HyperBeam_Guardian","floor":35,"key":"SMITH"}],"circlet_count":0,"master_deck":["Guardian:Strike_Guardian","Guardian:Strike_Guardian","Guardian:Strike_Guardian","Guardian:Strike_Guardian","Guardian:Defend_Guardian","Guardian:Defend_Guardian","Guardian:Defend_Guardian","Guardian:CurlUp","Guardian:TwinSlam+1","Guardian:ChargeCore","Guardian:SentryBeam","Guardian:Orbwalk","Guardian:ArmoredProtocol","Guardian:CrystalBeam","hubris:NaturalOne","Guardian:BaubleBeam+1","downfall:Haunted","downfall:Haunted","hubris:Despair","downfall:Icky","downfall:Aged","Guardian:Preprogram","Regret","Guardian:ShieldCharger","Guardian:RevengeProtocol","Guardian:Suspension","Guardian:Recover+1","Guardian:SpikerProtocol","Guardian:Orbwalk","Guardian:RollAttack+1","Guardian:FierceBash","Guardian:MultiBeam","Guardian:HyperBeam_Guardian+1","Guardian:BronzeOrb+1","Guardian:Gem_Red","Guardian:Gem_Red","Guardian:ChargeCore","Guardian:EvasiveProtocol","Guardian:Gem_Orange","Dramatic Entrance","Clumsy","Guardian:Repulse+1","Guardian:Reroute+1"],"relics":["Guardian:ModeShifter","downfall:HeartsMalice","HollowMod:PaleOreRelic","Vajra","hubris:Icosahedron","Blood Vial","Du-Vu Doll","FossilizedHelix","hubris:ScarierMask","downfall:HeartBlessingRed","downfall:HeartBlessingBlue","Oddly Smooth Stone","CaptainsWheel","Old Coin","hubris:VirtuousBlindfold","downfall:HeartBlessingGreen","downfall:GremlinSack","HollowMod:StagPassRelic"],"acts_visited":["Exordium","TheCity","TheBeyond"],"potions_floor_usage":[23,33,43,43],"damage_taken":[{"damage":0,"enemies":"infinitespire:Voidling","floor":2,"turns":1},{"damage":0,"enemies":"Jaw Worm","floor":3,"turns":1},{"damage":0,"enemies":"2 Louse","floor":4,"turns":1},{"damage":10,"enemies":"2 Fungi Beasts","floor":5,"turns":3},{"damage":22,"enemies":"Gremlin Nob","floor":6,"turns":6},{"damage":18,"enemies":"3 Sentries","floor":8,"turns":7},{"damage":1,"enemies":"Large Slime","floor":9,"turns":5},{"damage":0,"enemies":"HollowMod:MossKnight","floor":11,"turns":6},{"damage":0,"enemies":"3 Louse","floor":13,"turns":1},{"damage":8,"enemies":"Lots of Slimes","floor":15,"turns":4},{"damage":8,"enemies":"SI_SHIV_ARCHETYPE","floor":16,"turns":8},{"damage":0,"enemies":"Shell Parasite","floor":19,"turns":2},{"damage":5,"enemies":"Cultist and Chosen","floor":21,"turns":3},{"damage":0,"enemies":"downfall:FleeingMerchant","floor":23,"turns":4},{"damage":0,"enemies":"Centurion and Healer","floor":25,"turns":4},{"damage":2,"enemies":"Shelled Parasite and Fungi","floor":27,"turns":4},{"damage":0,"enemies":"3 Cultists","floor":29,"turns":3},{"damage":23,"enemies":"Gremlin Leader","floor":30,"turns":5},{"damage":0,"enemies":"Cultist and Chosen","floor":31,"turns":3},{"damage":0,"enemies":"Snake Plant","floor":32,"turns":3},{"damage":36,"enemies":"IC_MUSHROOM_ARCHETYPE","floor":33,"turns":6},{"damage":10,"enemies":"3 Darklings","floor":36,"turns":3},{"damage":0,"enemies":"3 Shapes","floor":37,"turns":1},{"damage":4,"enemies":"Maw","floor":38,"turns":6},{"damage":0,"enemies":"Maw","floor":39,"turns":2},{"damage":0,"enemies":"3 Darklings","floor":40,"turns":2},{"damage":0,"enemies":"Sphere and 2 Shapes","floor":42,"turns":3},{"damage":94,"enemies":"Nightmare","floor":43,"turns":7}],"seed_played":"610127113723862089","potions_obtained":[{"floor":5,"key":"blueLaboratory:NullPotion"},{"floor":6,"key":"PowerPotion"},{"floor":9,"key":"Dexterity Potion"},{"floor":13,"key":"Slimebound:ThreeZeroPotion"},{"floor":29,"key":"blueLaboratory:BottleOfVodka"},{"floor":37,"key":"hexamod:SoulburnPotion"},{"floor":38,"key":"champ:CounterPotion"}],"is_trial":false,"path_per_floor":["R","M","M","M","M","E","T","E","M","?","E","?","M","?","M","B",null,"R","M","?","M","?","$","T","M","?","M","R","M","E","M","M","B",null,"R","M","M","M","?","M","T","M","NM"],"character_chosen":"GUARDIAN","items_purchased":["Oddly Smooth Stone"],"campfire_rested":0,"item_purchase_floors":[23],"current_hp_per_floor":[80,80,80,80,70,48,48,30,29,29,29,34,36,36,30,24,85,95,95,95,90,90,92,92,94,94,93,93,95,72,74,76,42,95,95,85,87,85,87,89,89,91,0,0,0],"gold":711,"neow_bonus":"THREE_ENEMY_KILL","is_daily":false,"chose_seed":false,"campfire_upgraded":3,"win_rate":0.0,"timestamp":1613166814,"path_taken":["R","M","?","M","M","E","T","E","M","?","E","?","M","?","M","BOSS","R","M","?","M","?","$","T","M","?","M","R","M","E","M","M","BOSS","R","M","M","M","?","?","T","M","NM"],"items_purchased_type":["Relic"],"build_version":"2020-12-22","purchased_purges":0,"victory":false,"max_hp_per_floor":[80,80,80,80,80,80,80,80,80,80,80,85,85,85,85,85,85,95,95,95,95,95,95,95,95,95,95,95,95,95,95,95,95,95,95,95,95,95,95,95,95,95,95,95,95],"card_choices":[{"not_picked":["Guardian:GuardianWhirl","Guardian:TemporalShield"],"picked":"Guardian:ChargeCore","floor":2},{"not_picked":["Guardian:TemporalShield","Guardian:EvasiveProtocol"],"picked":"Guardian:Gem_Fragmented","floor":3},{"not_picked":["Guardian:ShieldCharger","Guardian:RollAttack"],"picked":"Guardian:SentryBeam","floor":4},{"not_picked":["Guardian:SentryBeam","Guardian:Gem_Crimson"],"picked":"Guardian:Gem_Purple","floor":5},{"not_picked":["Guardian:SentryBeam","Guardian:RefractedBeam"],"picked":"Guardian:Orbwalk","floor":6},{"not_picked":["Guardian:Gem_White","Guardian:GuardianWhirl"],"picked":"Guardian:ArmoredProtocol","floor":8},{"not_picked":["Guardian:Gem_Green","Guardian:Reroute"],"picked":"Guardian:CrystalBeam","floor":9},{"not_picked":["Guardian:PolyBeam","Guardian:Recover"],"picked":"Guardian:BaubleBeam","floor":11},{"not_picked":["Guardian:ChargeCore","Guardian:Gem_Yellow"],"picked":"Guardian:Preprogram","floor":13},{"not_picked":["Guardian:Gem_Cyan","Guardian:TemporalStrike"],"picked":"Guardian:ShieldCharger","floor":15},{"not_picked":["Guardian:TimeSifter","Guardian:BaubleBeam"],"picked":"Guardian:RevengeProtocol","floor":16},{"not_picked":["Guardian:Reroute","Guardian:Recover"],"picked":"Guardian:Suspension","floor":19},{"not_picked":["Guardian:WalkerClaw","Guardian:Gem_Crimson"],"picked":"Guardian:Recover+1","floor":21},{"not_picked":["Guardian:Gem_Green","Guardian:Incinerate"],"picked":"Guardian:SpikerProtocol","floor":23},{"not_picked":["Guardian:GuardianWhirl","Guardian:RevengeProtocol"],"picked":"Guardian:Gem_Cyan","floor":25},{"not_picked":["Guardian:Gem_Lightblue","Guardian:PolyBeam"],"picked":"Guardian:Orbwalk","floor":27},{"not_picked":["Guardian:Gem_Crimson","Guardian:Emergency"],"picked":"Guardian:RollAttack+1","floor":29},{"not_picked":["Guardian:Planning","Guardian:ShieldSpikes"],"picked":"Guardian:FierceBash","floor":30},{"not_picked":["Guardian:Reroute","Guardian:Gem_Crimson","Guardian:Incinerate"],"picked":"SKIP","floor":31},{"not_picked":["Guardian:DecasProtection","Guardian:BronzeArmor+1"],"picked":"Guardian:MultiBeam","floor":32},{"not_picked":["Guardian:ExploitGems","Guardian:ConstructionForm"],"picked":"Guardian:HyperBeam_Guardian","floor":33},{"not_picked":["Guardian:Clone+1","Guardian:Reroute+1"],"picked":"Guardian:BronzeOrb+1","floor":36},{"not_picked":["Guardian:Gem_Lightblue","Guardian:Planning"],"picked":"Guardian:Gem_Red","floor":37},{"not_picked":["Guardian:WalkerClaw+1","Guardian:ShieldCharger+1","Guardian:ChargeCore"],"picked":"SKIP","floor":38},{"not_picked":["Guardian:Orbwalk","Guardian:ExploitGems"],"picked":"Guardian:Repulse+1","floor":39},{"not_picked":["Guardian:RollAttack+1","Guardian:Clone+1","Guardian:Preprogram+1"],"picked":"SKIP","floor":40},{"not_picked":["Guardian:PrismaticBarrier","Guardian:WalkerClaw+1"],"picked":"Guardian:Reroute+1","floor":42}],"player_experience":323947,"relics_obtained":[{"floor":6,"key":"HollowMod:PaleOreRelic"},{"floor":8,"key":"Vajra"},{"floor":11,"key":"Blood Vial"},{"floor":24,"key":"CaptainsWheel"},{"floor":30,"key":"Old Coin"},{"floor":39,"key":"downfall:GremlinSack"},{"floor":41,"key":"HollowMod:StagPassRelic"}],"event_choices":[{"damage_healed":0,"gold_gain":0,"player_choice":"Box","damage_taken":0,"relics_obtained":["FossilizedHelix"],"max_hp_gain":0,"max_hp_loss":0,"event_name":"Big Fish","floor":14,"gold_loss":0,"cards_obtained":["Regret"]},{"damage_healed":0,"gold_gain":0,"player_choice":"Ignored","damage_taken":0,"max_hp_gain":0,"max_hp_loss":0,"event_name":"Ghosts","floor":26,"gold_loss":0}],"is_beta":false,"boss_relics":[{"not_picked":["hubris:HollowSoul","halation:ForbiddenBikini"],"picked":"hubris:ScarierMask"},{"not_picked":["bronze:MakeshiftBattery","hubris:TerracottaHorce"],"picked":"hubris:VirtuousBlindfold"}],"items_purged_floors":[],"is_endless":false,"potions_floor_spawned":[5,6,9,13,15,19,29,30,37,38,40],"killed_by":"Nightmare","ascension_level":1}}