{"host":"szp1d6dso4pv7ddl","time":1613095146,"event":{"mods":["AchievementEnabler","Alarm Clock","BaseMod","Bestiary","Block Reminder","Colored Map","Colored Powertips","Curses Come First","Dark Map","Displayed Cursed Tome","Highlight Path","Minty Spire (QoL Compilation)","Permanent Neow","Quick Restart","Relic Sorter","Relic Stats","StSLib","Synergy Search"],"gold_per_floor":[99,99,99,99,99,99,99,99,99,99,99,39,39,39,39,39,39],"floor_reached":16,"language":"ENG","playtime":785,"items_purged":[],"score":200,"play_id":"225bf4e9-6fdd-491e-a152-7788c256cc89","local_time":"20210211175906","is_ascension_mode":true,"campfire_choices":[{"data":"Crippling Poison","floor":6,"key":"SMITH"},{"floor":8,"key":"REST"},{"floor":13,"key":"REST"},{"data":"Setup","floor":15,"key":"SMITH"}],"circlet_count":0,"master_deck":["AscendersBane","Strike_G","Strike_G","Strike_G","Strike_G","Strike_G","Defend_G+1","Defend_G","Defend_G","Defend_G","Defend_G","Survivor","Neutralize+1","Heel Hook","Crippling Poison","Crippling Poison+1","Tools of the Trade","Injury","Crippling Poison","Setup+1"],"relics":["Ectoplasm","Smiling Mask","Blood Vial","Golden Idol"],"acts_visited":["Exordium"],"potions_floor_usage":[7,7],"damage_taken":[{"damage":2,"enemies":"Cultist","floor":1,"turns":5},{"damage":4,"enemies":"Jaw Worm","floor":3,"turns":5},{"damage":1,"enemies":"Small Slimes","floor":4,"turns":4},{"damage":27,"enemies":"Gremlin Nob","floor":7,"turns":4},{"damage":9,"enemies":"Exordium Thugs","floor":11,"turns":4},{"damage":16,"enemies":"Looter","floor":12,"turns":4},{"damage":68,"enemies":"Slime Boss","floor":16,"turns":10}],"seed_played":"-4817173446262814919","potions_obtained":[{"floor":1,"key":"SteroidPotion"},{"floor":3,"key":"FearPotion"},{"floor":4,"key":"Fire Potion"}],"is_trial":false,"path_per_floor":["M","$","M","M","?","R","E","R","T","?","M","M","R","?","R","B"],"character_chosen":"THE_SILENT","items_purchased":[],"campfire_rested":2,"item_purchase_floors":[],"current_hp_per_floor":[57,57,53,52,32,32,5,24,24,24,17,3,22,66,66,0,0],"gold":39,"neow_bonus":"BOSS_RELIC","is_daily":false,"chose_seed":false,"campfire_upgraded":2,"win_rate":0.0,"timestamp":1613095146,"path_taken":["M","?","M","M","?","R","E","R","T","?","?","M","R","?","R","BOSS"],"items_purchased_type":[],"build_version":"2020-12-22","purchased_purges":0,"victory":false,"max_hp_per_floor":[66,66,66,66,66,66,66,66,66,66,66,66,66,66,66,66,66],"relic_stats":{"Blood Vial":4,"counters":[7,36],"Golden Idol":8,"Ectoplasm":194,"Smiling Mask":0,"obtain_stats":[{"Blood Vial":9,"Golden Idol":10,"Ectoplasm":0,"Smiling Mask":7,"Ring of the Snake":0},{"Blood Vial":4,"Golden Idol":4,"Ectoplasm":0,"Smiling Mask":4,"Ring of the Snake":0},{"Blood Vial":18,"Golden Idol":18,"Ectoplasm":0,"Smiling Mask":18,"Ring of the Snake":0}]},"card_choices":[{"not_picked":["Sucker Punch","Dodge and Roll"],"picked":"Heel Hook","floor":1},{"not_picked":["Footwork","Concentrate"],"picked":"Crippling Poison","floor":3},{"not_picked":["Caltrops","Masterful Stab"],"picked":"Crippling Poison","floor":4},{"not_picked":["Grand Finale","Masterful Stab"],"picked":"Tools of the Trade","floor":7},{"not_picked":["Flying Knee","Distraction"],"picked":"Crippling Poison","floor":11},{"not_picked":["Flying Knee","Noxious Fumes"],"picked":"Setup","floor":12}],"player_experience":1424469,"relics_obtained":[{"floor":7,"key":"Smiling Mask"},{"floor":9,"key":"Blood Vial"}],"event_choices":[{"damage_healed":0,"gold_gain":0,"player_choice":"Entered Light","damage_taken":20,"max_hp_gain":0,"max_hp_loss":0,"event_name":"Shining Light","floor":5,"gold_loss":0,"cards_upgraded":["Defend_G","Neutralize"]},{"damage_healed":0,"gold_gain":0,"player_choice":"Take Wound","damage_taken":0,"relics_obtained":["Golden Idol"],"max_hp_gain":0,"max_hp_loss":0,"event_name":"Golden Idol","floor":10,"gold_loss":0,"cards_obtained":["Injury"]},{"damage_healed":44,"gold_gain":0,"player_choice":"Full Heal","damage_taken":0,"max_hp_gain":0,"max_hp_loss":0,"event_name":"Wheel of Change","floor":14,"gold_loss":0}],"is_beta":false,"boss_relics":[],"items_purged_floors":[],"is_endless":false,"potions_floor_spawned":[1,3,4],"killed_by":"Slime Boss","ascension_level":20}}