{"host":"k0cm6nn9mnmji9h1","time":1613140285,"event":{"mods":["100% Spire Juice","2.2 Compatiblity","AchievementEnabler","BaseMod","Colored Map","DeckTracker","Gremlin Skip","Highlight Path","Lobotomy","Minty Spire (QoL Compilation)","Permanent Neow","Shade Mod","StSLib","The Dragon Tamer","The Marked","Waifu the Spire"],"gold_per_floor":[119,134,145,156,5,5,5,39,39,55,73,99,111,133,145,157,157],"floor_reached":16,"language":"KOR","playtime":630,"items_purged":[],"score":114,"play_id":"23104463-8722-426c-b579-7576b77a9499","local_time":"20210212233125","is_ascension_mode":false,"campfire_choices":[{"data":"Perfected Strike","floor":6,"key":"SMITH"},{"floor":13,"key":"REST"},{"data":"Shrug It Off","floor":15,"key":"SMITH"}],"circlet_count":0,"master_deck":["Strike_R","Strike_R","Strike_R","Strike_R","Strike_R","Defend_R","Defend_R","Defend_R","Defend_R","Bash+1","UniverseFragment","HappyTeddy","Iron Wave","Variant","Inflame","OSAHOGD","BigBird","Shrug It Off+1","Laetitia","Twin Strike","Wellcheers","Cleave","LittleHelper"],"relics":["Burning Blood","CogitoBucket","PreservedInsect","HornCleat","Meat on the Bone","AdjustmentMirror","MawBank"],"acts_visited":["Exordium"],"potions_floor_usage":[10,12,16],"damage_taken":[{"damage":1,"enemies":"Cultist","floor":1,"turns":3},{"damage":1,"enemies":"2 Louse","floor":2,"turns":2},{"damage":4,"enemies":"Small Slimes","floor":3,"turns":4},{"damage":11,"enemies":"Red Slaver","floor":4,"turns":4},{"damage":1,"enemies":"Gremlin Nob","floor":8,"turns":3},{"damage":40,"enemies":"Large Slime","floor":10,"turns":3},{"damage":7,"enemies":"Blue Slaver","floor":11,"turns":2},{"damage":18,"enemies":"Lagavulin","floor":12,"turns":5},{"damage":10,"enemies":"3 Louse","floor":14,"turns":4},{"damage":81,"enemies":"The Guardian","floor":16,"turns":12}],"seed_played":"3202066493788077264","potions_obtained":[{"floor":2,"key":"Swift Potion"},{"floor":4,"key":"Regen Potion"},{"floor":11,"key":"DuplicationPotion"},{"floor":12,"key":"SpeedPotion"}],"is_trial":false,"path_per_floor":["M","M","M","M","$","R","?","E","T","M","M","E","R","M","R","B"],"character_chosen":"IRONCLAD","items_purchased":["PreservedInsect"],"campfire_rested":1,"item_purchase_floors":[5],"current_hp_per_floor":[80,80,80,75,75,75,75,80,80,57,56,56,80,79,79,0,0],"gold":157,"neow_bonus":"","is_daily":false,"chose_seed":false,"campfire_upgraded":2,"win_rate":0.0,"timestamp":1613140285,"path_taken":["M","M","M","?","$","R","?","E","T","M","M","E","R","M","R","BOSS"],"items_purchased_type":["Relic"],"build_version":"2020-12-22","purchased_purges":0,"victory":false,"max_hp_per_floor":[80,80,80,80,80,80,80,80,80,80,80,80,80,80,80,80,80],"card_choices":[{"not_picked":["WallGazer","PunishingBird"],"picked":"UniverseFragment","floor":1},{"not_picked":["Havoc","Fire Breathing"],"picked":"Twin Strike","floor":1},{"not_picked":["WallGazer","CrumblingArmor"],"picked":"HappyTeddy","floor":2},{"not_picked":["Shrug It Off","Whirlwind"],"picked":"Iron Wave","floor":2},{"not_picked":["DespairKnight","PunishingBird"],"picked":"Variant","floor":3},{"not_picked":["Headbutt","Disarm"],"picked":"Inflame","floor":3},{"not_picked":["True Grit","Infernal Blade"],"picked":"Perfected Strike","floor":4},{"not_picked":["PunishingBird","WallGazer"],"picked":"OSAHOGD","floor":8},{"not_picked":["Iron Wave","Thunderclap","Entrench"],"picked":"SKIP","floor":8},{"not_picked":["WallGazer","CENSORED"],"picked":"BigBird","floor":10},{"not_picked":["Body Slam","Sever Soul"],"picked":"Shrug It Off","floor":10},{"not_picked":["CrumblingArmor","SpiderBud"],"picked":"Laetitia","floor":11},{"not_picked":["Sword Boomerang","Body Slam"],"picked":"Twin Strike","floor":11},{"not_picked":["CherryBlossoms","DespairKnight"],"picked":"Wellcheers","floor":12},{"not_picked":["Reckless Charge","Sword Boomerang"],"picked":"Cleave","floor":12},{"not_picked":["Scorched","FairyFestival"],"picked":"LittleHelper","floor":14},{"not_picked":["Anger","Reckless Charge","Cleave"],"picked":"SKIP","floor":14},{"not_picked":["Anger","Reckless Charge","Cleave"],"picked":"SKIP","floor":14}],"player_experience":505785,"relics_obtained":[{"floor":8,"key":"HornCleat"},{"floor":9,"key":"Meat on the Bone"},{"floor":12,"key":"MawBank"}],"event_choices":[{"damage_healed":0,"gold_gain":0,"player_choice":"Upgraded","damage_taken":0,"max_hp_gain":0,"max_hp_loss":0,"event_name":"Upgrade Shrine","floor":7,"gold_loss":0,"cards_upgraded":["Bash"]}],"is_beta":false,"boss_relics":[],"items_purged_floors":[],"is_endless":false,"potions_floor_spawned":[2,4,11,12],"killed_by":"The Guardian","ascension_level":0}}