{"host":"3n5xmnb54n2y5mb4","time":1613106345,"event":{"mods":["BaseMod","Colored Map","Colored Powertips","Downfall","Minty Spire (QoL Compilation)","Permanent Neow","StSLib","Unceasing Turn Reminder","everything is the same but u backflip on backflip"],"gold_per_floor":[18,18,31,41,56,91,111,111,111,1,1,33,33,45,45,145,145,160,160,58,0,0,0,0],"floor_reached":23,"language":"ENG","playtime":806,"items_purged":["Writhe"],"score":308,"play_id":"fe61657a-0792-4094-9981-22619feb53ff","local_time":"20210212000545","is_ascension_mode":true,"campfire_choices":[{"floor":8,"key":"REST"},{"data":"Double Energy","floor":11,"key":"SMITH"},{"data":"Reprogram","floor":13,"key":"SMITH"},{"floor":15,"key":"REST"}],"circlet_count":0,"master_deck":["AscendersBane","Strike_B","Strike_B","Strike_B","Defend_B","Defend_B","Defend_B","Defend_B","Reprogram+1","Forethought","Hyperbeam","Streamline","Auto Shields","Double Energy+1","Conserve Battery","Meteor Strike","Streamline","Buffer","Fusion+1","Doom and Gloom+1","FTL+1","Hologram","Gash","RitualDagger"],"relics":["Cracked Core","TungstenRod","Ice Cream","The Courier","Sundial","Astrolabe","Meat on the Bone"],"acts_visited":["Exordium","TheCity"],"potions_floor_usage":[14],"damage_taken":[{"damage":4,"enemies":"Small Slimes","floor":1,"turns":4},{"damage":4,"enemies":"Cultist","floor":3,"turns":4},{"damage":1,"enemies":"2 Louse","floor":4,"turns":2},{"damage":5,"enemies":"2 Fungi Beasts","floor":5,"turns":3},{"damage":8,"enemies":"3 Sentries","floor":6,"turns":5},{"damage":14,"enemies":"Large Slime","floor":7,"turns":5},{"damage":5,"enemies":"Lagavulin","floor":12,"turns":7},{"damage":7,"enemies":"Lots of Slimes","floor":14,"turns":2},{"damage":16,"enemies":"The Guardian","floor":16,"turns":11},{"damage":1,"enemies":"Chosen","floor":18,"turns":6},{"damage":63,"enemies":"Book of Stabbing","floor":23,"turns":6}],"seed_played":"-5039115288197436683","potions_obtained":[{"floor":1,"key":"Ancient Potion"},{"floor":6,"key":"hexamod:SoulburnPotion"},{"floor":7,"key":"Slimebound:ThreeZeroPotion"},{"floor":16,"key":"Dexterity Potion"}],"is_trial":false,"path_per_floor":["M","?","M","M","M","E","M","R","T","$","R","E","R","M","R","B",null,"M","?","$","?","?","E"],"character_chosen":"DEFECT","items_purchased":["Meteor Strike","Gash"],"campfire_rested":2,"item_purchase_floors":[10,20],"current_hp_per_floor":[64,64,60,59,54,46,32,54,54,54,54,49,49,42,64,48,68,67,67,67,67,62,0,0],"gold":0,"neow_bonus":"ONE_RARE_RELIC","is_daily":false,"chose_seed":false,"campfire_upgraded":2,"win_rate":0.0,"timestamp":1613106345,"path_taken":["M","?","M","?","M","E","M","R","T","$","R","E","R","M","R","BOSS","M","?","$","?","?","E"],"items_purchased_type":["Card","Card"],"build_version":"2020-12-22","purchased_purges":1,"victory":false,"max_hp_per_floor":[75,75,75,75,75,75,75,75,75,75,75,75,75,75,75,75,75,75,75,75,75,75,75,75],"card_choices":[{"not_picked":["Ball Lightning","Barrage"],"picked":"Reprogram","floor":1},{"not_picked":["Compile Driver","Sweeping Beam"],"picked":"Streamline","floor":3},{"not_picked":["Darkness","Streamline"],"picked":"Auto Shields","floor":4},{"not_picked":["Auto Shields","Turbo","Conserve Battery"],"picked":"SKIP","floor":5},{"not_picked":["Beam Cell","Redo"],"picked":"Double Energy","floor":6},{"not_picked":["Loop","Steam"],"picked":"Conserve Battery","floor":7},{"not_picked":["Compile Driver","Static Discharge","Redo"],"picked":"SKIP","floor":12},{"not_picked":["Leap","Ball Lightning"],"picked":"Streamline","floor":14},{"not_picked":["Biased Cognition","Thunder Strike"],"picked":"Buffer","floor":16},{"not_picked":["Compile Driver","Redo+1"],"picked":"Hologram","floor":18}],"player_experience":1053298,"relics_obtained":[{"floor":6,"key":"Ice Cream"},{"floor":9,"key":"The Courier"},{"floor":12,"key":"Sundial"}],"event_choices":[{"damage_healed":0,"gold_gain":0,"player_choice":"2 cards matched","damage_taken":0,"max_hp_gain":0,"max_hp_loss":0,"event_name":"Match and Keep!","floor":2,"gold_loss":0,"cards_obtained":["Forethought","Hyperbeam"]},{"damage_healed":0,"gold_gain":0,"player_choice":"Opened","damage_taken":0,"relics_obtained":["Meat on the Bone"],"max_hp_gain":0,"max_hp_loss":0,"event_name":"The Mausoleum","floor":19,"gold_loss":0,"cards_obtained":["Writhe"]},{"damage_healed":0,"gold_gain":0,"player_choice":"Paid Fearfully","damage_taken":0,"max_hp_gain":0,"max_hp_loss":0,"event_name":"Masked Bandits","floor":21,"gold_loss":58},{"damage_healed":0,"gold_gain":0,"player_choice":"Joined the Cult","damage_taken":6,"max_hp_gain":0,"max_hp_loss":0,"event_name":"Nest","floor":22,"gold_loss":0,"cards_obtained":["RitualDagger"]}],"is_beta":false,"boss_relics":[{"not_picked":["SacredBark","Runic Pyramid"],"picked":"Astrolabe"}],"items_purged_floors":[20],"is_endless":false,"potions_floor_spawned":[1,6,7,16],"killed_by":"Book of Stabbing","ascension_level":11}}