{"host":"farxtl2u8hmkbdo2","time":1613100543,"event":{"mods":["A Magickal Journey","BaseMod","Better Altar","Better Note","Better Sensory Stone","Better Skull","Better Third Choice","Challenge The Spire","Colored Map","Colored Powertips","Current Relic Mod","Downfall","Energized Spire","Fox Events","Gremlin Mod","Hermit","Hubris","Mimic Mod","Minty Spire (QoL Compilation)","Quick Restart","READ ME - Guardian Mod","Rare Cards Sparkle","StSLib","The Bladedancer","The Bug Knight","The Cursed","The Disciple","The Hierophant","The Marked","The Necromancer","The Runesmith","Transform Curses"],"gold_per_floor":[0,60,360,360,426,426,426,46,87,130,155,219,249,38,56,151,151,51,67,78,11,30,30,100,118,68,68,109,169,197,197,240,339,339,339,358,358,358,358,387,387,406,440,484,541,576,576,587,631,631],"floor_reached":51,"language":"SPA","playtime":4442,"items_purged":["downfall:Icky"],"score":904,"play_id":"cb50f917-81fa-45fd-8bde-cbc5117e18e8","local_time":"20210212002903","is_ascension_mode":true,"campfire_choices":[{"data":"HandOfGreed","floor":1.0,"key":"SMITH"},{"data":"bronze:Replicate","floor":6.0,"key":"SMITH"},{"data":"bronze:Virus","floor":18.0,"key":"SMITH"},{"data":"bronze:InfiniteLoop","floor":27.0,"key":"SMITH"},{"data":"bronze:BronzeOrb","floor":35.0,"key":"SMITH"}],"circlet_count":0,"master_deck":["bronze:Strike","bronze:Strike","bronze:Strike","bronze:Strike","bronze:Defend","bronze:Defend","bronze:Defend","bronze:Defend","bronze:Replicate+1","bronze:Goto","HandOfGreed+1","bronze:Branch","downfall:Icky","bronze:BuggyMess","bronze:InfiniteLoop+1","bronze:ClassDefault","bronze:HyperBeam","bronze:ClassDefault","bronze:FindAndReplace+1","bronze:Iterate","bronze:Turbo+1","bronze:Virus+1","bronze:Constructor+1","bronze:BronzeOrb+1","bronze:ThunderWave","bronze:Turbo","bronze:Safeguard+1","bronze:Flail","bronze:GetLatest+1","HandOfGreed+1","bronze:WhirlingStrike+1","bronze:MaxOutput","bronze:BugBarrage+1","RitualDagger","bronze:InfiniteBeams","bronze:AlphaBuild","CurseOfTheBell","bronze:FineTuning+1","bronze:Virus","bronze:BuggyMess+1","bronze:Frontload+1","bronze:CloningBeam+1","bronze:Frontload+1","bronze:BronzeOrb","AscendersBane","bronze:SpaghettiCode+1","bronze:DelayedGuard+1","bronze:Repair+1","hubris:DuctTapeCard"],"relics":["bronze:BronzeCore","hubris:Towel","Pear","White Beast Statue","bronze:SilverBullet","HornCleat","Vajra","energizedSpire:OgreHead","downfall:HeartBlessingGreen","hubris:SphereOfDissonance","DollysMirror","Kunai","hubris:DuctTape","Calling Bell","Pen Nib","Toxic Egg 2","hubris:FunFungus","bronze:BottledCode","War Paint","hubris:BottledRain","Boot","Potion Belt"],"acts_visited":["Exordium","TheCity","TheBeyond"],"potions_floor_usage":[50,50,50,50],"damage_taken":[{"damage":0.0,"enemies":"2 Louse","floor":2.0,"turns":4.0},{"damage":5.0,"enemies":"Small Slimes","floor":5.0,"turns":4.0},{"damage":2.0,"enemies":"downfall:FleeingMerchant","floor":8.0,"turns":4.0},{"damage":13.0,"enemies":"Jaw Worm","floor":9.0,"turns":5.0},{"damage":7.0,"enemies":"Exordium Thugs","floor":10.0,"turns":2.0},{"damage":10.0,"enemies":"HollowMod:MossKnight","floor":11.0,"turns":3.0},{"damage":16.0,"enemies":"Large Slime","floor":12.0,"turns":5.0},{"damage":0.0,"enemies":"downfall:FleeingMerchant","floor":14.0,"turns":4.0},{"damage":0.0,"enemies":"2 Fungi Beasts","floor":15.0,"turns":1.0},{"damage":23.0,"enemies":"IC_STATUS_ARCHETYPE","floor":16.0,"turns":6.0},{"damage":0.0,"enemies":"Chosen","floor":19.0,"turns":2.0},{"damage":0.0,"enemies":"Snecko","floor":20.0,"turns":3.0},{"damage":6.0,"enemies":"downfall:FleeingMerchant","floor":21.0,"turns":4.0},{"damage":11.0,"enemies":"Shelled Parasite and Fungi","floor":22.0,"turns":3.0},{"damage":2.0,"enemies":"Snake Plant","floor":25.0,"turns":2.0},{"damage":3.0,"enemies":"downfall:FleeingMerchant","floor":26.0,"turns":3.0},{"damage":0.0,"enemies":"Sentry and Sphere","floor":28.0,"turns":4.0},{"damage":0.0,"enemies":"3 Cultists","floor":29.0,"turns":3.0},{"damage":0.0,"enemies":"Book of Stabbing","floor":30.0,"turns":3.0},{"damage":0.0,"enemies":"Shelled Parasite and Fungi","floor":32.0,"turns":1.0},{"damage":37.0,"enemies":"DF_ARCHETYPE_CLAW","floor":33.0,"turns":6.0},{"damage":0.0,"enemies":"Orb Walker","floor":36.0,"turns":2.0},{"damage":0.0,"enemies":"Nemesis","floor":40.0,"turns":3.0},{"damage":0.0,"enemies":"3 Shapes","floor":42.0,"turns":2.0},{"damage":2.0,"enemies":"Reptomancer","floor":43.0,"turns":3.0},{"damage":3.0,"enemies":"Sphere and 2 Shapes","floor":44.0,"turns":2.0},{"damage":7.0,"enemies":"Nemesis","floor":45.0,"turns":3.0},{"damage":16.0,"enemies":"Maw","floor":46.0,"turns":5.0},{"damage":16.0,"enemies":"4 Shapes","floor":48.0,"turns":4.0},{"damage":0.0,"enemies":"Spire Growth","floor":49.0,"turns":2.0},{"damage":0,"enemies":"WA_ARCHETYPE_DIVINITY","floor":50,"turns":3}],"seed_played":"1889846307268958885","potions_obtained":[{"floor":2.0,"key":"ColorlessPotion"},{"floor":9.0,"key":"DistilledChaos"},{"floor":10.0,"key":"bronze:BuildAFunctionPotion"},{"floor":11.0,"key":"bronze:BurnAndBuffPotion"},{"floor":12.0,"key":"AttackPotion"},{"floor":14.0,"key":"FearPotion"},{"floor":15.0,"key":"Ancient Potion"},{"floor":16.0,"key":"SkillPotion"},{"floor":19.0,"key":"AttackPotion"},{"floor":20.0,"key":"Fire Potion"},{"floor":21.0,"key":"Weak Potion"},{"floor":22.0,"key":"FearPotion"},{"floor":25.0,"key":"bronze:CleanCodePotion"},{"floor":26.0,"key":"ColorlessPotion"},{"floor":28.0,"key":"Fire Potion"},{"floor":30.0,"key":"FairyPotion"},{"floor":32.0,"key":"Dexterity Potion"},{"floor":40.0,"key":"bronze:CleanCodePotion"},{"floor":43.0,"key":"ColorlessPotion"},{"floor":44.0,"key":"DuplicationPotion"},{"floor":45.0,"key":"Strength Potion"},{"floor":46.0,"key":"Swift Potion"},{"floor":48.0,"key":"Explosive Potion"},{"floor":49.0,"key":"bronze:BurnAndBuffPotion"}],"is_trial":false,"path_per_floor":["R","M","?","?","M","R","T","$","M","M","E","M","?","$","M","B",null,"R","M","M","$","M","?","T","M","$","R","M","M","E","?","M","B",null,"R","M","?","?","?","E","T","M","E","M","E","M","?","M","M","B",null],"character_chosen":"THE_AUTOMATON","items_purchased":["White Beast Statue","bronze:ClassDefault","Vajra","bronze:Turbo","bronze:Turbo","DollysMirror","Kunai"],"campfire_rested":0,"item_purchase_floors":[8,8,14,14,21,26,26],"current_hp_per_floor":[70,70,70,70,65,65,75,73,60,53,43,27,27,27,27,4,80,80,80,80,74,63,63,63,61,58,58,58,58,58,52,52,15,80,80,80,70,70,70,70,70,70,68,65,58,42,42,29,30,30],"gold":631,"neow_bonus":"RANDOM_COLORLESS_2","is_daily":false,"chose_seed":false,"campfire_upgraded":5,"win_rate":0.0,"timestamp":1613100543,"path_taken":["R","M","?","?","M","R","T","$","M","M","E","M","?","$","M","BOSS","R","M","M","$","M","?","T","M","$","R","M","M","E","?","M","BOSS","R","M","?","?","?","E","T","M","E","M","E","M","?","?","M","BOSS"],"items_purchased_type":["Relic","Card","Relic","Card","Card","Relic","Relic"],"build_version":"2020-12-22","purchased_purges":1,"victory":true,"max_hp_per_floor":[70,70,70,70,70,70,80,80,80,80,80,80,80,80,80,80,80,80,80,80,80,80,80,80,80,80,80,80,80,80,80,80,80,80,80,80,70,70,70,70,70,70,70,70,70,70,70,70,70,70],"card_choices":[{"not_picked":["Master of Strategy","Mayhem"],"picked":"HandOfGreed","floor":0.0},{"not_picked":["bronze:FineTuning","bronze:Iterate"],"picked":"bronze:Branch","floor":2.0},{"not_picked":["bronze:Branch","bronze:BugBarrage"],"picked":"bronze:BuggyMess","floor":5.0},{"not_picked":["bronze:GetLatest","bronze:AlphaBuild"],"picked":"bronze:InfiniteLoop","floor":8.0},{"not_picked":["bronze:Shield","bronze:DelayedGuard"],"picked":"bronze:Turbo","floor":9.0},{"not_picked":["bronze:BronzeArmor","bronze:Overheat"],"picked":"bronze:HyperBeam","floor":10.0},{"not_picked":["bronze:Shield","bronze:WildBeam"],"picked":"bronze:ClassDefault","floor":11.0},{"not_picked":["bronze:Constructor","bronze:CutThrough"],"picked":"bronze:FindAndReplace","floor":12.0},{"not_picked":["bronze:Branch","bronze:OilSpill"],"picked":"bronze:Iterate","floor":14.0},{"not_picked":["bronze:CutThrough","bronze:Constructor"],"picked":"bronze:Virus","floor":15.0},{"not_picked":["bronze:ThunderWave","bronze:Mutator"],"picked":"bronze:Verify","floor":16.0},{"not_picked":["bronze:Deprecate","bronze:ForceShield"],"picked":"bronze:Constructor+1","floor":19.0},{"not_picked":["bronze:DelayedGuard","bronze:ChosenStrike"],"picked":"bronze:BronzeOrb","floor":20.0},{"not_picked":["bronze:Philosophize","bronze:Safeguard"],"picked":"bronze:ThunderWave","floor":21.0},{"not_picked":["bronze:Frontload","bronze:CloningBeam"],"picked":"bronze:Safeguard+1","floor":22.0},{"not_picked":["bronze:Turbo","bronze:DelayedSlice+1"],"picked":"bronze:Flail","floor":25.0},{"not_picked":["bronze:ForLoop","bronze:BuggyMess"],"picked":"bronze:GetLatest+1","floor":26.0},{"not_picked":["bronze:Separator","bronze:Invalidate"],"picked":"bronze:WhirlingStrike+1","floor":28.0},{"not_picked":["bronze:Turbo","bronze:Iterate"],"picked":"bronze:MaxOutput","floor":29.0},{"not_picked":["bronze:Repulsor","bronze:Frontload"],"picked":"bronze:BugBarrage+1","floor":30.0},{"not_picked":["bronze:ChosenStrike","bronze:BugBarrage"],"picked":"bronze:InfiniteBeams","floor":32.0},{"not_picked":["bronze:Break","bronze:CleanCode"],"picked":"bronze:AlphaBuild","floor":33.0},{"not_picked":["bronze:BugBarrage","bronze:Shell+1"],"picked":"bronze:FineTuning+1","floor":36.0},{"not_picked":["bronze:Invalidate+1","bronze:WhirlingStrike"],"picked":"bronze:Virus","floor":40.0},{"not_picked":["bronze:CloningBeam+1","bronze:FollowUp"],"picked":"bronze:BuggyMess+1","floor":42.0},{"not_picked":["bronze:Iterate","bronze:Deprecate+1"],"picked":"bronze:Frontload+1","floor":43.0},{"not_picked":["bronze:Backtrace","bronze:BitShift+1"],"picked":"bronze:CloningBeam+1","floor":44.0},{"not_picked":["bronze:Separator","bronze:NullPointer+1"],"picked":"bronze:Frontload+1","floor":45.0},{"not_picked":["bronze:OilSpill+1","bronze:Safeguard+1"],"picked":"bronze:BronzeOrb","floor":46.0},{"not_picked":["bronze:NullPointer+1","bronze:BitShift+1"],"picked":"bronze:DelayedGuard+1","floor":48.0},{"not_picked":["bronze:BitShift+1","bronze:CloningBeam"],"picked":"bronze:Repair+1","floor":49.0}],"player_experience":2123278,"relics_obtained":[{"floor":7.0,"key":"Pear"},{"floor":11.0,"key":"bronze:SilverBullet"},{"floor":24.0,"key":"hubris:SphereOfDissonance"},{"floor":30.0,"key":"hubris:DuctTape"},{"floor":34.0,"key":"Pen Nib"},{"floor":34.0,"key":"Toxic Egg 2"},{"floor":34.0,"key":"hubris:FunFungus"},{"floor":40.0,"key":"War Paint"},{"floor":41.0,"key":"hubris:BottledRain"},{"floor":43.0,"key":"Boot"},{"floor":45.0,"key":"Potion Belt"}],"event_choices":[{"damage_healed":0.0,"max_hp_gain":0.0,"max_hp_loss":0.0,"gold_gain":0.0,"event_name":"Ghosts","player_choice":"Ignored","floor":23.0,"gold_loss":0.0,"damage_taken":0.0},{"damage_healed":0.0,"max_hp_gain":0.0,"max_hp_loss":0.0,"gold_gain":3.0,"event_name":"betterStone:BetterStone","player_choice":"3","floor":47.0,"gold_loss":0.0,"damage_taken":0.0,"cards_obtained":["bronze:SpaghettiCode"]}],"is_beta":false,"boss_relics":[{"not_picked":["hubris:HollowSoul","energizedSpire:StickyHand"],"picked":"energizedSpire:OgreHead"},{"not_picked":["Runic Pyramid","Sozu"],"picked":"Calling Bell"}],"items_purged_floors":[8],"is_endless":false,"potions_floor_spawned":[2,9,10,11,12,14,15,16,19,20,21,22,25,26,28,29,30,32,33,36,40,42,43,44,45,46,48,49],"ascension_level":1}}