{"host":"9zznonz1olisd4fd","time":1613138858,"event":{"mods":["BaseMod","Keyboard Shortcuts","Minty Spire (QoL Compilation)","StSLib","SuperFastMode"],"gold_per_floor":[118,118,43,43,43,43,118,148,148,176,36,50,77,92,92,187,187,200,200,115,134,9,9,19,19,19],"floor_reached":25,"language":"KOR","playtime":737,"items_purged":["Defend_P","Strike_P","Establishment"],"score":429,"play_id":"df4ed9e2-4132-4322-b720-fc0875c891ee","local_time":"20210212230738","is_ascension_mode":true,"campfire_choices":[{"data":"WheelKick","floor":6.0,"key":"SMITH"},{"data":"BattleHymn","floor":15.0,"key":"SMITH"},{"data":"ForeignInfluence","floor":23,"key":"SMITH"}],"circlet_count":0,"master_deck":["AscendersBane","Strike_P","Defend_P","Defend_P","Eruption+1","Vigilance","WheelKick+1","InnerPeace","BattleHymn+1","EmptyFist","ForeignInfluence+1"],"relics":["PureWater","NeowsBlessing","PreservedInsect","Damaru","Odd Mushroom","Happy Flower","Empty Cage","Kunai"],"acts_visited":["Exordium","TheCity"],"potions_floor_usage":[16,24,25],"damage_taken":[{"damage":0.0,"enemies":"Small Slimes","floor":1.0,"turns":1.0},{"damage":0.0,"enemies":"Gremlin Nob","floor":8.0,"turns":1.0},{"damage":0.0,"enemies":"The Mushroom Lair","floor":10.0,"turns":1.0},{"damage":6.0,"enemies":"2 Louse","floor":12.0,"turns":4.0},{"damage":10.0,"enemies":"3 Sentries","floor":13.0,"turns":3.0},{"damage":0.0,"enemies":"Jaw Worm","floor":14.0,"turns":2.0},{"damage":33,"enemies":"Slime Boss","floor":16,"turns":4},{"damage":26,"enemies":"2 Thieves","floor":18,"turns":3},{"damage":0,"enemies":"Chosen","floor":21,"turns":3},{"damage":22,"enemies":"Centurion and Healer","floor":24,"turns":3},{"damage":14,"enemies":"Book of Stabbing","floor":25,"turns":2}],"seed_played":"-3312539559636193539","potions_obtained":[{"floor":1.0,"key":"ColorlessPotion"},{"floor":13.0,"key":"BlessingOfTheForge"},{"floor":24,"key":"ColorlessPotion"}],"is_trial":false,"path_per_floor":["M","?","$","?","$","R","?","E","T","?","$","M","E","M","R","B",null,"M","?","?","M","$","R","M","E"],"character_chosen":"WATCHER","items_purchased":["InnerPeace"],"campfire_rested":0,"item_purchase_floors":[11],"current_hp_per_floor":[61,66,66,66,66,66,55,55,55,55,55,49,39,39,39,6,56,30,30,30,30,30,30,8,0,0],"gold":19,"neow_bonus":"THREE_ENEMY_KILL","is_daily":false,"chose_seed":false,"campfire_upgraded":3,"win_rate":0.0,"timestamp":1613138858,"path_taken":["M","?","$","?","$","R","?","E","T","?","?","?","E","M","R","BOSS","M","?","?","M","$","R","M","E"],"items_purchased_type":["Card"],"build_version":"2020-12-22","purchased_purges":3,"victory":false,"max_hp_per_floor":[68,73,73,73,73,73,73,73,73,73,73,73,73,73,73,73,73,73,73,73,73,73,73,73,73,73],"card_choices":[{"not_picked":["Pray","Weave"],"picked":"WheelKick","floor":1.0},{"not_picked":["ThirdEye","PathToVictory","Fasting2"],"picked":"SKIP","floor":8.0},{"not_picked":["FlurryOfBlows","CarveReality"],"picked":"BattleHymn","floor":12.0},{"not_picked":["SashWhip","Crescendo","FlurryOfBlows"],"picked":"SKIP","floor":13.0},{"not_picked":["Pray","EmptyBody"],"picked":"EmptyFist","floor":14.0},{"not_picked":["DevaForm","Blasphemy"],"picked":"Establishment","floor":16},{"not_picked":["FlurryOfBlows","Swivel","WreathOfFlame"],"picked":"SKIP","floor":18},{"not_picked":["FlyingSleeves","WheelKick"],"picked":"ForeignInfluence","floor":21},{"not_picked":["Weave+1","FlyingSleeves","FearNoEvil"],"picked":"SKIP","floor":24}],"player_experience":530546,"relics_obtained":[{"floor":8.0,"key":"PreservedInsect"},{"floor":9.0,"key":"Damaru"},{"floor":10.0,"key":"Odd Mushroom"},{"floor":13.0,"key":"Happy Flower"}],"event_choices":[{"damage_healed":0.0,"max_hp_gain":5.0,"max_hp_loss":0.0,"gold_gain":0.0,"event_name":"Big Fish","player_choice":"Donut","floor":2.0,"gold_loss":0.0,"damage_taken":0.0},{"damage_healed":0.0,"max_hp_gain":0.0,"max_hp_loss":0.0,"gold_gain":0.0,"event_name":"Living Wall","player_choice":"Grow","floor":4.0,"gold_loss":0.0,"damage_taken":0.0,"cards_upgraded":["Eruption"]},{"damage_healed":0.0,"max_hp_gain":0.0,"max_hp_loss":0.0,"gold_gain":75.0,"event_name":"World of Goop","player_choice":"Gather Gold","floor":7.0,"gold_loss":0.0,"damage_taken":11.0},{"damage_healed":0.0,"max_hp_gain":0.0,"max_hp_loss":0.0,"gold_gain":0.0,"event_name":"Mushrooms","player_choice":"Fought Mushrooms","floor":10.0,"gold_loss":0.0,"damage_taken":0.0},{"cards_removed":["Strike_P"],"damage_healed":0,"gold_gain":0,"player_choice":"Elegance","damage_taken":0,"max_hp_gain":0,"max_hp_loss":0,"event_name":"Back to Basics","floor":19,"gold_loss":0},{"damage_healed":0,"gold_gain":0,"player_choice":"Obtained Relic","damage_taken":0,"relics_obtained":["Kunai"],"max_hp_gain":0,"max_hp_loss":0,"event_name":"Addict","floor":20,"gold_loss":85}],"is_beta":false,"boss_relics":[{"not_picked":["Runic Pyramid","Runic Dome"],"picked":"Empty Cage"}],"items_purged_floors":[3,11,22],"is_endless":false,"potions_floor_spawned":[1,13,24],"killed_by":"Book of Stabbing","ascension_level":17}}