{"host":"baymyijz6sxaqj5s","time":1613119243,"event":{"mods":["AchievementEnabler","BaseMod","Colored Map","Colored Powertips","DeckTracker","Highlight Path","KOR Keyword Fix","Keyboard Shortcuts","Minty Spire (QoL Compilation)","StSLib","SuperFastMode","everything is the same but u backflip on backflip"],"gold_per_floor":[117,128,142,160,160,160,160,160,213,213,227,227,255,268,268,268,268],"floor_reached":16,"language":"KOR","playtime":359,"items_purged":[],"score":146,"play_id":"ae26b037-658b-4f21-bcd2-94ec007980cf","local_time":"20210212174043","is_ascension_mode":true,"campfire_choices":[{"data":"Heavy Blade","floor":6,"key":"SMITH"},{"data":"Body Slam","floor":8,"key":"SMITH"},{"floor":10,"key":"REST"},{"data":"Bash","floor":12,"key":"SMITH"},{"data":"Battle Trance","floor":15,"key":"SMITH"}],"circlet_count":0,"master_deck":["Strike_R","Strike_R","Strike_R+1","Strike_R","Defend_R","Defend_R","Defend_R","Defend_R","Bash+1","Heavy Blade+1","Body Slam+1","Sword Boomerang+1","Clothesline","Battle Trance+1"],"relics":["Burning Blood","Regal Pillow","Bag of Preparation"],"acts_visited":["Exordium"],"potions_floor_usage":[13,13,16],"damage_taken":[{"damage":7,"enemies":"Small Slimes","floor":1,"turns":3},{"damage":18,"enemies":"Jaw Worm","floor":2,"turns":4},{"damage":1,"enemies":"Cultist","floor":3,"turns":4},{"damage":3,"enemies":"2 Fungi Beasts","floor":4,"turns":4},{"damage":8,"enemies":"Exordium Wildlife","floor":11,"turns":3},{"damage":0,"enemies":"Gremlin Nob","floor":13,"turns":2},{"damage":16,"enemies":"3 Louse","floor":14,"turns":3},{"damage":84,"enemies":"Hexaghost","floor":16,"turns":11}],"seed_played":"-1972830830269212948","potions_obtained":[{"floor":1,"key":"Strength Potion"},{"floor":3,"key":"Dexterity Potion"},{"floor":13,"key":"AttackPotion"}],"is_trial":false,"path_per_floor":["M","M","M","M","?","R","?","R","T","R","M","R","E","M","R","B"],"character_chosen":"IRONCLAD","items_purchased":[],"campfire_rested":1,"item_purchase_floors":[],"current_hp_per_floor":[87,75,80,83,65,65,65,65,65,88,86,86,88,78,78,0,0],"gold":268,"neow_bonus":"TEN_PERCENT_HP_BONUS","is_daily":false,"chose_seed":false,"campfire_upgraded":4,"win_rate":0.0,"timestamp":1613119243,"path_taken":["M","M","M","M","?","R","?","R","T","R","?","R","E","M","R","BOSS"],"items_purchased_type":[],"build_version":"2020-12-22","purchased_purges":0,"victory":false,"max_hp_per_floor":[88,88,88,88,88,88,88,88,88,88,88,88,88,88,88,88,88],"card_choices":[{"not_picked":["Carnage","Power Through"],"picked":"Heavy Blade","floor":1},{"not_picked":["Perfected Strike","Shrug It Off"],"picked":"Body Slam","floor":2},{"not_picked":["Body Slam","Searing Blow","Twin Strike"],"picked":"SKIP","floor":3},{"not_picked":["Cleave","Perfected Strike"],"picked":"Sword Boomerang","floor":4},{"not_picked":["Havoc","Carnage","Hemokinesis"],"picked":"SKIP","floor":11},{"not_picked":["Havoc","Iron Wave"],"picked":"Battle Trance","floor":13},{"not_picked":["Pommel Strike","Blood for Blood","Searing Blow"],"picked":"SKIP","floor":14}],"player_experience":85105,"relics_obtained":[{"floor":9,"key":"Regal Pillow"},{"floor":13,"key":"Bag of Preparation"}],"event_choices":[{"damage_healed":0,"gold_gain":0,"player_choice":"Entered Light","damage_taken":18,"max_hp_gain":0,"max_hp_loss":0,"event_name":"Shining Light","floor":5,"gold_loss":0,"cards_upgraded":["Strike_R","Sword Boomerang"]},{"damage_healed":0,"gold_gain":0,"cards_transformed":["Strike_R"],"player_choice":"Transformed","damage_taken":0,"max_hp_gain":0,"max_hp_loss":0,"event_name":"Transmorgrifier","floor":7,"gold_loss":0,"cards_obtained":["Clothesline"]}],"is_beta":false,"boss_relics":[],"items_purged_floors":[],"is_endless":false,"potions_floor_spawned":[1,3,13],"killed_by":"Hexaghost","ascension_level":3}}