{"host":"dhlnk6yox2l1s6up","time":1613171371,"event":{"mods":["BaseMod","Minty Spire (QoL Compilation)","Relic Stats","StSLib","ojb\u0027s Info Mod"],"gold_per_floor":[110,110,110,110,134,177,177,217,217,217,242,2,20,61,61,192,192,207,207,0,0,0,32,32,66,66,82,82,101,130,143,143,246,246,259,269,108,158,211,236,236,262,311,336,336,336,336,71,71,71,71,71,44,78,78],"floor_reached":56,"language":"ENG","playtime":5722,"items_purged":["Strike_P","Strike_P","Defend_P"],"score":1900,"play_id":"95fc7540-a198-493f-8f18-01d635cab20b","local_time":"20210212170931","is_ascension_mode":true,"campfire_choices":[{"data":"BowlingBash","floor":7.0,"key":"SMITH"},{"floor":10.0,"key":"REST"},{"floor":15.0,"key":"REST"},{"floor":24.0,"key":"RECALL"},{"floor":32.0,"key":"REST"},{"data":"Meditate","floor":41.0,"key":"SMITH"},{"data":"SpiritShield","floor":45.0,"key":"SMITH"},{"data":"SashWhip","floor":49.0,"key":"SMITH"},{"data":"Scrawl","floor":52.0,"key":"SMITH"}],"circlet_count":0,"master_deck":["AscendersBane","Strike_P","Strike_P","Defend_P+1","Defend_P","Defend_P","Eruption+1","Vigilance+1","CutThroughFate+1","JustLucky","BowlingBash+1","Devotion+1","SashWhip+1","Finesse+1","Meditate+1","Adaptation+1","SpiritShield+1","Halt+1","Tantrum","Consecrate","MentalFortress+1","Evaluate","EmptyFist+1","Scrawl+1","Vault","Establishment+1","FlyingSleeves","Devotion+1","Adaptation+1","Finesse","ReachHeaven","ClearTheMind"],"relics":["PureWater","NeowsBlessing","Bloody Idol","WingedGreaves","Frozen Egg 2","Membership Card","Bird Faced Urn","Sozu","War Paint","TungstenRod","Boot","Orichalcum","Pear","Busted Crown","FossilizedHelix","Gambling Chip","Oddly Smooth Stone","Darkstone Periapt","Ancient Tea Set","Akabeko","StrikeDummy","ClockworkSouvenir","Calipers","Kunai"],"acts_visited":["Exordium","TheCity","TheBeyond","TheEnding"],"potions_floor_usage":[],"damage_taken":[{"damage":0.0,"enemies":"Cultist","floor":1.0,"turns":1.0},{"damage":0.0,"enemies":"Jaw Worm","floor":5.0,"turns":1.0},{"damage":0.0,"enemies":"3 Sentries","floor":6.0,"turns":1.0},{"damage":49.0,"enemies":"Gremlin Nob","floor":8.0,"turns":6.0},{"damage":0.0,"enemies":"2 Louse","floor":11.0,"turns":2.0},{"damage":7.0,"enemies":"Exordium Wildlife","floor":13.0,"turns":4.0},{"damage":1.0,"enemies":"Lagavulin","floor":14.0,"turns":5.0},{"damage":18.0,"enemies":"The Guardian","floor":16.0,"turns":10.0},{"damage":7.0,"enemies":"Shell Parasite","floor":18.0,"turns":4.0},{"damage":19.0,"enemies":"Gremlin Leader","floor":23.0,"turns":7.0},{"damage":24.0,"enemies":"Book of Stabbing","floor":25.0,"turns":8.0},{"damage":0.0,"enemies":"Spheric Guardian","floor":27.0,"turns":3.0},{"damage":1.0,"enemies":"Gremlin Leader","floor":28.0,"turns":4.0},{"damage":27.0,"enemies":"Snecko","floor":29.0,"turns":7.0},{"damage":27.0,"enemies":"Slavers","floor":30.0,"turns":5.0},{"damage":11.0,"enemies":"3 Cultists","floor":31.0,"turns":5.0},{"damage":4.0,"enemies":"Collector","floor":33.0,"turns":11.0},{"damage":1.0,"enemies":"3 Shapes","floor":35.0,"turns":8.0},{"damage":0.0,"enemies":"3 Darklings","floor":36.0,"turns":4.0},{"damage":0.0,"enemies":"Mind Bloom Boss Battle","floor":38.0,"turns":4.0},{"damage":30.0,"enemies":"2 Orb Walkers","floor":39.0,"turns":6.0},{"damage":0.0,"enemies":"Giant Head","floor":40.0,"turns":8.0},{"damage":5.0,"enemies":"Nemesis","floor":42.0,"turns":8.0},{"damage":22.0,"enemies":"Giant Head","floor":44.0,"turns":7.0},{"damage":0.0,"enemies":"Donu and Deca","floor":50.0,"turns":7.0},{"damage":10.0,"enemies":"Shield and Spear","floor":54.0,"turns":7.0},{"damage":5,"enemies":"The Heart","floor":55,"turns":9}],"seed_played":"-2707930126380859854","potions_obtained":[{"floor":1.0,"key":"Ancient Potion"},{"floor":6.0,"key":"DuplicationPotion"},{"floor":13.0,"key":"SmokeBomb"}],"is_trial":false,"path_per_floor":["M","?","?","?","M","E","R","E","T","R","M","$","M","E","R","B",null,"M","?","$","?","?","E","R","E","T","M","E","M","E","M","R","B",null,"M","M","$","?","?","E","R","E","T","E","R","?","T","$","R","B",null,"R","$","E","B",null],"character_chosen":"WATCHER","items_purchased":["Membership Card","Finesse","Tantrum","Consecrate","War Paint","MentalFortress+1","FlyingSleeves","Devotion+1","ClockworkSouvenir","Calipers","ReachHeaven","ClearTheMind"],"campfire_rested":3,"item_purchase_floors":[12,12,20,20,20,20,37,37,48,48,48,53],"current_hp_per_floor":[65,65,52,52,52,52,52,3,3,23,23,23,16,15,35,21,56,53,53,53,53,53,45,45,32,32,41,46,28,22,22,45,52,71,77,77,77,77,56,71,71,77,77,62,62,62,62,62,62,74,76,76,76,72,76],"gold":78,"neow_bonus":"THREE_ENEMY_KILL","is_daily":false,"chose_seed":false,"campfire_upgraded":5,"win_rate":0.0,"timestamp":1613171371,"path_taken":["M","?","?","?","M","E","R","E","T","R","?","$","M","E","R","BOSS","M","?","$","?","?","E","R","E","T","M","E","?","E","M","R","BOSS","M","M","$","?","?","E","R","E","T","E","R","?","?","$","R","BOSS","R","$","E","BOSS"],"items_purchased_type":["Relic","Card","Card","Card","Relic","Card","Card","Card","Relic","Relic","Card","Card"],"build_version":"2020-12-22","purchased_purges":3,"victory":true,"max_hp_per_floor":[72,67,67,67,67,67,67,67,67,67,67,67,67,67,67,67,67,67,67,67,67,67,67,67,67,67,67,67,67,77,77,77,77,77,77,77,77,77,77,77,77,77,77,77,77,77,77,77,77,77,77,77,77,77,77],"relic_stats":{"Darkstone Periapt":0,"counters":[27,152],"War Paint":["Defend_P","Finesse"],"Orichalcum":[30],"Boot":[220],"Sozu":7,"Busted Crown":18,"Bloody Idol":56,"Bird Faced Urn":[107],"Gambling Chip":[9],"Kunai":[10],"obtain_stats":[{"Darkstone Periapt":42,"Calipers":48,"Boot":25,"Ancient Tea Set":43,"ClockworkSouvenir":48,"Sozu":17,"Gambling Chip":39,"WingedGreaves":6,"Kunai":54,"Pear":30,"NeowsBlessing":0,"Golden Idol":2,"Oddly Smooth Stone":40,"Frozen Egg 2":8,"War Paint":20,"Orichalcum":26,"Akabeko":44,"Busted Crown":34,"Bird Faced Urn":14,"Bloody Idol":21,"Membership Card":12,"PureWater":0,"StrikeDummy":47,"TungstenRod":23,"FossilizedHelix":38},{"Darkstone Periapt":23,"Calipers":24,"Boot":11,"Ancient Tea Set":23,"ClockworkSouvenir":24,"Sozu":8,"Gambling Chip":21,"WingedGreaves":3,"Kunai":26,"Pear":15,"NeowsBlessing":0,"Golden Idol":1,"Oddly Smooth Stone":22,"Frozen Egg 2":4,"War Paint":9,"Orichalcum":11,"Akabeko":24,"Busted Crown":17,"Bird Faced Urn":7,"Bloody Idol":9,"Membership Card":5,"PureWater":0,"StrikeDummy":24,"TungstenRod":10,"FossilizedHelix":20},{"Darkstone Periapt":122,"Calipers":129,"Boot":49,"Ancient Tea Set":122,"ClockworkSouvenir":129,"Sozu":30,"Gambling Chip":106,"WingedGreaves":3,"Kunai":143,"Pear":68,"NeowsBlessing":0,"Golden Idol":1,"Oddly Smooth Stone":114,"Frozen Egg 2":9,"War Paint":34,"Orichalcum":49,"Akabeko":129,"Busted Crown":84,"Bird Faced Urn":20,"Bloody Idol":34,"Membership Card":11,"PureWater":0,"StrikeDummy":129,"TungstenRod":41,"FossilizedHelix":100}],"TungstenRod":31},"card_choices":[{"not_picked":["MentalFortress","Worship"],"picked":"CutThroughFate","floor":1.0},{"not_picked":["Fasting2","Halt"],"picked":"JustLucky","floor":5.0},{"not_picked":["JustLucky","EmptyMind"],"picked":"BowlingBash","floor":6.0},{"not_picked":["Evaluate","WindmillStrike"],"picked":"Devotion+1","floor":8.0},{"not_picked":["Wireheading+1","Crescendo"],"picked":"SashWhip","floor":11.0},{"not_picked":["BowlingBash","Crescendo"],"picked":"Meditate","floor":13.0},{"not_picked":["LikeWater+1","ThirdEye"],"picked":"Adaptation+1","floor":14.0},{"not_picked":["Blasphemy","Judgement"],"picked":"SpiritShield","floor":16.0},{"not_picked":["CrushJoints+1","WheelKick"],"picked":"Halt+1","floor":18.0},{"not_picked":["CutThroughFate","JustLucky+1","BowlingBash"],"picked":"SKIP","floor":23.0},{"not_picked":["MasterReality+1","Protect"],"picked":"Evaluate","floor":25.0},{"not_picked":["Protect","Tantrum"],"picked":"EmptyFist+1","floor":27.0},{"not_picked":["Consecrate","FearNoEvil"],"picked":"Scrawl","floor":29.0},{"not_picked":["Crescendo","WheelKick"],"picked":"Vault","floor":30.0},{"not_picked":["Tantrum+1","FollowUp","Worship"],"picked":"SKIP","floor":31.0},{"not_picked":["Alpha","SpiritShield"],"picked":"Establishment+1","floor":33.0},{"not_picked":["LikeWater+1"],"picked":"SKIP","floor":35.0},{"not_picked":["Crescendo"],"picked":"SKIP","floor":36.0},{"not_picked":["Consecrate"],"picked":"SKIP","floor":40.0},{"not_picked":[],"picked":"Adaptation+1","floor":42.0},{"not_picked":["JustLucky+1"],"picked":"SKIP","floor":44.0},{"not_picked":[],"picked":"Finesse","floor":46.0},{"not_picked":["LikeWater+1"],"picked":"SKIP","floor":54.0}],"player_experience":6227105,"relics_obtained":[{"floor":6.0,"key":"WingedGreaves"},{"floor":8.0,"key":"Frozen Egg 2"},{"floor":14.0,"key":"Bird Faced Urn"},{"floor":23.0,"key":"TungstenRod"},{"floor":25.0,"key":"Boot"},{"floor":26.0,"key":"Orichalcum"},{"floor":30.0,"key":"Pear"},{"floor":38.0,"key":"FossilizedHelix"},{"floor":39.0,"key":"Gambling Chip"},{"floor":40.0,"key":"Oddly Smooth Stone"},{"floor":42.0,"key":"Darkstone Periapt"},{"floor":43.0,"key":"Ancient Tea Set"},{"floor":44.0,"key":"Akabeko"},{"floor":47.0,"key":"StrikeDummy"},{"floor":54.0,"key":"Kunai"}],"event_choices":[{"damage_healed":0.0,"max_hp_gain":0.0,"max_hp_loss":5.0,"gold_gain":0.0,"event_name":"Golden Idol","player_choice":"Lose Max HP","floor":2.0,"gold_loss":0.0,"damage_taken":0.0,"relics_obtained":["Golden Idol"]},{"damage_healed":0.0,"max_hp_gain":0.0,"max_hp_loss":0.0,"gold_gain":0.0,"event_name":"Shining Light","player_choice":"Entered Light","floor":3.0,"gold_loss":0.0,"damage_taken":13.0,"cards_upgraded":["CutThroughFate","Eruption"]},{"damage_healed":0.0,"max_hp_gain":0.0,"max_hp_loss":0.0,"gold_gain":0.0,"event_name":"Living Wall","player_choice":"Grow","floor":4.0,"gold_loss":0.0,"damage_taken":0.0,"cards_upgraded":["Vigilance"]},{"damage_healed":0.0,"max_hp_gain":0.0,"max_hp_loss":0.0,"gold_gain":0.0,"event_name":"Beggar","player_choice":"Ignored","floor":19.0,"gold_loss":0.0,"damage_taken":0.0},{"damage_healed":0.0,"max_hp_gain":0.0,"max_hp_loss":0.0,"gold_gain":0.0,"event_name":"Forgotten Altar","player_choice":"Gave Idol","floor":21.0,"relics_lost":["Golden Idol"],"gold_loss":0.0,"damage_taken":0.0,"relics_obtained":["Bloody Idol"]},{"damage_healed":0.0,"max_hp_gain":0.0,"max_hp_loss":0.0,"gold_gain":0.0,"event_name":"Ghosts","player_choice":"Ignored","floor":22.0,"gold_loss":0.0,"damage_taken":0.0},{"damage_healed":0.0,"max_hp_gain":0.0,"max_hp_loss":0.0,"gold_gain":0.0,"event_name":"MindBloom","player_choice":"Fight","floor":38.0,"gold_loss":0.0,"damage_taken":0.0},{"damage_healed":0.0,"max_hp_gain":0.0,"max_hp_loss":0.0,"gold_gain":0.0,"event_name":"Mysterious Sphere","player_choice":"Fight","floor":39.0,"gold_loss":0.0,"damage_taken":0.0},{"damage_healed":0.0,"max_hp_gain":0.0,"max_hp_loss":0.0,"gold_gain":0.0,"event_name":"SensoryStone","player_choice":"Memory 1","floor":46.0,"gold_loss":0.0,"damage_taken":0.0}],"is_beta":false,"boss_relics":[{"not_picked":["Pandora\u0027s Box","SacredBark"],"picked":"Sozu"},{"not_picked":["Runic Dome","Philosopher\u0027s Stone"],"picked":"Busted Crown"}],"items_purged_floors":[12,20,37],"is_endless":false,"potions_floor_spawned":[1,6,13,18,27,30,33,35,36,38],"ascension_level":10}}