{"host":"ix07nhfx4o3nf6kx","time":1613131574,"event":{"mods":["BaseMod","Hermit","Minty Spire (QoL Compilation)","StSLib","The Bug Knight","The Cursed","The Dragon Tamer","The Hierophant","The Jungle","The Runesmith"],"gold_per_floor":[118,36,48,24,42,20,20],"floor_reached":6,"language":"KOR","playtime":3269,"items_purged":[],"score":36,"play_id":"ef10e84c-a1ec-41c1-8c65-49b30e8c3eef","local_time":"20210212210614","is_ascension_mode":false,"campfire_choices":[],"circlet_count":0,"master_deck":["hierophant:Strike_Hierophant","hierophant:Strike_Hierophant","hierophant:Strike_Hierophant","hierophant:Strike_Hierophant","hierophant:Punish","hierophant:Defend_Hierophant","hierophant:Defend_Hierophant","hierophant:Defend_Hierophant","hierophant:Defend_Hierophant","hierophant:ChurchCoffers","hierophant:OrnateJavelin","hierophant:Charity","hierophant:Doubloon","hierophant:HolyVerse","hierophant:Doubloon","hierophant:Charity","hierophant:HolyVerse","hierophant:Doubloon","hierophant:Dazzle"],"relics":["Runesmith:UraniumAnvil"],"acts_visited":["Exordium"],"potions_floor_usage":[6,6],"damage_taken":[{"damage":0,"enemies":"2 Louse","floor":1,"turns":1},{"damage":0,"enemies":"Cultist","floor":3,"turns":4},{"damage":6,"enemies":"Jaw Worm","floor":5,"turns":2},{"damage":70,"enemies":"Lagavulin","floor":6,"turns":14}],"seed_played":"8750994129368875620","potions_obtained":[{"floor":1,"key":"Dexterity Potion"},{"floor":3,"key":"Weak Potion"}],"is_trial":false,"path_per_floor":["M","$","M","$","M","E"],"character_chosen":"HIEROPHANT","items_purchased":["hierophant:Charity","hierophant:HolyVerse","hierophant:HolyVerse"],"campfire_rested":0,"item_purchase_floors":[2,2,4],"current_hp_per_floor":[75,75,75,75,69,0,0],"gold":20,"neow_bonus":"BOSS_RELIC","is_daily":false,"chose_seed":false,"campfire_upgraded":0,"win_rate":0.0,"timestamp":1613131574,"path_taken":["M","$","M","$","M","E"],"items_purchased_type":["Card","Card","Card"],"build_version":"2020-12-22","purchased_purges":0,"victory":false,"max_hp_per_floor":[75,75,75,75,75,75,75],"card_choices":[{"not_picked":["hierophant:ThreeLashes","hierophant:FlamingChariot"],"picked":"hierophant:OrnateJavelin","floor":1},{"not_picked":["hierophant:HolyVerse","hierophant:Shelter"],"picked":"hierophant:Charity","floor":3},{"not_picked":["hierophant:Sermon","hierophant:Endure"],"picked":"hierophant:Dazzle","floor":5}],"player_experience":256141,"relics_obtained":[],"event_choices":[],"is_beta":false,"boss_relics":[],"items_purged_floors":[],"is_endless":false,"potions_floor_spawned":[1,3],"killed_by":"Lagavulin","ascension_level":0}}