{"host":"f2zkc2gsfwbibc34","time":1613133002,"event":{"mods":["AchievementEnabler","Act Like it!","Arknights","BaseMod","Better Note","Colored Map","Colored Powertips","Defuse TimeMaze Blight","Minty Spire (QoL Compilation)","Permanent Neow","StSLib","SuperFastMode"],"gold_per_floor":[119,119,135,5397,5397,5397,4552,4572,4595,4595,3916,3916,3935,3969,3969,4073,4073,4087,4087,4102,3650,3650,3680,3680,3700,3724,3741,3758,3173,3198,3216,3216,3318,3318,3332,2568,2568,1882,1901,1915,1099,1099,1099,1099,1132,1186,1198,1212,1212,1212],"floor_reached":51,"language":"ENG","playtime":1747,"items_purged":["ats:Strike V","ats:Defend","ats:Strike G","ats:Strike C"],"score":873,"play_id":"c0ce4aba-1e31-4579-bdaa-b2f86a3839c4","local_time":"20210212133002","is_ascension_mode":true,"campfire_choices":[{"data":"ats:Sunburst","floor":6,"key":"SMITH"},{"data":"ats:Part Time Job","floor":12,"key":"SMITH"},{"data":"ats:Part Time Job","floor":15,"key":"SMITH"},{"data":"ats:Roar Of Ursus","floor":24,"key":"SMITH"},{"data":"ats:Sword Rain","floor":32,"key":"SMITH"},{"floor":44,"key":"DIG"},{"data":"ats:Ignite","floor":49,"key":"SMITH"}],"circlet_count":0,"master_deck":["ats:Strike S","ats:Armor Crushing Shot","ats:Defend","ats:Defend","ats:Emotion Absorption+1","ats:Very Hot Blade+1","ats:Apocalypse","ats:Sunburst+1","ats:Explosion Area Strengthen","ats:Steam Pump","ats:Part Time Job+1","ats:Sashimi Platter","ats:Shell Defense+1","ats:Magnetic Hammer","ats:Part Time Job+1","ats:Very Hot Blade","ats:Curse Doll+1","ats:Roar Of Ursus+1","ats:Burning Ground","ats:Sashimi Platter","ats:Burning Ground","ats:Disruption Kick","ats:Sword Rain+1","ats:Very Hot Blade+1","ats:Very Hot Blade+1","ats:Burning Ground","ats:Volcano+1","ats:Composite Medical Shells","Sadistic Nature","ats:Flame Of Heaven","ats:Ignite+1","ats:Ignite","ats:Song Of Battle","ats:Burning Ground","Master of Strategy","ats:Very Hot Blade+1","ats:Healing Strengthening+1","ats:Sunburst+1"],"relics":["ats:Sanity","ats:Omniscience","Prayer Wheel","Cauldron","ats:Ability Aura","ats:Snipe","CaptainsWheel","Toy Ornithopter","Omamori","ats:Hidden Killer","ats:Special","Bottled Lightning","ats:Originium","Peace Pipe","SlaversCollar","Orichalcum","Sling","Juzu Bracelet","Necronomicon","Pocketwatch","Blood Vial","Kunai","Frozen Eye","Art of War","Bird Faced Urn","War Paint","Happy Flower","OrangePellets","Shovel","Strange Spoon","PreservedInsect","MealTicket","Mercury Hourglass","ats:Support","Regal Pillow","Ancient Tea Set","StoneCalendar","Ice Cream"],"acts_visited":["Exordium","TheCity","TheBeyond"],"potions_floor_usage":[50,50],"damage_taken":[{"damage":0,"enemies":"Small Slimes","floor":1,"turns":3},{"damage":6,"enemies":"Jaw Worm","floor":3,"turns":3},{"damage":0,"enemies":"2 Louse","floor":8,"turns":2},{"damage":0,"enemies":"Blue Slaver","floor":13,"turns":5},{"damage":6,"enemies":"Gremlin Nob","floor":14,"turns":5},{"damage":8,"enemies":"Slime Boss","floor":16,"turns":12},{"damage":2,"enemies":"Chosen","floor":18,"turns":5},{"damage":12,"enemies":"3 Byrds","floor":20,"turns":4},{"damage":12,"enemies":"Book of Stabbing","floor":23,"turns":6},{"damage":0,"enemies":"Cultist and Chosen","floor":25,"turns":5},{"damage":0,"enemies":"Snecko","floor":27,"turns":5},{"damage":0,"enemies":"Centurion and Healer","floor":28,"turns":5},{"damage":26,"enemies":"Gremlin Leader","floor":30,"turns":5},{"damage":0,"enemies":"Cultist and Chosen","floor":31,"turns":4},{"damage":8,"enemies":"Collector","floor":33,"turns":7},{"damage":7,"enemies":"3 Darklings","floor":35,"turns":3},{"damage":0,"enemies":"Orb Walker","floor":39,"turns":3},{"damage":0,"enemies":"Writhing Mass","floor":40,"turns":4},{"damage":7,"enemies":"Nemesis","floor":45,"turns":5},{"damage":6,"enemies":"2 Orb Walkers","floor":46,"turns":3},{"damage":23,"enemies":"Maw","floor":47,"turns":6},{"damage":0,"enemies":"3 Darklings","floor":48,"turns":3},{"damage":37,"enemies":"Donu and Deca","floor":50,"turns":6}],"seed_played":"-8026833345491193101","potions_obtained":[{"floor":1,"key":"Explosive Potion"},{"floor":3,"key":"ats:Burn Small Potion"},{"floor":4,"key":"ats:Burn Small Potion"},{"floor":42,"key":"FairyPotion"}],"is_trial":false,"path_per_floor":["M","?","M","$","?","R","$","M","T","?","$","R","M","E","R","B",null,"M","?","M","$","?","E","R","M","T","M","M","$","E","M","R","B",null,"M","$","?","$","M","M","$","?","T","R","E","?","M","M","R","B",null],"character_chosen":"DOCTOR_CLASS","items_purchased":["ats:Sunburst","ats:Omniscience","Prayer Wheel","Cauldron","ats:Explosion Area Strengthen","ats:Steam Pump","ats:Ability Aura","ats:Snipe","CaptainsWheel","ats:Part Time Job","ats:Sashimi Platter","ats:Hidden Killer","ats:Special","Bottled Lightning","Orichalcum","Sling","Juzu Bracelet","Kunai","Frozen Eye","Art of War","ats:Burning Ground","War Paint","Happy Flower","Sadistic Nature","OrangePellets","Shovel","Strange Spoon","PreservedInsect","ats:Flame Of Heaven","ats:Ignite","MealTicket","Mercury Hourglass","ats:Support","ats:Burning Ground","Master of Strategy"],"campfire_rested":0,"item_purchase_floors":[4,4,4,4,4,4,7,7,7,7,7,11,11,11,21,21,21,29,29,29,29,36,36,36,36,38,38,38,38,38,41,41,41,41,41],"current_hp_per_floor":[72,72,66,66,59,59,59,64,64,39,39,39,67,67,67,66,72,72,72,60,60,44,66,66,72,72,72,72,72,53,72,72,72,72,67,67,67,67,72,72,72,72,72,72,72,72,52,72,72,71],"gold":1212,"neow_bonus":"UPGRADE_CARD","is_daily":false,"chose_seed":false,"campfire_upgraded":6,"win_rate":0.0,"timestamp":1613133002,"path_taken":["M","?","M","$","?","R","$","M","T","?","?","R","M","E","R","BOSS","M","?","M","$","?","E","R","M","T","M","M","$","E","M","R","BOSS","M","$","?","$","M","M","?","?","T","R","E","?","M","M","R","BOSS"],"items_purchased_type":["Card","Relic","Relic","Relic","Card","Card","Relic","Relic","Relic","Card","Card","Relic","Relic","Relic","Relic","Relic","Relic","Relic","Relic","Relic","Card","Relic","Relic","Card","Relic","Relic","Relic","Relic","Card","Card","Relic","Relic","Relic","Card","Card"],"build_version":"2020-12-22","purchased_purges":4,"victory":true,"max_hp_per_floor":[72,72,72,72,72,72,72,72,72,72,72,72,72,72,72,72,72,72,72,72,72,72,72,72,72,72,72,72,72,72,72,72,72,72,72,72,72,72,72,72,72,72,72,72,72,72,72,72,72,72],"card_choices":[{"not_picked":["ats:Automatic Cover","ats:Absolute Focus"],"picked":"ats:Very Hot Blade","floor":1},{"not_picked":["ats:Consecutive Shot Auto","ats:Curse Doll"],"picked":"ats:Apocalypse","floor":3},{"not_picked":["ats:Poison Spread","ats:Powerful Strike"],"picked":"ats:Shell Defense","floor":8},{"not_picked":["ats:Serious Mode","ats:Closed Bolt Burst Fire"],"picked":"ats:Magnetic Hammer","floor":8},{"not_picked":["ats:Explosion Area Strengthen","ats:Blood Oath"],"picked":"ats:Part Time Job","floor":13},{"not_picked":["ats:Automatic Cover","ats:LN2 Cannon"],"picked":"ats:Very Hot Blade","floor":13},{"not_picked":["ats:LN2 Cannon","ats:True Silver Slash"],"picked":"ats:Curse Doll","floor":14},{"not_picked":["ats:Ambush","ats:Nebulous Foxfire"],"picked":"ats:Roar Of Ursus","floor":16},{"not_picked":["ats:Assault Order","ats:Ignite"],"picked":"ats:Burning Ground","floor":18},{"not_picked":["ats:Leaping Hammer","ats:Charging Defense"],"picked":"ats:Sashimi Platter","floor":18},{"not_picked":["ats:Shell Defense","ats:Counter Healing Mode"],"picked":"ats:Disruption Kick","floor":20},{"not_picked":["ats:Closed Bolt Burst Fire","ats:Literary Storm","ats:Steam Pump"],"picked":"SKIP","floor":20},{"not_picked":["ats:Blood Oath+1","ats:Defend Order"],"picked":"ats:Sword Rain","floor":23},{"not_picked":["ats:Ignite","ats:Healing Strengthening"],"picked":"ats:Very Hot Blade+1","floor":25},{"not_picked":["ats:Apocalypse","ats:Flexible Camouflage","ats:Shell Defense"],"picked":"SKIP","floor":25},{"not_picked":["ats:Charging Defense","ats:Literary Storm"],"picked":"ats:Very Hot Blade+1","floor":27},{"not_picked":["ats:Guard Mode","ats:Powerful Strike","ats:Consecutive Shot Auto"],"picked":"SKIP","floor":27},{"not_picked":["ats:Blood Oath+1","ats:Directed Diagnosis","ats:Closed Bolt Burst Fire"],"picked":"SKIP","floor":28},{"not_picked":["ats:Assault Order+1","ats:Powerful Strike","ats:Neurotoxin"],"picked":"SKIP","floor":28},{"not_picked":["ats:Flame Of Heaven","ats:Explosion Area Strengthen","ats:Durian"],"picked":"SKIP","floor":30},{"not_picked":["ats:Red Shift","ats:Spore Proliferation","ats:Hammer On"],"picked":"SKIP","floor":31},{"not_picked":["ats:Support Order","ats:Powerful Strike","ats:Revitalization"],"picked":"SKIP","floor":31},{"not_picked":["ats:Wolf Pack","ats:Shadow Assault"],"picked":"ats:Volcano","floor":33},{"not_picked":["ats:Blood Oath+1","ats:Poison Spread+1"],"picked":"ats:Composite Medical Shells","floor":35},{"not_picked":["ats:Flexible Camouflage","ats:Explosion Area Strengthen+1","ats:Cat Scratch"],"picked":"SKIP","floor":35},{"not_picked":["ats:Poison Spread","ats:Healing Drone"],"picked":"ats:Ignite","floor":39},{"not_picked":["ats:Assault Order","ats:Shell Defense","ats:Rat Pack"],"picked":"SKIP","floor":39},{"not_picked":["ats:Apocalypse+1","ats:Consecutive Shot Auto+1"],"picked":"ats:Song Of Battle","floor":40},{"not_picked":["ats:Apocalypse","ats:Shell Defense","ats:Literary Storm"],"picked":"SKIP","floor":40},{"not_picked":["ats:Absolute Focus+1","ats:Directed Diagnosis","ats:Soul Rend"],"picked":"SKIP","floor":45},{"not_picked":["ats:Guard Mode+1","ats:Encircling Forest"],"picked":"ats:Very Hot Blade+1","floor":46},{"not_picked":["ats:Directed Diagnosis","ats:Spore Proliferation"],"picked":"ats:Healing Strengthening+1","floor":47},{"not_picked":["ats:Leaping Hammer+1","ats:Revitalization","ats:Defend Order+1"],"picked":"SKIP","floor":47},{"not_picked":["ats:Revitalization+1","ats:Guard Mode+1"],"picked":"ats:Sunburst+1","floor":48},{"not_picked":["ats:Flexible Camouflage","ats:Support Order+1","ats:Literary Storm+1"],"picked":"SKIP","floor":48}],"player_experience":94433,"relics_obtained":[{"floor":9,"key":"Toy Ornithopter"},{"floor":14,"key":"ats:Originium"},{"floor":14,"key":"Peace Pipe"},{"floor":22,"key":"Necronomicon"},{"floor":23,"key":"ats:Originium"},{"floor":23,"key":"Pocketwatch"},{"floor":26,"key":"Blood Vial"},{"floor":30,"key":"ats:Originium"},{"floor":30,"key":"Bird Faced Urn"},{"floor":43,"key":"Regal Pillow"},{"floor":44,"key":"Ancient Tea Set"},{"floor":45,"key":"ats:Originium"},{"floor":45,"key":"StoneCalendar"},{"floor":46,"key":"Ice Cream"}],"event_choices":[{"damage_healed":0,"gold_gain":0,"player_choice":"Grow","damage_taken":0,"max_hp_gain":0,"max_hp_loss":0,"event_name":"Living Wall","floor":2,"gold_loss":0,"cards_upgraded":["ats:Very Hot Blade"]},{"cards_removed":["ats:Defend"],"damage_healed":0,"gold_gain":0,"player_choice":"Card Removal","damage_taken":7,"max_hp_gain":0,"max_hp_loss":0,"event_name":"Golden Wing","floor":5,"gold_loss":0},{"damage_healed":0,"gold_gain":0,"player_choice":"Success","damage_taken":25,"relics_obtained":["Omamori"],"max_hp_gain":0,"max_hp_loss":0,"event_name":"Scrap Ooze","floor":10,"gold_loss":0},{"damage_healed":0,"gold_gain":0,"player_choice":"Copied","damage_taken":0,"max_hp_gain":0,"max_hp_loss":0,"event_name":"Duplicator","floor":19,"gold_loss":0,"cards_obtained":["ats:Burning Ground"]},{"damage_healed":0,"gold_gain":0,"player_choice":"Obtained Book","damage_taken":16,"max_hp_gain":0,"max_hp_loss":0,"event_name":"Cursed Tome","floor":22,"gold_loss":0},{"damage_healed":0,"gold_gain":0,"player_choice":"Upgraded","damage_taken":0,"max_hp_gain":0,"max_hp_loss":0,"event_name":"Upgrade Shrine","floor":37,"gold_loss":0,"cards_upgraded":["ats:Volcano"]},{"damage_healed":0,"gold_gain":0,"player_choice":"Got Potions","damage_taken":0,"max_hp_gain":0,"max_hp_loss":0,"event_name":"Lab","floor":42,"gold_loss":0},{"damage_healed":0,"gold_gain":0,"player_choice":"Fight","damage_taken":0,"max_hp_gain":0,"max_hp_loss":0,"event_name":"Mysterious Sphere","floor":46,"gold_loss":0}],"is_beta":false,"boss_relics":[{"not_picked":["Busted Crown","SacredBark"],"picked":"SlaversCollar"},{"not_picked":["Cursed Key","Fusion Hammer","Astrolabe"]}],"items_purged_floors":[4,7,11,36],"is_endless":false,"potions_floor_spawned":[1,3,14,18,23,27,30,33,39,45,48],"ascension_level":1}}