{"host":"mwb0clku6crgv6yl","time":1613105140,"event":{"mods":["AchievementEnabler","BaseMod","Highlight Path","Koishi","Minty Spire (QoL Compilation)","Replay The Spire","StSLib","The Construct","The Cursed","The Gatherer","The Hierophant"],"gold_per_floor":[111,186,163,173,173,173,204,204,204,232,232,80,80,97,97,200,200,214,286,305,305,320,320,40,50,131,155,155,181,121,121,121,219,219,234,245,70,70,420,445,463,463,463,463,463],"floor_reached":44,"language":"ZHS","playtime":2196,"items_purged":["TheCursedMod:Strike_TheCursed"],"score":867,"play_id":"e1dabe7f-fa23-4b05-bbf3-1819bb8e3ef7","local_time":"20210212124540","is_ascension_mode":true,"campfire_choices":[{"data":"TheCursedMod:CircleOfFlame","floor":6.0,"key":"SMITH"},{"floor":8.0,"key":"REST"},{"floor":11.0,"key":"REST"},{"data":"TheCursedMod:CursedSpellbook","floor":15.0,"key":"SMITH"},{"data":"TheCursedMod:OutForBlood","floor":23.0,"key":"SMITH"},{"floor":28.0,"key":"REST"},{"floor":32.0,"key":"REST"}],"circlet_count":0,"master_deck":["TheCursedMod:Strike_TheCursed","TheCursedMod:Strike_TheCursed","TheCursedMod:Defend_TheCursed","TheCursedMod:Defend_TheCursed","TheCursedMod:Defend_TheCursed","TheCursedMod:Defend_TheCursed","TheCursedMod:CursedWand","TheCursedMod:CleanUpWorkshop","TheCursedMod:Dregs","TheCursedMod:WearCloak","TheCursedMod:CircleOfFlame+1","TheCursedMod:Stigma","TheCursedMod:ShockAndAwe","TheCursedMod:CursedSpellbook+1","TheCursedMod:RapidMovement","TheCursedMod:OutForBlood+1","TheCursedMod:Stigma","ReplayTheSpireMod:Splinters","TheCursedMod:SpitefulStrike","TheCursedMod:RapidMovement","TheCursedMod:BlessingInDisguise+1","Sadistic Nature","Specialist","TheCursedMod:SmokeScreen","TheCursedMod:TroublousMinions+1","TheCursedMod:CircleOfAbyss","CurseOfTheBell","TheCursedMod:CursedBlade","TheCursedMod:SpitefulStrike","TheCursedMod:CircleOfBlood","Writhe","Normality","Normality","TheCursedMod:TroublousMinions+1","TheCursedMod:WearCloak","Looming Evil","ReplayTheSpireMod:IOU"],"relics":["Replay:Bronze Core","Chameleon Ring","Pet Ghost","Shuriken","Replay:WaspNest","Medical Kit","TheCursedMod:OminousMark","Replay:Mystery Machine","The Courier","Tiny Chest","StrikeDummy","Replay:Grab Bag","Cursed Key","Fusion Hammer","Calling Bell","MealTicket","construct:FoamFinger","Peace Pipe","Sling","Ring of Greed","Ring of Fangs","Old Coin","Replay:Wax Seal","Durian","Vajra","HornCleat"],"acts_visited":["Exordium","TheCity","TheBeyond"],"potions_floor_usage":[33,33,35],"damage_taken":[{"damage":0.0,"enemies":"2 Louse","floor":1.0,"turns":4.0},{"damage":0.0,"enemies":"Cultist","floor":4.0,"turns":4.0},{"damage":51.0,"enemies":"Gremlin Nob","floor":7.0,"turns":6.0},{"damage":9.0,"enemies":"3 Sentries","floor":10.0,"turns":8.0},{"damage":0.0,"enemies":"Small Slimes","floor":14.0,"turns":2.0},{"damage":10.0,"enemies":"Hexaghost","floor":16.0,"turns":8.0},{"damage":4.0,"enemies":"3 Byrds","floor":18.0,"turns":3.0},{"damage":19.0,"enemies":"2 Thieves","floor":20.0,"turns":3.0},{"damage":22.0,"enemies":"Cultist and Chosen","floor":22.0,"turns":5.0},{"damage":1.0,"enemies":"Centurion and Healer","floor":25.0,"turns":5.0},{"damage":48.0,"enemies":"Gremlin Leader","floor":29.0,"turns":6.0},{"damage":34,"enemies":"Collector","floor":33,"turns":12},{"damage":37,"enemies":"3 Darklings","floor":35,"turns":6},{"damage":0,"enemies":"Orb Walker","floor":36,"turns":2},{"damage":23,"enemies":"R_Hoarder","floor":40,"turns":6},{"damage":22,"enemies":"Writhing Mass","floor":41,"turns":5},{"damage":36,"enemies":"4 Shapes","floor":44,"turns":3}],"seed_played":"-4969437767457646311","potions_obtained":[{"floor":4.0,"key":"SteroidPotion"},{"floor":10.0,"key":"Block Potion"},{"floor":18.0,"key":"Dexterity Potion"},{"floor":33,"key":"AttackPotion"},{"floor":41,"key":"Elixir"}],"is_trial":false,"path_per_floor":["M","?","$","M","T","R","E","R","T","E","R","$","?","M","R","B",null,"M","?","M","?","M","R","$","M","T","T","R","E","$","?","R","B",null,"M","M","$","?","?","E","M","T","T","M"],"character_chosen":"THE_CURSED","items_purchased":["TheCursedMod:CircleOfFlame","Medical Kit","Sadistic Nature","Specialist","TheCursedMod:CircleOfBlood","Sling"],"campfire_rested":4,"item_purchase_floors":[3,12,24,24,37,37],"current_hp_per_floor":[68,61,61,61,61,61,10,32,32,23,45,45,45,45,45,35,65,61,61,42,67,45,45,45,44,44,44,66,18,18,18,40,6,58,21,21,36,55,55,41,21,21,21,0,0],"gold":463,"neow_bonus":"BOSS_RELIC","is_daily":false,"chose_seed":false,"campfire_upgraded":3,"win_rate":0.0,"timestamp":1613105140,"path_taken":["M","?","$","?","?","R","E","R","T","E","R","$","?","M","R","BOSS","M","?","?","?","M","R","$","M","T","?","R","E","$","?","R","BOSS","M","M","$","?","?","E","M","?","T","?"],"items_purchased_type":["Card","Relic","Card","Card","Card","Relic"],"build_version":"2020-12-22","purchased_purges":1,"victory":false,"max_hp_per_floor":[75,75,75,75,75,75,75,75,75,75,75,75,75,75,75,75,75,75,75,75,75,75,75,75,75,75,75,75,75,75,75,75,75,75,75,75,75,75,75,80,80,80,80,80,80],"card_choices":[{"not_picked":["TheCursedMod:RavingStaff","TheCursedMod:VitalStrike"],"picked":"TheCursedMod:WearCloak","floor":1.0},{"not_picked":["TheCursedMod:SaltUponWound","TheCursedMod:RavingStaff"],"picked":"TheCursedMod:Stigma","floor":4.0},{"not_picked":["TheCursedMod:CircleOfCorruption","TheCursedMod:Torture"],"picked":"TheCursedMod:ShockAndAwe","floor":7.0},{"not_picked":["TheCursedMod:SmokeScreen","TheCursedMod:Wield"],"picked":"TheCursedMod:CursedSpellbook","floor":10.0},{"not_picked":["TheCursedMod:SpreadPlague","TheCursedMod:SmokeScreen"],"picked":"TheCursedMod:RapidMovement","floor":14.0},{"not_picked":["TheCursedMod:DemonSword","TheCursedMod:ForbiddenAlchemy"],"picked":"TheCursedMod:OutForBlood","floor":16.0},{"not_picked":["TheCursedMod:CursedArmor","TheCursedMod:CircleOfWindfury"],"picked":"TheCursedMod:Stigma","floor":18.0},{"not_picked":["TheCursedMod:TroublousMinions","TheCursedMod:Stretching+1"],"picked":"TheCursedMod:SpitefulStrike","floor":19.0},{"not_picked":["TheCursedMod:CircleOfAmplification","TheCursedMod:Wield"],"picked":"TheCursedMod:RapidMovement","floor":20.0},{"not_picked":["TheCursedMod:Stretching+1","TheCursedMod:RapidMovement"],"picked":"TheCursedMod:BlessingInDisguise+1","floor":22.0},{"not_picked":["TheCursedMod:CircleOfFlame","TheCursedMod:SurpriseAttack"],"picked":"TheCursedMod:SmokeScreen","floor":25.0},{"not_picked":["TheCursedMod:ReleasedStrength+1","TheCursedMod:ShockAndAwe"],"picked":"TheCursedMod:TroublousMinions+1","floor":29.0},{"not_picked":["TheCursedMod:ManaCirculation","TheCursedMod:ParallelWorld"],"picked":"TheCursedMod:CircleOfAbyss","floor":33},{"not_picked":["TheCursedMod:TacticalStrike","TheCursedMod:PrepareRite"],"picked":"TheCursedMod:CursedBlade","floor":35},{"not_picked":["TheCursedMod:Stigma","TheCursedMod:FleshFromBone"],"picked":"TheCursedMod:SpitefulStrike","floor":36},{"not_picked":["TheCursedMod:Stretching","TheCursedMod:CursedMace"],"picked":"TheCursedMod:TroublousMinions+1","floor":40},{"not_picked":["TheCursedMod:UltimatePain","TheCursedMod:AbyssShockwave+1"],"picked":"TheCursedMod:WearCloak","floor":41}],"player_experience":303486,"relics_obtained":[{"floor":5.0,"key":"Chameleon Ring"},{"floor":7.0,"key":"Pet Ghost"},{"floor":9.0,"key":"Shuriken"},{"floor":10.0,"key":"Replay:WaspNest"},{"floor":19.0,"key":"Replay:Mystery Machine"},{"floor":26.0,"key":"The Courier"},{"floor":27.0,"key":"Tiny Chest"},{"floor":29.0,"key":"StrikeDummy"},{"floor":34,"key":"MealTicket"},{"floor":34,"key":"construct:FoamFinger"},{"floor":34,"key":"Peace Pipe"},{"floor":39,"key":"Ring of Greed"},{"floor":39,"key":"Ring of Fangs"},{"floor":39,"key":"Old Coin"},{"floor":39,"key":"Replay:Wax Seal"},{"floor":40,"key":"Durian"},{"floor":42,"key":"Vajra"},{"floor":43,"key":"HornCleat"}],"event_choices":[{"damage_healed":0.0,"max_hp_gain":0.0,"max_hp_loss":0.0,"gold_gain":75.0,"event_name":"FaceTrader","player_choice":"Touch","floor":2.0,"gold_loss":0.0,"damage_taken":7.0},{"cards_removed":["TheCursedMod:Strike_TheCursed"],"damage_healed":0.0,"max_hp_gain":0.0,"max_hp_loss":0.0,"gold_gain":0.0,"event_name":"Living Wall","player_choice":"Forget","floor":13.0,"gold_loss":0.0,"damage_taken":0.0},{"damage_healed":25.0,"max_hp_gain":0.0,"max_hp_loss":0.0,"gold_gain":0.0,"event_name":"The Library","player_choice":"Heal","floor":21.0,"gold_loss":0.0,"damage_taken":0.0},{"damage_healed":0.0,"max_hp_gain":0.0,"max_hp_loss":0.0,"gold_gain":0.0,"event_name":"Cursed Tome","player_choice":"Ignored","floor":31.0,"gold_loss":0.0,"damage_taken":0.0},{"damage_healed":19,"gold_gain":0,"player_choice":"Writhe","damage_taken":0,"max_hp_gain":0,"max_hp_loss":0,"event_name":"Winding Halls","floor":38,"gold_loss":0,"cards_obtained":["Writhe"]}],"is_beta":false,"boss_relics":[{"not_picked":["Painkiller Herb","construct:ClawGrip"],"picked":"TheCursedMod:OminousMark"},{"not_picked":["Philosopher\u0027s Stone","Astrolabe"],"picked":"Replay:Grab Bag"},{"not_picked":["Sozu","Runic Dome"],"picked":"Cursed Key"},{"not_picked":["ChewingGum","Coffee Dripper"],"picked":"Fusion Hammer"},{"not_picked":["Black Star","Runic Pyramid"],"picked":"Calling Bell"}],"items_purged_floors":[30],"is_endless":false,"potions_floor_spawned":[4,10,18,33,41],"killed_by":"4 Shapes","ascension_level":9}}