{"host":"t1puqh5lxz8sp6fn","time":1613110473,"event":{"mods":["AchievementEnabler","BaseMod","Colored Powertips","Minty Spire (QoL Compilation)","Rare Cards Sparkle","Relic Stats","StSLib"],"gold_per_floor":[119,132,132,132,156,156,189,339,339,35,54,54,54,389,389,482,482,500,500,218,241,241,241,275,291,318,408,408,408],"floor_reached":28,"playtime":1107,"items_purged":["Doubt","Decay"],"score":427,"play_id":"190e3a6f-75f5-4fe8-8aa0-d0ae34e10fb6","local_time":"20210212031433","is_ascension_mode":true,"campfire_choices":[{"data":"Sweeping Beam","floor":6,"key":"SMITH"},{"floor":13,"key":"REST"},{"floor":15,"key":"REST"},{"floor":23,"key":"REST"}],"circlet_count":0,"master_deck":["AscendersBane","Strike_B","Strike_B","Strike_B","Strike_B","Defend_B","Defend_B","Defend_B","Defend_B","Zap","Dualcast","Chrysalis","Steam","Aggregate","Sweeping Beam+1","Ball Lightning+1","Dramatic Entrance+1","Coolheaded","Gash+1","Machine Learning","BootSequence","Creative AI","Panache","Self Repair","Glacier+1","Recycle"],"relics":["Cracked Core","Golden Idol","Molten Egg 2","Kunai","Calipers","Old Coin","Nuclear Battery","Unceasing Top","Blood Vial"],"acts_visited":["Exordium","TheCity"],"potions_floor_usage":[7,14,16,21,28],"damage_taken":[{"damage":13,"enemies":"Jaw Worm","floor":1,"turns":4},{"damage":0,"enemies":"2 Louse","floor":2,"turns":4},{"damage":10,"enemies":"Cultist","floor":5,"turns":4},{"damage":38,"enemies":"3 Sentries","floor":7,"turns":8},{"damage":0,"enemies":"3 Louse","floor":11,"turns":1},{"damage":30,"enemies":"Gremlin Nob","floor":14,"turns":4},{"damage":21,"enemies":"Hexaghost","floor":16,"turns":11},{"damage":29,"enemies":"Shell Parasite","floor":18,"turns":7},{"damage":3,"enemies":"Chosen","floor":21,"turns":4},{"damage":28,"enemies":"Gremlin Leader","floor":24,"turns":7},{"damage":11,"enemies":"Centurion and Healer","floor":25,"turns":7},{"damage":5,"enemies":"3 Cultists","floor":28,"turns":2}],"seed_played":"-3972789510703055972","potions_obtained":[{"floor":5,"key":"DuplicationPotion"},{"floor":11,"key":"Fruit Juice"},{"floor":16,"key":"EssenceOfDarkness"},{"floor":25,"key":"ColorlessPotion"}],"is_trial":false,"path_per_floor":["M","M","?","?","M","R","E","?","T","$","M","T","R","E","R","B",null,"M","?","$","M","?","R","E","M","T","?","M"],"character_chosen":"DEFECT","items_purchased":["Ball Lightning+1","Dramatic Entrance+1","Block Potion","PowerPotion","Panache"],"campfire_rested":3,"item_purchase_floors":[10,10,10,10,20],"current_hp_per_floor":[33,33,56,56,46,46,8,8,8,8,8,8,27,2,22,1,52,23,23,23,20,20,40,19,15,15,3,0,0],"gold":408,"neow_bonus":"RANDOM_COLORLESS_2","is_daily":false,"chose_seed":false,"campfire_upgraded":1,"win_rate":0.0,"timestamp":1613110473,"path_taken":["M","M","?","?","M","R","E","?","T","$","M","?","R","E","R","BOSS","M","?","$","?","?","R","E","M","T","?","M"],"items_purchased_type":["Card","Card","Potion","Potion","Card"],"build_version":"2020-12-13","purchased_purges":2,"victory":false,"max_hp_per_floor":[71,71,71,64,64,64,64,64,64,64,64,64,64,69,69,69,69,69,69,69,69,69,69,69,69,69,69,69,69],"relic_stats":{"Blood Vial":2,"counters":[12,63],"Golden Idol":61,"Kunai":[9],"obtain_stats":[{"Blood Vial":26,"Calipers":12,"Golden Idol":4,"Molten Egg 2":7,"Kunai":9,"Cracked Core":0,"Unceasing Top":24,"Old Coin":14,"Nuclear Battery":17},{"Blood Vial":11,"Calipers":5,"Golden Idol":2,"Molten Egg 2":4,"Kunai":4,"Cracked Core":0,"Unceasing Top":10,"Old Coin":6,"Nuclear Battery":7},{"Blood Vial":61,"Calipers":21,"Golden Idol":8,"Molten Egg 2":20,"Kunai":20,"Cracked Core":0,"Unceasing Top":54,"Old Coin":25,"Nuclear Battery":36}],"Unceasing Top":[0]},"card_choices":[{"not_picked":["Magnetism","Thinking Ahead"],"picked":"Chrysalis","floor":0},{"not_picked":["Double Energy","Turbo"],"picked":"Steam","floor":1},{"not_picked":["Rip and Tear","Recycle"],"picked":"Aggregate","floor":2},{"not_picked":["Redo","Consume"],"picked":"Sweeping Beam","floor":5},{"not_picked":["Hologram","Redo","Stack"],"picked":"SKIP","floor":7},{"not_picked":["Fusion","Heatsinks"],"picked":"Coolheaded","floor":11},{"not_picked":["Loop","Recycle"],"picked":"Gash+1","floor":14},{"not_picked":["Amplify","Fission"],"picked":"Machine Learning","floor":16},{"not_picked":["Stack+1","Hologram+1"],"picked":"BootSequence","floor":18},{"not_picked":["Leap","Ball Lightning+1"],"picked":"Self Repair","floor":21},{"not_picked":["Redo+1","Biased Cognition"],"picked":"Glacier+1","floor":24},{"not_picked":["Sweeping Beam+1","Glacier+1"],"picked":"Recycle","floor":25}],"player_experience":513563,"relics_obtained":[{"floor":7,"key":"Molten Egg 2"},{"floor":9,"key":"Kunai"},{"floor":12,"key":"Calipers"},{"floor":14,"key":"Old Coin"},{"floor":24,"key":"Unceasing Top"},{"floor":26,"key":"Blood Vial"}],"event_choices":[{"damage_healed":23,"gold_gain":0,"player_choice":"Banana","damage_taken":0,"max_hp_gain":0,"max_hp_loss":0,"event_name":"Big Fish","floor":3,"gold_loss":0},{"damage_healed":0,"gold_gain":0,"player_choice":"Lose Max HP","damage_taken":0,"relics_obtained":["Golden Idol"],"max_hp_gain":0,"max_hp_loss":7,"event_name":"Golden Idol","floor":4,"gold_loss":0},{"damage_healed":0,"gold_gain":150,"player_choice":"AGREE","damage_taken":0,"max_hp_gain":0,"max_hp_loss":0,"event_name":"Liars Game","floor":8,"gold_loss":0,"cards_obtained":["Doubt"]},{"damage_healed":0,"gold_gain":0,"player_choice":"2 cards matched","damage_taken":0,"max_hp_gain":0,"max_hp_loss":0,"event_name":"Match and Keep!","floor":19,"gold_loss":0,"cards_obtained":["Decay","Creative AI"]},{"damage_healed":0,"gold_gain":0,"player_choice":"Ignored","damage_taken":0,"max_hp_gain":0,"max_hp_loss":0,"event_name":"Ghosts","floor":22,"gold_loss":0},{"damage_healed":0,"gold_gain":90,"player_choice":"GOLD ","damage_taken":12,"max_hp_gain":0,"max_hp_loss":0,"event_name":"Knowing Skull","floor":27,"potions_obtained":[],"gold_loss":0,"cards_obtained":[]}],"is_beta":false,"boss_relics":[{"not_picked":["Busted Crown","Black Star"],"picked":"Nuclear Battery"}],"items_purged_floors":[10,20],"is_endless":false,"potions_floor_spawned":[5,11,16,25],"killed_by":"3 Cultists","ascension_level":15}}