{"host":"qc8p2flj7wsy3zpg","time":1613152166,"event":{"mods":["BaseMod","Highlight Path","Minty Spire (QoL Compilation)","Relic Stats","StSLib"],"gold_per_floor":[366,14,26,26,26,26,51,51,51,51,62,88,103,119,119,191,191,205,205,222,222,251,251,251,251,251],"floor_reached":25,"language":"ENG","playtime":611,"items_purged":["Writhe"],"score":568,"play_id":"5cd2c518-e53c-49f8-94f2-44de9d63321b","local_time":"20210212114926","is_ascension_mode":true,"campfire_choices":[{"floor":8,"key":"REST"},{"data":"Blade Dance","floor":10,"key":"SMITH"},{"data":"Blade Dance","floor":15,"key":"SMITH"},{"data":"Blade Dance","floor":23,"key":"SMITH"}],"circlet_count":0,"master_deck":["AscendersBane","Strike_G","Strike_G","Defend_G","Defend_G","Defend_G","Defend_G","Defend_G","Survivor","Neutralize","Dagger Spray","Noxious Fumes","Accuracy","Blade Dance+1","Dagger Throw","Blade Dance+1","PiercingWail","Blur","Accuracy","Die Die Die","Blade Dance+1","Backflip","Envenom","Bane+1","Phantasmal Killer","Phantasmal Killer","Ghostly","Ghostly","Ghostly"],"relics":["Ring of the Snake","Orrery","Pocketwatch","White Beast Statue","Philosopher\u0027s Stone","Red Mask"],"acts_visited":["Exordium","TheCity"],"potions_floor_usage":[7,12,18,20,22,25],"damage_taken":[{"damage":5,"enemies":"Small Slimes","floor":1,"turns":4},{"damage":12,"enemies":"Jaw Worm","floor":3,"turns":2},{"damage":26,"enemies":"Lagavulin","floor":7,"turns":8},{"damage":0,"enemies":"Cultist","floor":11,"turns":3},{"damage":0,"enemies":"Gremlin Nob","floor":12,"turns":3},{"damage":0,"enemies":"3 Louse","floor":13,"turns":2},{"damage":0,"enemies":"Looter","floor":14,"turns":2},{"damage":0,"enemies":"Slime Boss","floor":16,"turns":4},{"damage":10,"enemies":"2 Thieves","floor":18,"turns":3},{"damage":25,"enemies":"Spheric Guardian","floor":20,"turns":4},{"damage":0,"enemies":"Masked Bandits","floor":22,"turns":2},{"damage":23,"enemies":"Book of Stabbing","floor":25,"turns":3}],"seed_played":"-2050467704576027740","potions_obtained":[{"floor":11,"key":"FearPotion"},{"floor":13,"key":"CultistPotion"},{"floor":14,"key":"FearPotion"},{"floor":16,"key":"CunningPotion"},{"floor":18,"key":"Poison Potion"},{"floor":20,"key":"Block Potion"},{"floor":22,"key":"CunningPotion"}],"is_trial":false,"path_per_floor":["M","$","M","?","?","?","E","R","T","R","M","E","M","M","R","B",null,"M","?","M","?","?","R","?","E"],"character_chosen":"THE_SILENT","items_purchased":["Orrery","Blade Dance","Poison Potion"],"campfire_rested":1,"item_purchase_floors":[2,2,2],"current_hp_per_floor":[54,54,42,42,47,47,21,42,42,42,42,42,42,42,42,42,64,54,54,29,29,29,29,22,0,0],"gold":251,"neow_bonus":"TWO_FIFTY_GOLD","is_daily":false,"chose_seed":false,"campfire_upgraded":3,"win_rate":0.0,"timestamp":1613152166,"path_taken":["M","$","M","?","?","?","E","R","T","R","M","E","M","?","R","BOSS","M","?","M","?","?","R","?","E"],"items_purchased_type":["Relic","Card","Potion"],"build_version":"2020-12-22","purchased_purges":1,"victory":false,"max_hp_per_floor":[66,66,66,66,71,71,71,71,71,71,71,71,71,71,71,71,71,71,71,71,35,35,35,40,40,40],"relic_stats":{"counters":[12,40],"obtain_stats":[{"Orrery":2,"Philosopher\u0027s Stone":17,"Red Mask":22,"White Beast Statue":12,"Ring of the Snake":0,"Pocketwatch":7},{"Orrery":1,"Philosopher\u0027s Stone":8,"Red Mask":11,"White Beast Statue":5,"Ring of the Snake":0,"Pocketwatch":3},{"Orrery":4,"Philosopher\u0027s Stone":28,"Red Mask":37,"White Beast Statue":20,"Ring of the Snake":0,"Pocketwatch":14}],"Ring of the Snake":[24],"Pocketwatch":[9]},"card_choices":[{"not_picked":["Prepared","Dagger Throw"],"picked":"Dagger Spray","floor":1},{"not_picked":["Underhanded Strike","Dodge and Roll"],"picked":"Noxious Fumes","floor":2},{"not_picked":["Well Laid Plans","Flying Knee"],"picked":"Accuracy","floor":2},{"not_picked":["Finisher","Calculated Gamble"],"picked":"Blade Dance","floor":2},{"not_picked":["Tactician","Underhanded Strike"],"picked":"Dagger Throw","floor":2},{"not_picked":["Outmaneuver","Distraction"],"picked":"PiercingWail","floor":3},{"not_picked":["Flying Knee","Caltrops"],"picked":"Accuracy","floor":11},{"not_picked":["Quick Slash","Bullet Time"],"picked":"Die Die Die","floor":12},{"not_picked":["Flying Knee","Dagger Throw"],"picked":"Blade Dance","floor":13},{"not_picked":["Prepared","Quick Slash"],"picked":"Backflip","floor":14},{"not_picked":["Storm of Steel","Glass Knife"],"picked":"Envenom","floor":16},{"not_picked":["Well Laid Plans","Dodge and Roll"],"picked":"Bane+1","floor":18}],"player_experience":2366759,"relics_obtained":[{"floor":7,"key":"Pocketwatch"},{"floor":12,"key":"White Beast Statue"},{"floor":22,"key":"Red Mask"}],"event_choices":[{"damage_healed":0,"gold_gain":0,"player_choice":"Fled","damage_taken":0,"max_hp_gain":0,"max_hp_loss":0,"event_name":"Scrap Ooze","floor":4,"gold_loss":0},{"damage_healed":0,"gold_gain":0,"player_choice":"Donut","damage_taken":0,"max_hp_gain":5,"max_hp_loss":0,"event_name":"Big Fish","floor":5,"gold_loss":0},{"damage_healed":0,"gold_gain":0,"cards_transformed":["Strike_G"],"player_choice":"Transformed","damage_taken":0,"max_hp_gain":0,"max_hp_loss":0,"event_name":"Transmorgrifier","floor":6,"gold_loss":0,"cards_obtained":["Blur"]},{"damage_healed":0,"gold_gain":0,"cards_transformed":["Strike_G","Strike_G"],"player_choice":"Became Test Subject","damage_taken":0,"max_hp_gain":0,"max_hp_loss":0,"event_name":"Drug Dealer","floor":19,"gold_loss":0,"cards_obtained":["Phantasmal Killer","Phantasmal Killer"]},{"damage_healed":0,"gold_gain":0,"player_choice":"Became a Ghost","damage_taken":0,"max_hp_gain":0,"max_hp_loss":36,"event_name":"Ghosts","floor":21,"gold_loss":0,"cards_obtained":["Ghostly","Ghostly","Ghostly"]},{"damage_healed":0,"gold_gain":0,"player_choice":"Fought Bandits","damage_taken":0,"max_hp_gain":0,"max_hp_loss":0,"event_name":"Masked Bandits","floor":22,"gold_loss":0},{"damage_healed":0,"gold_gain":0,"player_choice":"Shed Blood","damage_taken":12,"max_hp_gain":5,"max_hp_loss":0,"event_name":"Forgotten Altar","floor":24,"gold_loss":0}],"is_beta":false,"boss_relics":[{"not_picked":["Runic Dome","Fusion Hammer"],"picked":"Philosopher\u0027s Stone"}],"items_purged_floors":[2],"is_endless":false,"potions_floor_spawned":[11,13,14,16,18,20,22],"killed_by":"Book of Stabbing","ascension_level":20}}