{"host":"niv6bi8ufjzyofbf","time":1613143801,"event":{"mods":["ATMod(∞¢Ë™Mod)","Act Like it!","BaseMod","Colored Powertips","Conspire","Gensokyo","Hermit","Mad Scientist","Marisa£®ÏF”Í°°ƒß¿Ì…≥£©","Minty Spire (QoL Compilation)","Quick Restart","Rare Cards Sparkle","Reimu£®≤©¿ˆ¡È√Œ£©","Relic Filter Mod","Reliquary","Replay The Spire","Shop Mod","Spicy Shops","StSLib","SuperFastMode","The Cursed","The Servant 0.9.4","Youmu£®ªÍ∆«—˝√Œ£©","°æ“≈ŒÔø®≈∆°øREMEMod","≤–¡Ù÷ÆŒÔ"],"gold_per_floor":[111,23333,21833,21833,21933,21933,20510,20537,20563,20563,20563,20576,19383,19417,18462,18496,18496,18598,18598,18618,18618,17272,17309,17349,17434,17434,17495,17519,17627,17627,17627,17627,16589,16589,16769,16769,16905,16973,17016,16027,16027,16147,16239,16276,16276,16276,15185,13915,13964,14075,14075,14200],"floor_reached":53,"language":"ZHS","playtime":4738,"items_purged":["Defend_YM","Defend_YM","conspire:GhostlyDefend","conspire:GhostlyDefend","conspire:GhostlyStrike","Normality","ReincarnationSword","Chrysalis","conspire:GhostlyStrike","conspire:GhostlyStrike"],"score":950,"play_id":"1c4013a2-3474-4c06-b43e-a2b600c96b63","local_time":"20210212233001","is_ascension_mode":true,"campfire_choices":[{"data":"LifeCuttingSword","floor":6,"key":"SMITH"},{"data":"REME_WheelOfFate","floor":6,"key":"SMITH"},{"data":"HiganSword","floor":17,"key":"SMITH"},{"data":"REME_EyeOfCthun+1","floor":17,"key":"SMITH"},{"data":"RitualDagger","floor":26,"key":"SMITH"},{"data":"AsuraSword","floor":26,"key":"SMITH"},{"data":"AsuraSword+1","floor":30,"key":"SMITH"},{"data":"REME_EyeOfCthun+2","floor":30,"key":"SMITH"},{"data":"CherryBlossomFlashing","floor":32,"key":"SMITH"},{"data":"REME_EyeOfCthun+3","floor":32,"key":"SMITH"},{"data":"REME_EyeOfCthun+4","floor":46,"key":"SMITH"},{"data":"REME_EyeOfCthun+5","floor":46,"key":"SMITH"},{"floor":51,"key":"DIG"}],"circlet_count":0,"master_deck":["SlashOfPresentWorld+1","WheelOfPainOfLivingAndDead","LifeCuttingSword+1","HeavenSword+1","REME_WheelOfFate+1","HeavenlyHaloSlash","HellFireSword","TwoHundredYojanaInOneSlash","TwoHundredYojanaInOneSlash","SuddenPhantomFormationSlashOfKarmicWind","HiganSword+1","REME_PuzzleBox+1","REME_EyeOfCthun+6","AsuraSword+2","RitualDagger+1","CrescentMoonSlash+1","CherryBlossomFlashing+1","LifeCuttingSword+1","SpiritCuttingSword+1","CherryBlossomFlashing+1","GreatEnlightenmentAppearingAndDisappearing"],"relics":["HalfPhantom","REME_ComplimentaryCards","AT_ATBox","Ginger","Shuriken","ClockworkSouvenir","Sling","Replay:Arrowhead","conspire:InfiniteJournal","reliquary:SilkGlove","MerchantsRug","PlaceholderMod:FlatBlood","Lantern","reliquary:BallBearing","reliquary:Bookmark","conspire:Dentures","Tiny Chest","Centennial Puzzle","REME_OnlineShoppingPlatform","Replay:Accelerometer","ReplayFunnel","reliquary:Stiletto","CrazyTorch:ReiMu","HandDrill","reliquary:TridentHead","Replay:Bottled Flurry","reliquary:Buckler","OrangePellets","AT_TimeSand","ReplayTheSpireMod:ShopPack","AT_BladeRuinedKing","conspire:SlowCooker","AT_MibuBalloonWealth","Lizard Tail","Pocketwatch","CaptainsWheel","Strange Spoon","Guide Book","Calipers","reliquary:PartyBalloon","MutagenicStrength","Molten Egg 2","Unceasing Top","Orrery","Toy Ornithopter","reliquary:WritOfMandamus","InkBottle","BargainBundle","Onion Ring","Ice Cream","Dream Catcher","reliquary:Firecrackers","reliquary:Boomerang","AT_RabadonDeathcap","Chemical X","REME_CardOfGreed","Hakurouken","Happy Flower","conspire:DeflatedDodgeball","TentaclePot:ReiMu","reliquary:Aerogel","Vajra","reliquary:FerryPass"],"acts_visited":["Exordium","TheCity","TheBeyond"],"potions_floor_usage":[5,25],"damage_taken":[{"damage":0,"enemies":"2 Louse","floor":1,"turns":2},{"damage":37,"enemies":"conspire:MimicChest","floor":2,"turns":5},{"damage":18,"enemies":"Small Slimes","floor":5,"turns":3},{"damage":40,"enemies":"Lagavulin","floor":8,"turns":4},{"damage":9,"enemies":"Jaw Worm","floor":12,"turns":2},{"damage":20,"enemies":"3 Sentries","floor":14,"turns":4},{"damage":11,"enemies":"Replay:BlueRogue","floor":16,"turns":2},{"damage":15,"enemies":"The Guardian","floor":18,"turns":3},{"damage":0,"enemies":"Spheric Guardian","floor":20,"turns":1},{"damage":17,"enemies":"Shell Parasite","floor":23,"turns":3},{"damage":0,"enemies":"Snecko","floor":24,"turns":1},{"damage":24,"enemies":"Gremlin Leader","floor":25,"turns":2},{"damage":15,"enemies":"Cultist and Chosen","floor":27,"turns":2},{"damage":49,"enemies":"Slavers","floor":29,"turns":3},{"damage":5,"enemies":"Collector","floor":35,"turns":3},{"damage":32,"enemies":"3 Darklings","floor":37,"turns":2},{"damage":16,"enemies":"Orb Walker","floor":39,"turns":2},{"damage":25,"enemies":"4 Shapes","floor":42,"turns":1},{"damage":0,"enemies":"Jaw Worm Horde","floor":43,"turns":1},{"damage":7,"enemies":"Transient","floor":44,"turns":3},{"damage":6,"enemies":"4 Shapes","floor":50,"turns":1},{"damage":3,"enemies":"Awakened One","floor":52,"turns":3}],"seed_played":"1024586340980593250","potions_obtained":[{"floor":2,"key":"PowerPotion"}],"is_trial":false,"path_per_floor":["M","?","$","?","M","R","$","E","T","PTL","PTL","M","$","E","$","E","R","B",null,"M","?","$","M","M","E","R","M","T","E","R","?","R","$","R","B",null,"M","T","M","$","?","M","M","M","T","R","$","$","T","M","R","B",null],"character_chosen":"YOUMU","items_purchased":["ClockworkSouvenir","Sling","Replay:Arrowhead","HeavenSword","conspire:InfiniteJournal","REME_WheelOfFate","reliquary:SilkGlove","MerchantsRug","PlaceholderMod:FlatBlood","Lantern","reliquary:BallBearing","reliquary:Bookmark","conspire:Dentures","HellFireSword","FairyPotion","Strength Potion","REME_OnlineShoppingPlatform","Replay:Accelerometer","ReplayFunnel","reliquary:Stiletto","CrazyTorch:ReiMu","HandDrill","TwoHundredYojanaInOneSlash","SuddenPhantomFormationSlashOfKarmicWind","HiganSword","Replay:Bottled Flurry","reliquary:Buckler","OrangePellets","AT_TimeSand","ReplayTheSpireMod:ShopPack","AT_MibuBalloonWealth","Lizard Tail","Pocketwatch","CaptainsWheel","Strange Spoon","Guide Book","Molten Egg 2","Unceasing Top","Orrery","SpiritCuttingSword","CherryBlossomFlashing+1","Toy Ornithopter","BargainBundle","Onion Ring","Ice Cream","Dream Catcher","reliquary:Firecrackers","AT_RabadonDeathcap","Chemical X","REME_CardOfGreed","Hakurouken","Happy Flower","conspire:DeflatedDodgeball","TentaclePot:ReiMu","reliquary:Aerogel"],"campfire_rested":0,"item_purchase_floors":[3,3,3,3,3,3,3,3,7,7,7,7,7,7,7,7,13,13,13,13,13,13,13,13,15,15,15,15,15,15,22,22,22,22,22,22,33,33,33,33,33,33,40,40,40,40,40,47,47,47,47,48,48,48,48],"current_hp_per_floor":[68,31,31,31,13,13,90,28,28,28,28,910,910,890,890,879,879,864,68,68,62,62,45,45,21,21,87,87,90,90,90,90,90,68,63,68,56,56,40,40,40,15,15,97,97,97,97,97,97,91,91,88],"gold":14200,"neow_bonus":"ONE_RARE_RELIC","is_daily":false,"chose_seed":false,"campfire_upgraded":12,"win_rate":0.0,"timestamp":1613143801,"path_taken":["M","?","$","?","M","R","$","E","T","PTL","PTL","M","$","E","?","E","R","BOSS","M","?","$","M","M","E","R","M","T","E","R","?","R","$","R","BOSS","M","?","?","$","?","M","M","M","T","R","?","$","?","M","R","BOSS"],"items_purchased_type":["Relic","Relic","Relic","Card","Relic","Card","Relic","Relic","Relic","Relic","Relic","Relic","Relic","Card","Potion","Potion","Relic","Relic","Relic","Relic","Relic","Relic","Card","Card","Card","Relic","Relic","Relic","Relic","Relic","Relic","Relic","Relic","Relic","Relic","Relic","Relic","Relic","Relic","Card","Card","Relic","Relic","Relic","Relic","Relic","Relic","Relic","Relic","Relic","Relic","Relic","Relic","Relic","Relic"],"build_version":"2020-12-22","purchased_purges":10,"victory":true,"max_hp_per_floor":[68,68,68,68,68,68,68,68,68,68,68,68,68,68,68,68,68,68,68,68,68,68,68,68,68,68,68,68,68,68,68,68,68,68,68,68,68,68,68,68,68,68,68,68,68,68,68,68,68,68,68,68],"card_choices":[{"not_picked":["ConstancyOfTheConventionalTruth","PreachingAvici","SlashOfAscensionToBuddhahood"],"picked":"SKIP","floor":1},{"not_picked":["AsTheSilentNirvana","CrescentMoonSlash"],"picked":"LifeCuttingSword","floor":2},{"not_picked":["CrescentMoonSlash","LowerRealmReflectionSlash"],"picked":"HeavenlyHaloSlash","floor":5},{"not_picked":["SpiritCuttingSword","SanzenSekai"],"picked":"TwoHundredYojanaInOneSlash","floor":8},{"not_picked":["SuddenPhantomFormationSlashOfKarmicWind","FourBirthsSword","ThreeKonsSevenHakus"],"picked":"SKIP","floor":12},{"not_picked":["SlashOfMeditation","SwordExtraction","LightFlashOfTheNetherworld"],"picked":"SKIP","floor":14},{"not_picked":["AT_BreakingExtremeWeapon","Sadistic Nature"],"picked":"REME_PuzzleBox","floor":15},{"not_picked":["Madness","REME_TheoryOfElimination"],"picked":"REME_EyeOfCthun","floor":15},{"not_picked":["SuddenPhantomFormationSlashOfKarmicWind","LowerRealmReflectionSlash","SpiderLilyBurial"],"picked":"SKIP","floor":16},{"not_picked":["SuddenDivineSeveringOfKarmicWind","MatsuyoiReflectingSatelliteSlash"],"picked":"AsuraSword","floor":18},{"not_picked":["SlashOfMeditation+1","ObsessionSword","HesitationCuttingSword+1"],"picked":"SKIP","floor":20},{"not_picked":["ConstancyOfTheConventionalTruth","FlashingScatteredFlowers"],"picked":"CrescentMoonSlash+1","floor":23},{"not_picked":["SlashOfTheEternalFuture","SwordOfBindingDesires+1","SlashOfAscensionToBuddhahood"],"picked":"SKIP","floor":24},{"not_picked":["KarmicPunishmentOfTheIdleAndUnfocused+1","ObsessionSword","HeartExcerptSlash"],"picked":"SKIP","floor":25},{"not_picked":["FantasyOfEnteringEnlightenment+1","ConstancyOfTheConventionalTruth","LowerRealmReflectionSlash"],"picked":"SKIP","floor":27},{"not_picked":["FlashingScatteredFlowers","DispleasureOfTheSevenHakus"],"picked":"CherryBlossomFlashing","floor":29},{"not_picked":["HeartExcerptSlash+1","RapidSlash+1"],"picked":"LifeCuttingSword+1","floor":33},{"not_picked":["VoidnessSword","HellRealmSword+1"],"picked":"ReincarnationSword","floor":35},{"not_picked":["FourBirthsSword+1","SanzenSekai+1","ObsessionWithThePresentWorld"],"picked":"SKIP","floor":37},{"not_picked":["LifeCuttingSword+1","ConstancyOfTheConventionalTruth+1","SpiritCuttingSword+1"],"picked":"SKIP","floor":39},{"not_picked":["TwoHundredYojanaInOneSlash+1","LotusPostureSlash+1","SlashClearingTheSixSenses+1"],"picked":"SKIP","floor":42},{"not_picked":["TenKingsRetributionOnThePreta+1","ConstancyOfTheConventionalTruth+1","SwordOfBindingDesires"],"picked":"SKIP","floor":43},{"not_picked":["TurningAngelCut+1","ConstancyOfTheConventionalTruth","AsTheSilentNirvana"],"picked":"SKIP","floor":44},{"not_picked":["ThreeKonsSevenHakus+1","CrescentMoonSlash+1"],"picked":"GreatEnlightenmentAppearingAndDisappearing","floor":50}],"player_experience":622367,"relics_obtained":[{"floor":2,"key":"Shuriken"},{"floor":8,"key":"Tiny Chest"},{"floor":9,"key":"Centennial Puzzle"},{"floor":14,"key":"reliquary:TridentHead"},{"floor":16,"key":"AT_BladeRuinedKing"},{"floor":25,"key":"Calipers"},{"floor":28,"key":"reliquary:PartyBalloon"},{"floor":38,"key":"InkBottle"},{"floor":45,"key":"reliquary:Boomerang"},{"floor":49,"key":"Vajra"},{"floor":51,"key":"reliquary:FerryPass"}],"event_choices":[{"damage_healed":0,"gold_gain":0,"player_choice":"Agree","damage_taken":0,"max_hp_gain":0,"max_hp_loss":0,"event_name":"conspire:LoneGhost","floor":4,"gold_loss":0},{"damage_healed":0,"gold_gain":0,"player_choice":"Joined the Cult","damage_taken":6,"max_hp_gain":0,"max_hp_loss":0,"event_name":"Nest","floor":21,"gold_loss":0,"cards_obtained":["RitualDagger"]},{"damage_healed":0,"gold_gain":0,"player_choice":"Inject Mutagens","damage_taken":0,"relics_obtained":["MutagenicStrength"],"max_hp_gain":0,"max_hp_loss":0,"event_name":"Drug Dealer","floor":31,"gold_loss":0},{"damage_healed":0,"gold_gain":0,"cards_transformed":["conspire:GhostlyStrike"],"player_choice":"Transformed","damage_taken":0,"max_hp_gain":0,"max_hp_loss":0,"event_name":"Transmorgrifier","floor":41,"gold_loss":0,"cards_obtained":["Chrysalis"]}],"is_beta":false,"boss_relics":[{"not_picked":["Honey Jar","Painkiller Herb"],"picked":"conspire:SlowCooker"},{"not_picked":["Replay:Bronze Core","REME_DuelDisc"],"picked":"reliquary:WritOfMandamus"}],"items_purged_floors":[3,3,7,7,33,40,40,47,48,48],"is_endless":false,"potions_floor_spawned":[2,8,16,18,20,23,27,35,39],"ascension_level":3}}