{"host":"t1puqh5lxz8sp6fn","time":1613096730,"event":{"mods":["AchievementEnabler","BaseMod","Colored Powertips","Minty Spire (QoL Compilation)","Rare Cards Sparkle","Relic Stats","StSLib"],"gold_per_floor":[213,223,238,238,29,57,57,68,68,68,68,68,82,101,101,178,178,190,210,225,225,245,245,255,274,350,350,360,360,58,88,88,164,164,181,30,41,54,72,72,72],"floor_reached":40,"playtime":1780,"items_purged":["Defend_B"],"score":728,"play_id":"fd79c18d-7f75-45ad-95e5-17c6838f178d","local_time":"20210211232530","is_ascension_mode":true,"campfire_choices":[{"data":"Darkness","floor":7.0,"key":"SMITH"},{"floor":15.0,"key":"REST"},{"floor":23.0,"key":"REST"},{"data":"Dualcast","floor":29.0,"key":"SMITH"},{"floor":32.0,"key":"REST"}],"circlet_count":0,"master_deck":["AscendersBane","Defend_B","Defend_B","Defend_B+1","Zap","Dualcast+1","Steam","Gash","Darkness+1","Master of Strategy","Gash","Cold Snap+1","Ball Lightning","Conserve Battery+1","Turbo+1","Fission+1","All For One+1","Go for the Eyes+1","Sunder+1","Conserve Battery+1","Skim+1","Chaos+1","Aggregate+1","Defragment","White Noise+1","Electrodynamics","Fission+1","Darkness+1","White Noise+1","Leap+1"],"relics":["Cracked Core","Lizard Tail","Toxic Egg 2","Astrolabe","Letter Opener","Question Card","PreservedInsect","MealTicket","Black Star"],"acts_visited":["Exordium","TheCity","TheBeyond"],"potions_floor_usage":[33,39],"damage_taken":[{"damage":13.0,"enemies":"Jaw Worm","floor":1.0,"turns":4.0},{"damage":0.0,"enemies":"Small Slimes","floor":2.0,"turns":2.0},{"damage":1.0,"enemies":"2 Louse","floor":3.0,"turns":3.0},{"damage":5.0,"enemies":"3 Sentries","floor":6.0,"turns":3.0},{"damage":3.0,"enemies":"Exordium Wildlife","floor":8.0,"turns":4.0},{"damage":0.0,"enemies":"Gremlin Gang","floor":10.0,"turns":1.0},{"damage":2.0,"enemies":"Looter","floor":13.0,"turns":3.0},{"damage":0.0,"enemies":"3 Louse","floor":14.0,"turns":3.0},{"damage":30.0,"enemies":"The Guardian","floor":16.0,"turns":10.0},{"damage":2.0,"enemies":"Chosen","floor":18.0,"turns":3.0},{"damage":1.0,"enemies":"Spheric Guardian","floor":19.0,"turns":3.0},{"damage":18.0,"enemies":"Shelled Parasite and Fungi","floor":20.0,"turns":5.0},{"damage":1.0,"enemies":"Centurion and Healer","floor":22.0,"turns":5.0},{"damage":13.0,"enemies":"Cultist and Chosen","floor":24.0,"turns":6.0},{"damage":0.0,"enemies":"Sentry and Sphere","floor":25.0,"turns":3.0},{"damage":4.0,"enemies":"Centurion and Healer","floor":28.0,"turns":4.0},{"damage":18.0,"enemies":"Slavers","floor":31.0,"turns":3.0},{"damage":36,"enemies":"Collector","floor":33,"turns":7},{"damage":0,"enemies":"Orb Walker","floor":35,"turns":2},{"damage":33,"enemies":"3 Darklings","floor":37,"turns":4},{"damage":10,"enemies":"4 Shapes","floor":38,"turns":5},{"damage":31,"enemies":"Maw","floor":39,"turns":6},{"damage":45,"enemies":"Giant Head","floor":40,"turns":6}],"seed_played":"8222248565970848078","potions_obtained":[{"floor":1.0,"key":"PowerPotion"},{"floor":2.0,"key":"SmokeBomb"},{"floor":8.0,"key":"Weak Potion"},{"floor":13.0,"key":"Ancient Potion"},{"floor":16.0,"key":"Explosive Potion"},{"floor":21.0,"key":"FearPotion"},{"floor":25.0,"key":"Dexterity Potion"},{"floor":28.0,"key":"Dexterity Potion"},{"floor":33,"key":"EssenceOfSteel"},{"floor":38,"key":"LiquidBronze"}],"is_trial":false,"path_per_floor":["M","M","M","?","$","E","R","M","T","M","?","?","M","M","R","B",null,"M","M","M","?","M","R","M","M","T","?","M","R","$","E","R","B",null,"M","$","M","M","M","E"],"character_chosen":"DEFECT","items_purchased":["Master of Strategy","Gash","PreservedInsect","Defragment","White Noise+1","White Noise+1"],"campfire_rested":3,"item_purchase_floors":[5,5,30,30,30,36],"current_hp_per_floor":[51,51,50,50,50,45,45,42,42,42,21,21,19,19,40,10,56,54,53,35,35,34,55,42,42,42,42,38,38,38,20,41,5,55,55,70,37,27,35,0,0],"gold":72,"neow_bonus":"HUNDRED_GOLD","is_daily":false,"chose_seed":false,"campfire_upgraded":2,"win_rate":0.0,"timestamp":1613096730,"path_taken":["M","M","M","?","$","E","R","M","T","M","?","?","?","M","R","BOSS","M","?","M","?","?","R","M","M","T","?","M","R","$","E","R","BOSS","M","$","M","?","M","E"],"items_purchased_type":["Card","Card","Relic","Card","Card","Card"],"build_version":"2020-12-13","purchased_purges":1,"victory":false,"max_hp_per_floor":[71,71,71,71,71,71,71,71,71,71,71,71,71,71,71,71,71,71,71,71,71,71,71,71,71,71,71,71,71,71,71,71,71,71,71,71,71,71,71,71,71],"relic_stats":{"Lizard Tail":35,"counters":[23,95],"Astrolabe":["All For One","Go for the Eyes","Sunder"],"MealTicket":15,"PreservedInsect":172,"Black Star":0,"Letter Opener":[264],"Question Card":7,"obtain_stats":[{"Lizard Tail":6,"Astrolabe":17,"MealTicket":31,"PreservedInsect":30,"Black Star":34,"Letter Opener":26,"Toxic Egg 2":9,"Cracked Core":0,"Question Card":27},{"Lizard Tail":4,"Astrolabe":9,"MealTicket":17,"PreservedInsect":16,"Black Star":18,"Letter Opener":15,"Toxic Egg 2":5,"Cracked Core":0,"Question Card":15},{"Lizard Tail":12,"Astrolabe":33,"MealTicket":65,"PreservedInsect":62,"Black Star":72,"Letter Opener":58,"Toxic Egg 2":16,"Cracked Core":0,"Question Card":58}]},"card_choices":[{"not_picked":["Loop","Skim"],"picked":"Steam","floor":1.0},{"not_picked":["Genetic Algorithm","FTL"],"picked":"Gash","floor":2.0},{"not_picked":["Leap","Steam","Stack"],"picked":"SKIP","floor":3.0},{"not_picked":["Defragment","Barrage"],"picked":"Cold Snap","floor":6.0},{"not_picked":["Static Discharge","Redo"],"picked":"Ball Lightning","floor":8.0},{"not_picked":["Amplify+1","Go for the Eyes"],"picked":"Conserve Battery+1","floor":13.0},{"not_picked":["Force Field+1","Cold Snap"],"picked":"Turbo+1","floor":14.0},{"not_picked":["All For One","Thunder Strike"],"picked":"Fission+1","floor":16.0},{"not_picked":["Ball Lightning","Go for the Eyes"],"picked":"Conserve Battery+1","floor":18.0},{"not_picked":["Compile Driver","Amplify+1","Consume+1"],"picked":"SKIP","floor":19.0},{"not_picked":["Ball Lightning","Turbo+1"],"picked":"Skim+1","floor":20.0},{"not_picked":["Sweeping Beam","Beam Cell"],"picked":"Chaos+1","floor":22.0},{"not_picked":["Cold Snap","Streamline","Sunder+1"],"picked":"SKIP","floor":24.0},{"not_picked":["Auto Shields+1","Steam+1"],"picked":"Aggregate+1","floor":25.0},{"not_picked":["Stack+1","Sweeping Beam","Conserve Battery+1","Hello World"],"picked":"SKIP","floor":28.0},{"not_picked":["Loop","Auto Shields+1","Double Energy+1"],"picked":"Electrodynamics","floor":31.0},{"not_picked":["Rainbow+1","Buffer","All For One"],"picked":"Fission+1","floor":33},{"not_picked":["Compile Driver","Stack+1","Genetic Algorithm+1"],"picked":"Darkness+1","floor":35},{"not_picked":["Go for the Eyes","Hologram+1","Lockon"],"picked":"Leap+1","floor":37},{"not_picked":["Compile Driver","Gash","Melter","Sweeping Beam"],"picked":"SKIP","floor":38},{"not_picked":["Ball Lightning+1","Beam Cell","Hologram+1","Consume+1"],"picked":"SKIP","floor":39}],"player_experience":511783,"relics_obtained":[{"floor":6.0,"key":"Lizard Tail"},{"floor":9.0,"key":"Toxic Egg 2"},{"floor":26.0,"key":"Letter Opener"},{"floor":31.0,"key":"MealTicket"}],"event_choices":[{"damage_healed":0.0,"max_hp_gain":0.0,"max_hp_loss":0.0,"gold_gain":0.0,"cards_transformed":["Strike_B"],"event_name":"Living Wall","player_choice":"Change","floor":4.0,"gold_loss":0.0,"damage_taken":0.0,"cards_obtained":["Darkness"]},{"damage_healed":0.0,"max_hp_gain":0.0,"max_hp_loss":0.0,"gold_gain":0.0,"event_name":"Shining Light","player_choice":"Entered Light","floor":11.0,"gold_loss":0.0,"damage_taken":21.0,"cards_upgraded":["Cold Snap","Defend_B"]},{"damage_healed":0.0,"max_hp_gain":0.0,"max_hp_loss":0.0,"gold_gain":0.0,"event_name":"Golden Wing","player_choice":"Ignored","floor":12.0,"gold_loss":0.0,"damage_taken":0.0},{"damage_healed":0.0,"max_hp_gain":0.0,"max_hp_loss":0.0,"gold_gain":0.0,"event_name":"Lab","player_choice":"Got Potions","floor":21.0,"gold_loss":0.0,"damage_taken":0.0},{"damage_healed":0.0,"max_hp_gain":0.0,"max_hp_loss":0.0,"gold_gain":0.0,"event_name":"WeMeetAgain","player_choice":"Gave Potion","floor":27.0,"gold_loss":0.0,"damage_taken":0.0,"relics_obtained":["Question Card"]}],"is_beta":false,"boss_relics":[{"not_picked":["Cursed Key","Tiny House"],"picked":"Astrolabe"},{"not_picked":["Snecko Eye","Calling Bell"],"picked":"Black Star"}],"items_purged_floors":[36],"is_endless":false,"potions_floor_spawned":[1,2,8,13,16,18,25,28,33,38],"killed_by":"Giant Head","ascension_level":15}}