{"host":"u7lm8z2rvb4dg2oo","time":1613114352,"event":{"mods":["AchievementEnabler","BaseMod","Bestiary","Block Reminder","Colored Map","Colored Powertips","Curses Come First","DeckTracker","Googly Eyes","Highlight Path","Minty Spire (QoL Compilation)","Quick Restart","StSLib"],"gold_per_floor":[112,132,132,150,150,150,179,179,230,250,278,278,305,317,317,416,416,430,2,2,14,14,14,14,14,14,47,67,98,98,109,109,213,213,226,58,108,51,326,326,339,369,369,402,37,37,53,66,66,66],"floor_reached":51,"language":"ENG","playtime":2435,"items_purged":[],"score":1253,"play_id":"793ac77a-5edc-49b8-aa70-7667f4e93e28","local_time":"20210212021912","is_ascension_mode":true,"campfire_choices":[{"data":"Caltrops","floor":6.0,"key":"SMITH"},{"data":"Bane","floor":12.0,"key":"SMITH"},{"floor":15.0,"key":"REST"},{"floor":23.0,"key":"RECALL"},{"data":"Apotheosis","floor":30.0,"key":"SMITH"},{"floor":32.0,"key":"REST"},{"data":"Phantasmal Killer","floor":40.0,"key":"SMITH"},{"floor":46.0,"key":"REST"},{"floor":49.0,"key":"REST"}],"circlet_count":0,"master_deck":["AscendersBane","Defend_G+1","Defend_G","Defend_G","Defend_G+1","Defend_G","Survivor","Neutralize","Caltrops+1","Terror+1","Bane+1","Caltrops","Deadly Poison","Crippling Poison","Malaise","Quick Slash","Apotheosis+1","Bite","Bite","Bite","Bite","Bite","Catalyst+1","Noxious Fumes+1","Dash","Adrenaline","Phantasmal Killer+1","Catalyst+1","Blur+1","Noxious Fumes","Leg Sweep+1","Storm of Steel+1"],"relics":["Ring of the Snake","War Paint","Boot","Bag of Marbles","Pantograph","Philosopher\u0027s Stone","HornCleat","Nloth\u0027s Gift","Omamori","The Courier","CaptainsWheel","Calling Bell","Lantern","Toxic Egg 2","Tingsha","Blood Vial","Incense Burner","Ancient Tea Set","Bottled Tornado","Turnip","Potion Belt","Torii"],"acts_visited":["Exordium","TheCity","TheBeyond"],"potions_floor_usage":[],"damage_taken":[{"damage":0.0,"enemies":"Jaw Worm","floor":1.0,"turns":1.0},{"damage":0.0,"enemies":"Cultist","floor":2.0,"turns":1.0},{"damage":0.0,"enemies":"Small Slimes","floor":4.0,"turns":1.0},{"damage":35.0,"enemies":"Lagavulin","floor":7.0,"turns":7.0},{"damage":9.0,"enemies":"Blue Slaver","floor":10.0,"turns":3.0},{"damage":11.0,"enemies":"Gremlin Nob","floor":11.0,"turns":5.0},{"damage":24.0,"enemies":"3 Sentries","floor":13.0,"turns":6.0},{"damage":24.0,"enemies":"Exordium Thugs","floor":14.0,"turns":5.0},{"damage":36.0,"enemies":"The Guardian","floor":16.0,"turns":9.0},{"damage":11.0,"enemies":"Chosen","floor":18.0,"turns":6.0},{"damage":2.0,"enemies":"Shell Parasite","floor":21.0,"turns":5.0},{"damage":24.0,"enemies":"Slavers","floor":27.0,"turns":7.0},{"damage":14.0,"enemies":"Chosen and Byrds","floor":28.0,"turns":4.0},{"damage":16.0,"enemies":"Book of Stabbing","floor":29.0,"turns":6.0},{"damage":1.0,"enemies":"3 Cultists","floor":31.0,"turns":4.0},{"damage":47.0,"enemies":"Collector","floor":33.0,"turns":8.0},{"damage":15.0,"enemies":"3 Darklings","floor":35.0,"turns":6.0},{"damage":5.0,"enemies":"Mind Bloom Boss Battle","floor":37.0,"turns":6.0},{"damage":4.0,"enemies":"3 Shapes","floor":41.0,"turns":4.0},{"damage":17.0,"enemies":"Giant Head","floor":42.0,"turns":7.0},{"damage":47.0,"enemies":"Reptomancer","floor":44.0,"turns":7.0},{"damage":9.0,"enemies":"3 Darklings","floor":47.0,"turns":5.0},{"damage":10.0,"enemies":"Sphere and 2 Shapes","floor":48.0,"turns":4.0},{"damage":76,"enemies":"Donu and Deca","floor":50,"turns":10}],"seed_played":"1256986358299510708","potions_obtained":[{"floor":3.0,"key":"FairyPotion"},{"floor":3.0,"key":"LiquidMemories"},{"floor":13.0,"key":"Fruit Juice"},{"floor":16.0,"key":"SteroidPotion"},{"floor":18.0,"key":"FairyPotion"},{"floor":29.0,"key":"LiquidBronze"},{"floor":35.0,"key":"SteroidPotion"},{"floor":42.0,"key":"ColorlessPotion"},{"floor":48.0,"key":"SkillPotion"}],"is_trial":false,"path_per_floor":["M","M","?","M","?","R","E","?","T","M","E","R","E","M","R","B",null,"M","$","?","M","$","R","?","?","T","E","M","E","R","M","R","B",null,"M","$","?","$","?","R","M","E","T","E","$","R","M","M","R","B",null],"character_chosen":"THE_SILENT","items_purchased":["Apotheosis","HornCleat","Catalyst+1","Blood Vial","Noxious Fumes","Potion Belt","Torii"],"campfire_rested":4,"item_purchase_floors":[19,19,36,36,38,45,45],"current_hp_per_floor":[63,63,63,63,63,63,28,51,51,42,31,31,12,22,44,33,65,54,54,52,52,52,52,44,44,44,37,25,24,24,32,49,19,48,41,41,57,57,57,57,57,43,43,15,15,32,33,34,51,23],"gold":66,"neow_bonus":"THREE_ENEMY_KILL","is_daily":false,"chose_seed":false,"campfire_upgraded":4,"win_rate":0.0,"timestamp":1613114352,"path_taken":["M","M","?","?","?","R","E","?","T","?","E","R","E","M","R","BOSS","M","$","?","M","$","R","?","?","T","E","?","E","R","M","R","BOSS","M","$","?","$","?","R","M","E","T","E","$","R","M","?","R","BOSS"],"items_purchased_type":["Card","Relic","Card","Relic","Card","Relic","Relic"],"build_version":"2020-12-22","purchased_purges":0,"victory":true,"max_hp_per_floor":[70,70,70,70,70,70,70,70,70,70,70,70,75,75,75,75,75,75,75,52,52,52,52,57,57,57,57,57,57,57,57,57,57,57,57,57,57,57,57,57,57,57,57,57,57,57,57,57,57,57],"card_choices":[{"not_picked":["Backflip","Deflect","Acrobatics"],"picked":"SKIP","floor":1.0},{"not_picked":["Flying Knee","PiercingWail"],"picked":"Caltrops","floor":2.0},{"not_picked":["PiercingWail","Calculated Gamble"],"picked":"Terror","floor":4.0},{"not_picked":["Sucker Punch","Deflect"],"picked":"Bane","floor":7.0},{"not_picked":["Blade Dance","Backflip"],"picked":"Caltrops","floor":10.0},{"not_picked":["Grand Finale","Terror"],"picked":"Deadly Poison","floor":11.0},{"not_picked":["Bane","Eviscerate"],"picked":"Crippling Poison","floor":13.0},{"not_picked":["Acrobatics","Sucker Punch","Heel Hook"],"picked":"SKIP","floor":14.0},{"not_picked":["Grand Finale","A Thousand Cuts"],"picked":"Malaise","floor":16.0},{"not_picked":["Acrobatics","Blade Dance+1"],"picked":"Quick Slash","floor":18.0},{"not_picked":["Poisoned Stab","Dagger Throw+1"],"picked":"Catalyst+1","floor":21.0},{"not_picked":["Dagger Throw","Doppelganger"],"picked":"Noxious Fumes+1","floor":27.0},{"not_picked":["Calculated Gamble","Flying Knee"],"picked":"Dash","floor":28.0},{"not_picked":["Envenom","Distraction"],"picked":"Adrenaline","floor":29.0},{"not_picked":["Blade Dance","Tools of the Trade","Quick Slash+1"],"picked":"SKIP","floor":31.0},{"not_picked":["Grand Finale","A Thousand Cuts"],"picked":"Phantasmal Killer","floor":33.0},{"not_picked":["Flying Knee","Dodge and Roll+1","Underhanded Strike"],"picked":"SKIP","floor":35.0},{"not_picked":["Dodge and Roll+1","Acrobatics+1"],"picked":"Blur+1","floor":37.0},{"not_picked":["Infinite Blades","Calculated Gamble+1"],"picked":"Leg Sweep+1","floor":41.0},{"not_picked":["Phantasmal Killer+1","Slice+1"],"picked":"Storm of Steel+1","floor":42.0},{"not_picked":["All Out Attack","Underhanded Strike","Escape Plan+1"],"picked":"SKIP","floor":44.0},{"not_picked":["Setup+1","Dagger Spray+1","Deflect+1"],"picked":"SKIP","floor":47.0},{"not_picked":["Underhanded Strike","Distraction+1","Heel Hook"],"picked":"SKIP","floor":48.0}],"player_experience":1075666,"relics_obtained":[{"floor":7.0,"key":"War Paint"},{"floor":9.0,"key":"Boot"},{"floor":11.0,"key":"Bag of Marbles"},{"floor":13.0,"key":"Pantograph"},{"floor":26.0,"key":"Omamori"},{"floor":27.0,"key":"The Courier"},{"floor":29.0,"key":"CaptainsWheel"},{"floor":34.0,"key":"Lantern"},{"floor":34.0,"key":"Toxic Egg 2"},{"floor":34.0,"key":"Tingsha"},{"floor":37.0,"key":"Incense Burner"},{"floor":42.0,"key":"Ancient Tea Set"},{"floor":43.0,"key":"Bottled Tornado"},{"floor":44.0,"key":"Turnip"}],"event_choices":[{"damage_healed":0.0,"max_hp_gain":0.0,"max_hp_loss":0.0,"gold_gain":0.0,"event_name":"Lab","player_choice":"Got Potions","floor":3.0,"gold_loss":0.0,"damage_taken":0.0},{"damage_healed":0.0,"max_hp_gain":0.0,"max_hp_loss":0.0,"gold_gain":0.0,"event_name":"Living Wall","player_choice":"Grow","floor":5.0,"gold_loss":0.0,"damage_taken":0.0,"cards_upgraded":["Terror"]},{"damage_healed":23.0,"max_hp_gain":0.0,"max_hp_loss":0.0,"gold_gain":0.0,"event_name":"Big Fish","player_choice":"Banana","floor":8.0,"gold_loss":0.0,"damage_taken":0.0},{"damage_healed":0.0,"max_hp_gain":0.0,"max_hp_loss":23.0,"gold_gain":0.0,"event_name":"Vampires","player_choice":"Became a vampire","floor":20.0,"gold_loss":0.0,"damage_taken":0.0,"cards_obtained":["Bite","Bite","Bite","Bite","Bite"]},{"damage_healed":0.0,"max_hp_gain":5.0,"max_hp_loss":0.0,"gold_gain":0.0,"event_name":"Forgotten Altar","player_choice":"Shed Blood","floor":24.0,"gold_loss":0.0,"damage_taken":13.0},{"damage_healed":0.0,"max_hp_gain":0.0,"max_hp_loss":0.0,"gold_gain":0.0,"event_name":"N\u0027loth","player_choice":"Traded Relic","floor":25.0,"relics_lost":["NeowsBlessing"],"gold_loss":0.0,"damage_taken":0.0,"relics_obtained":["Nloth\u0027s Gift"]},{"damage_healed":0.0,"max_hp_gain":0.0,"max_hp_loss":0.0,"gold_gain":0.0,"event_name":"MindBloom","player_choice":"Fight","floor":37.0,"gold_loss":0.0,"damage_taken":0.0},{"damage_healed":0.0,"max_hp_gain":0.0,"max_hp_loss":0.0,"gold_gain":275.0,"event_name":"Golden Shrine","player_choice":"Desecrate","floor":39.0,"gold_loss":0.0,"damage_taken":0.0,"cards_obtained":["Regret"]}],"is_beta":false,"boss_relics":[{"not_picked":["Coffee Dripper","Astrolabe"],"picked":"Philosopher\u0027s Stone"},{"not_picked":["Velvet Choker","SlaversCollar"],"picked":"Calling Bell"}],"items_purged_floors":[],"is_endless":false,"potions_floor_spawned":[4,10,13,16,18,29,31,35,41,42,48],"ascension_level":12}}