{"host":"z8k0b1oqxoiri7b9","time":1613133668,"event":{"mods":["AchievementEnabler","BaseMod","Downfall","Minty Spire (QoL Compilation)","StSLib"],"gold_per_floor":[99,112,112,124,34,51,51,71,82,95,112,112,126,161,172,172,172,172],"floor_reached":16,"language":"ENG","playtime":1009,"items_purged":["bronze:Strike"],"score":108,"play_id":"54ada700-4827-4e27-ad31-d59175aabcff","local_time":"20210212204108","is_ascension_mode":false,"campfire_choices":[{"data":"bronze:MaxOutput","floor":1,"key":"SMITH"},{"data":"bronze:FineTuning","floor":12,"key":"SMITH"}],"circlet_count":0,"master_deck":["bronze:Strike","bronze:Strike","bronze:Defend","bronze:Defend","bronze:Defend","bronze:Defend","bronze:Replicate+1","bronze:Goto+1","bronze:MaxOutput+1","bronze:DarkDash+1","bronze:FineTuning+1","bronze:BitShift","bronze:FineTuning"],"relics":["bronze:BronzeCore","Pen Nib"],"acts_visited":["Exordium"],"potions_floor_usage":[],"damage_taken":[{"damage":1,"enemies":"Cultist","floor":2,"turns":3},{"damage":0,"enemies":"Small Slimes","floor":4,"turns":2},{"damage":0,"enemies":"downfall:FleeingMerchant","floor":5,"turns":4},{"damage":1,"enemies":"Jaw Worm","floor":6,"turns":2},{"damage":2,"enemies":"Blue Slaver","floor":8,"turns":3},{"damage":0,"enemies":"Lots of Slimes","floor":9,"turns":3},{"damage":0,"enemies":"Blue Slaver","floor":10,"turns":3},{"damage":5,"enemies":"Exordium Thugs","floor":11,"turns":3},{"damage":10,"enemies":"Lots of Slimes","floor":13,"turns":3},{"damage":20,"enemies":"3 Sentries","floor":14,"turns":8},{"damage":0,"enemies":"Red Slaver","floor":15,"turns":2},{"damage":33,"enemies":"IC_STATUS_ARCHETYPE","floor":16,"turns":8}],"seed_played":"5204552700611008111","potions_obtained":[{"floor":9,"key":"Dexterity Potion"},{"floor":10,"key":"EssenceOfSteel"},{"floor":11,"key":"EssenceOfSteel"}],"is_trial":false,"path_per_floor":["R","M","?","M","$","M","T","M","M","M","M","R","M","E","M","B"],"character_chosen":"THE_AUTOMATON","items_purchased":[],"campfire_rested":0,"item_purchase_floors":[],"current_hp_per_floor":[70,69,69,69,69,68,68,66,66,66,61,61,51,31,31,0,0,0],"gold":172,"neow_bonus":"TRANSFORM_CARD","is_daily":false,"chose_seed":false,"campfire_upgraded":2,"win_rate":0.0,"timestamp":1613133668,"path_taken":["R","M","?","M","$","?","T","M","M","M","M","R","M","E","M","BOSS"],"items_purchased_type":[],"build_version":"2020-12-22","purchased_purges":1,"victory":false,"max_hp_per_floor":[70,70,70,70,70,70,70,70,70,70,70,70,70,70,70,70,70,70],"card_choices":[{"not_picked":["bronze:WhirlingStrike","bronze:Invalidate"],"picked":"bronze:DarkDash","floor":2},{"not_picked":["bronze:ForLoop","bronze:Repulsor"],"picked":"bronze:FineTuning","floor":4},{"not_picked":["bronze:Turbo","bronze:Fortify","bronze:OilSpill"],"picked":"SKIP","floor":5},{"not_picked":["bronze:Overheat","bronze:Fortify"],"picked":"bronze:BitShift","floor":6},{"not_picked":["bronze:Frontload","bronze:BugBarrage","bronze:Branch"],"picked":"SKIP","floor":8},{"not_picked":["bronze:Repair","bronze:Flail","bronze:WhirlingStrike"],"picked":"SKIP","floor":9},{"not_picked":["bronze:AlphaBuild","bronze:ChildClass"],"picked":"bronze:FineTuning","floor":10},{"not_picked":["bronze:Shield","bronze:ForceShield","bronze:WildBeam"],"picked":"SKIP","floor":11},{"not_picked":["bronze:Shield","bronze:ForceShield","bronze:WildBeam"],"picked":"SKIP","floor":11},{"not_picked":["bronze:FineTuning","bronze:ShipIt","bronze:Overload"],"picked":"SKIP","floor":13},{"not_picked":["bronze:BitShift","bronze:Frontload","bronze:Philosophize"],"picked":"SKIP","floor":14},{"not_picked":["bronze:Frontload","bronze:ForceShield","bronze:FineTuning"],"picked":"SKIP","floor":15}],"player_experience":183182,"relics_obtained":[{"floor":14,"key":"Pen Nib"}],"event_choices":[],"is_beta":false,"boss_relics":[],"items_purged_floors":[5],"is_endless":false,"potions_floor_spawned":[9,10,11,13,14],"killed_by":"IC_STATUS_ARCHETYPE","ascension_level":0}}