{"host":"bbmxo8e8cdq8htg1","time":1613114148,"event":{"mods":["AchievementEnabler","BaseMod","Better Match","Better Third Choice","BetterRewards","Colored Powertips","DeckTracker","Dota2Spire","Mimic Mod","Minty Spire (QoL Compilation)","Permanent Neow","Quick Restart","Rare Cards Sparkle","Relic Stats","Replay The Spire","Shop Mod","Spicy Shops","StSLib","SuperFastMode","The Blue Laboratory","The Forsaken","The Jungle"],"gold_per_floor":[113,113,129,145,160,160,5,31,55,55,55,55,55,75,75,174,174,186,186,204,135,150,150,150,150,150,182,132,147,157,157,157],"floor_reached":31,"language":"ENG","playtime":732,"items_purged":["Normality"],"score":293,"play_id":"f7ca593c-fa6e-4279-a403-1681569784ad","local_time":"20210212101548","is_ascension_mode":true,"campfire_choices":[{"data":"Perfected Strike","floor":6,"key":"SMITH"},{"data":"Spot Weakness","floor":10,"key":"SMITH"},{"data":"Bludgeon","floor":13,"key":"SMITH"},{"floor":15,"key":"REST"},{"floor":23,"key":"REST"},{"data":"ReplayTheSpireMod:Faulty Equipment","floor":25,"key":"SMITH"}],"circlet_count":0,"master_deck":["Strike_R","Strike_R","Strike_R","Strike_R","Strike_R","Defend_R","Defend_R","Defend_R","Defend_R","Bash","Bludgeon+1","Perfected Strike+1","Heavy Blade","Perfected Strike+1","Spot Weakness+1","Whirlwind+1","ReplayTheSpireMod:Limb From Limb","Run Through","Spot Weakness"],"relics":["Burning Blood","Red Skull","Dota2Spire:ArmletOfMordiggian","ReplayTheSpireMod:TigerMarble","PreservedInsect","ReplayTheSpireMod:DimensionalGlitch","Dota2Spire:EchoSabre","ReplayTheSpireMod:CursedCoin","betterThird:NestCultRelic","Dota2Spire:BattleFury","Girya"],"acts_visited":["Exordium","TheCity"],"potions_floor_usage":[8,16,27,29,29],"damage_taken":[{"damage":14,"enemies":"2 Louse","floor":1,"turns":3},{"damage":0,"enemies":"Cultist","floor":3,"turns":2},{"damage":7,"enemies":"Jaw Worm","floor":4,"turns":2},{"damage":18,"enemies":"Red Slaver","floor":5,"turns":3},{"damage":20,"enemies":"3 Sentries","floor":8,"turns":4},{"damage":4,"enemies":"2 Fungi Beasts","floor":14,"turns":2},{"damage":49,"enemies":"The Guardian","floor":16,"turns":7},{"damage":26,"enemies":"Shell Parasite","floor":18,"turns":3},{"damage":0,"enemies":"3 Byrds","floor":20,"turns":2},{"damage":12,"enemies":"Cultist and Chosen","floor":22,"turns":3},{"damage":23,"enemies":"Gremlin Leader","floor":27,"turns":3},{"damage":32,"enemies":"Centurion and Healer","floor":29,"turns":3},{"damage":11,"enemies":"Sentry and Sphere","floor":30,"turns":3}],"seed_played":"-7850894802329837860","potions_obtained":[{"floor":1,"key":"GamblersBrew"},{"floor":3,"key":"blueLaboratory:PhilterOfMotion"},{"floor":4,"key":"Energy Potion"},{"floor":14,"key":"blueLaboratory:IronCompound"},{"floor":20,"key":"blueLaboratory:BubblePotion"},{"floor":22,"key":"AttackPotion"}],"is_trial":false,"path_per_floor":["M","?","M","M","M","R","$","E","T","R","?","?","R","M","R","B",null,"M","?","M","$","M","R","?","R","T","E","?","M","M","?"],"character_chosen":"IRONCLAD","items_purchased":["Red Skull","Dota2Spire:EchoSabre","ReplayTheSpireMod:CursedCoin"],"campfire_rested":2,"item_purchase_floors":[7,21,21],"current_hp_per_floor":[72,72,78,77,65,65,65,51,51,51,51,51,51,53,77,34,80,57,42,45,45,36,61,61,61,61,41,41,12,4,0,0],"gold":157,"neow_bonus":"ONE_RANDOM_RARE_CARD","is_daily":false,"chose_seed":false,"campfire_upgraded":4,"win_rate":0.0,"timestamp":1613114148,"path_taken":["M","?","M","?","M","R","$","E","T","R","?","?","R","M","R","BOSS","M","?","M","$","M","R","?","R","T","E","?","?","M","?"],"items_purchased_type":["Relic","Relic","Relic"],"build_version":"2020-12-22","purchased_purges":1,"victory":false,"max_hp_per_floor":[80,80,80,80,80,80,80,80,80,80,80,80,80,80,80,80,80,80,85,85,85,85,85,85,85,85,85,85,85,85,85,85],"relic_stats":{"counters":[13,40],"PreservedInsect":44,"obtain_stats":[{"Dota2Spire:EchoSabre":21,"Girya":27,"ReplayTheSpireMod:CursedCoin":21,"Dota2Spire:ArmletOfMordiggian":8,"PreservedInsect":12,"betterThird:NestCultRelic":24,"Dota2Spire:BattleFury":26,"ReplayTheSpireMod:TigerMarble":9,"ReplayTheSpireMod:DimensionalGlitch":17,"Burning Blood":0,"Red Skull":7},{"Dota2Spire:EchoSabre":9,"Girya":11,"ReplayTheSpireMod:CursedCoin":9,"Dota2Spire:ArmletOfMordiggian":5,"PreservedInsect":5,"betterThird:NestCultRelic":10,"Dota2Spire:BattleFury":10,"ReplayTheSpireMod:TigerMarble":5,"ReplayTheSpireMod:DimensionalGlitch":7,"Burning Blood":0,"Red Skull":4},{"Dota2Spire:EchoSabre":28,"Girya":34,"ReplayTheSpireMod:CursedCoin":28,"Dota2Spire:ArmletOfMordiggian":14,"PreservedInsect":14,"betterThird:NestCultRelic":31,"Dota2Spire:BattleFury":31,"ReplayTheSpireMod:TigerMarble":14,"ReplayTheSpireMod:DimensionalGlitch":23,"Burning Blood":0,"Red Skull":10}],"Burning Blood":60},"card_choices":[{"not_picked":["ReplayTheSpireMod:Stacked","Dark Embrace"],"picked":"Perfected Strike","floor":1},{"not_picked":["Headbutt","Rampage"],"picked":"Heavy Blade","floor":3},{"not_picked":["Immolate","Flame Barrier"],"picked":"Perfected Strike","floor":4},{"not_picked":["Anger","Heavy Blade"],"picked":"ReplayTheSpireMod:Strike From Hell","floor":5},{"not_picked":["Shrug It Off","Warcry"],"picked":"Spot Weakness","floor":8},{"not_picked":["Clothesline","Warcry"],"picked":"ReplayTheSpireMod:Limb From Limb","floor":14},{"not_picked":["Twin Strike","Armaments"],"picked":"Run Through","floor":18},{"not_picked":["Clothesline","Body Slam"],"picked":"Spot Weakness","floor":20},{"not_picked":["Entrench","Bloodletting+1","Intimidate"],"picked":"SKIP","floor":22},{"not_picked":["Searing Blow","Pommel Strike+1","ReplayTheSpireMod:LeadingStrike"],"picked":"SKIP","floor":27},{"not_picked":["Sever Soul","Twin Strike","Flame Barrier+1"],"picked":"SKIP","floor":29},{"not_picked":["Entrench","Headbutt","Blood for Blood"],"picked":"SKIP","floor":30}],"player_experience":13304,"relics_obtained":[{"floor":8,"key":"Dota2Spire:ArmletOfMordiggian"},{"floor":9,"key":"ReplayTheSpireMod:TigerMarble"},{"floor":26,"key":"Dota2Spire:BattleFury"},{"floor":27,"key":"Girya"}],"event_choices":[{"damage_healed":0,"gold_gain":0,"player_choice":"Forge","damage_taken":0,"max_hp_gain":0,"max_hp_loss":0,"event_name":"Accursed Blacksmith","floor":2,"gold_loss":0,"cards_upgraded":["Perfected Strike"]},{"damage_healed":0,"gold_gain":0,"player_choice":"Gave Potion","damage_taken":0,"relics_obtained":["PreservedInsect"],"max_hp_gain":0,"max_hp_loss":0,"event_name":"WeMeetAgain","floor":12,"gold_loss":0},{"damage_healed":0,"gold_gain":0,"player_choice":"Shed Blood","damage_taken":20,"max_hp_gain":5,"max_hp_loss":0,"event_name":"Forgotten Altar","floor":19,"gold_loss":0},{"damage_healed":0,"gold_gain":0,"player_choice":"Madness","damage_taken":0,"relics_obtained":["betterThird:NestCultRelic"],"max_hp_gain":0,"max_hp_loss":0,"event_name":"betterThird:BetterNest","floor":24,"gold_loss":0},{"damage_healed":0,"gold_gain":0,"player_choice":"Bet on Murderer","damage_taken":0,"max_hp_gain":0,"max_hp_loss":0,"event_name":"The Joust","floor":28,"gold_loss":50}],"is_beta":false,"boss_relics":[{"not_picked":["ChewingGum","Mark of Pain"],"picked":"ReplayTheSpireMod:DimensionalGlitch"}],"items_purged_floors":[21],"is_endless":false,"potions_floor_spawned":[1,3,4,14,20,22],"ascension_level":3}}