{"host":"wigzp3lx6ef0oefy","time":1613148825,"event":{"mods":["AchievementEnabler","BaseMod","Card Forge","Colored Map","Colored Powertips","GifTheSpireLib","HexUI Lib","Highlight Path","Minty Spire (QoL Compilation)","Permanent Neow","Quick Restart","Shop Mod","StSLib"],"gold_per_floor":[114,114,65,65,77,77,109,109,109,136,136,108,31,45,45,142,142,157,176,33,33,33,59,73,100,174,185,31,50,50,68,68,163,163,173,173,190,190,201,233,233,262,285,305,279,290,300,313,313,313],"floor_reached":51,"language":"ENG","playtime":1959,"items_purged":[],"score":960,"play_id":"10f5657b-0e18-4d5e-b4ed-7bcd02541660","local_time":"20210212165345","is_ascension_mode":true,"campfire_choices":[{"data":"Brutality","floor":6.0,"key":"SMITH"},{"data":"Rupture","floor":11.0,"key":"SMITH"},{"floor":15.0,"key":"REST"},{"floor":30.0,"key":"REST"},{"floor":32.0,"key":"REST"},{"floor":41.0,"key":"REST"},{"floor":49.0,"key":"REST"}],"circlet_count":0,"master_deck":["Strike_R+1","Strike_R+1","Defend_R+1","Defend_R+1","Defend_R+1","Bash+1","Anger+1","Brutality+1","Sentinel+1","Heavy Blade+1","Flex+1","Inflame+1","Limit Break+1","Rupture+1","Combust+1","Flex+1","Flex+1","Flex+1","Combust+1","Flex+1","Heavy Blade+1","Flex+1","Reaper+1","Reaper+1","Leap+1","Twin Strike+1","Secret Technique+1","Shockwave+1","Cleave+1","Inflame+1","Heavy Blade+1","Swift Strike+1","Flex+1","Flex+1","Double Energy+1","Intimidate+1"],"relics":["Burning Blood","Hammer of Thor","Seething Fire","Anvil of the Gods","NeowsBlessing","CultistMask","Vajra","Matryoshka","Mummified Hand","Blood Vial","Toxic Egg 2","Philosopher\u0027s Stone","PrismaticShard","Champion Belt","Art of War","Gambling Chip","Toy Ornithopter","Eternal Feather","Orichalcum","Fusion Hammer","WarpedTongs","Whetstone","War Paint","Strawberry"],"acts_visited":["Exordium","TheCity","TheBeyond"],"potions_floor_usage":[50,50],"damage_taken":[{"damage":0.0,"enemies":"Jaw Worm","floor":1.0,"turns":1.0},{"damage":0.0,"enemies":"Small Slimes","floor":5.0,"turns":1.0},{"damage":0.0,"enemies":"Gremlin Nob","floor":7.0,"turns":1.0},{"damage":27.0,"enemies":"3 Sentries","floor":10.0,"turns":8.0},{"damage":4.0,"enemies":"Cultist","floor":14.0,"turns":2.0},{"damage":59.0,"enemies":"Hexaghost","floor":16.0,"turns":7.0},{"damage":19.0,"enemies":"2 Thieves","floor":18.0,"turns":3.0},{"damage":34.0,"enemies":"Spheric Guardian","floor":19.0,"turns":4.0},{"damage":27.0,"enemies":"Book of Stabbing","floor":23.0,"turns":3.0},{"damage":38.0,"enemies":"Centurion and Healer","floor":24.0,"turns":3.0},{"damage":34.0,"enemies":"Gremlin Leader","floor":25.0,"turns":4.0},{"damage":10.0,"enemies":"Chosen and Byrds","floor":27.0,"turns":3.0},{"damage":10.0,"enemies":"Sentry and Sphere","floor":29.0,"turns":4.0},{"damage":13.0,"enemies":"Centurion and Healer","floor":31.0,"turns":4.0},{"damage":25.0,"enemies":"Collector","floor":33.0,"turns":5.0},{"damage":2.0,"enemies":"Orb Walker","floor":35.0,"turns":2.0},{"damage":14.0,"enemies":"3 Shapes","floor":37.0,"turns":2.0},{"damage":13.0,"enemies":"Maw","floor":39.0,"turns":5.0},{"damage":15.0,"enemies":"Nemesis","floor":40.0,"turns":3.0},{"damage":7.0,"enemies":"Giant Head","floor":42.0,"turns":4.0},{"damage":30.0,"enemies":"Writhing Mass","floor":44.0,"turns":3.0},{"damage":1.0,"enemies":"Spire Growth","floor":46.0,"turns":2.0},{"damage":18.0,"enemies":"3 Darklings","floor":47.0,"turns":3.0},{"damage":39.0,"enemies":"Jaw Worm Horde","floor":48.0,"turns":4.0},{"damage":95,"enemies":"Awakened One","floor":50,"turns":6}],"seed_played":"812337906003995703","potions_obtained":[{"floor":14.0,"key":"BloodPotion"},{"floor":16.0,"key":"Weak Potion"},{"floor":18.0,"key":"CultistPotion"},{"floor":25.0,"key":"Strength Potion"},{"floor":27.0,"key":"EssenceOfSteel"},{"floor":31.0,"key":"Ancient Potion"},{"floor":35.0,"key":"Energy Potion"},{"floor":37.0,"key":"Strength Potion"},{"floor":39.0,"key":"BlessingOfTheForge"},{"floor":47.0,"key":"Strength Potion"},{"floor":48.0,"key":"SteroidPotion"}],"is_trial":false,"path_per_floor":["M","?","$","?","M","R","E","?","T","E","R","?","$","M","R","B",null,"M","M","$","?","?","E","M","E","T","M","$","M","R","M","R","B",null,"M","?","M","?","M","E","R","E","T","M","$","M","M","M","R","B",null],"character_chosen":"IRONCLAD","items_purchased":["Strength Potion","Combust","PrismaticShard","Orichalcum","Flex+1"],"campfire_rested":5,"item_purchase_floors":[3,13,20,28,45],"current_hp_per_floor":[80,80,80,80,80,80,80,80,80,59,59,59,59,63,80,43,80,67,41,41,41,41,22,59,49,49,80,80,77,80,73,80,67,80,80,80,80,80,74,78,80,80,87,71,71,78,86,54,87,63],"gold":313,"neow_bonus":"THREE_ENEMY_KILL","is_daily":false,"chose_seed":false,"campfire_upgraded":2,"win_rate":0.0,"timestamp":1613148825,"path_taken":["M","?","$","?","?","R","E","?","T","E","R","?","?","M","R","BOSS","M","M","$","?","?","E","M","E","T","M","$","?","R","M","R","BOSS","M","?","?","?","M","E","R","E","T","M","?","M","M","M","R","BOSS"],"items_purchased_type":["Potion","Card","Relic","Relic","Card"],"build_version":"2020-12-22","purchased_purges":0,"victory":true,"max_hp_per_floor":[80,80,80,80,80,80,80,80,80,80,80,80,80,80,80,80,80,80,80,80,80,80,80,80,80,80,80,80,80,80,80,80,80,80,80,80,80,80,80,80,80,80,87,87,87,87,87,87,87,87],"card_choices":[{"not_picked":["Perfected Strike","Clash"],"picked":"Anger","floor":1.0},{"not_picked":["Pummel","Hemokinesis","Warcry"],"picked":"SKIP","floor":5.0},{"not_picked":["Brutality","Feed"],"picked":"Sentinel","floor":7.0},{"not_picked":["Havoc+1","Iron Wave"],"picked":"Heavy Blade","floor":10.0},{"not_picked":["Inflame","Perfected Strike"],"picked":"Flex+1","floor":14.0},{"not_picked":["Flex+1","Rage+1"],"picked":"Heavy Blade","floor":18.0},{"not_picked":["Clash","Perfected Strike+1"],"picked":"Flex+1","floor":19.0},{"not_picked":["FollowUp+1","EmptyMind+1"],"picked":"WaveOfTheHand+1","floor":23.0},{"not_picked":["JustLucky","Heavy Blade"],"picked":"Leap+1","floor":24.0},{"not_picked":["Compile Driver","Rebound"],"picked":"Twin Strike+1","floor":25.0},{"not_picked":["Backflip+1","True Grit+1"],"picked":"Secret Technique+1","floor":27.0},{"not_picked":["Disarm+1","Clash"],"picked":"Shockwave+1","floor":29.0},{"not_picked":["Acrobatics+1","FlyingSleeves","SashWhip"],"picked":"SKIP","floor":31.0},{"not_picked":["Underhanded Strike","Dark Shackles+1","FlurryOfBlows"],"picked":"SKIP","floor":35.0},{"not_picked":["Collect+1","BowlingBash"],"picked":"Cleave+1","floor":37.0},{"not_picked":["True Grit+1","Eviscerate+1"],"picked":"Inflame+1","floor":39.0},{"not_picked":["True Grit+1","Sword Boomerang+1","Well Laid Plans"],"picked":"SKIP","floor":40.0},{"not_picked":["Trip+1","Clash"],"picked":"Heavy Blade+1","floor":42.0},{"not_picked":["Double Energy+1","Blind+1"],"picked":"Swift Strike+1","floor":44.0},{"not_picked":["EmptyMind+1","Dual Wield+1"],"picked":"Flex+1","floor":46.0},{"not_picked":["Wild Strike","Steam+1"],"picked":"Double Energy+1","floor":47.0},{"not_picked":["Compile Driver+1","CutThroughFate+1"],"picked":"Intimidate+1","floor":48.0}],"player_experience":55567,"relics_obtained":[{"floor":7.0,"key":"Vajra"},{"floor":9.0,"key":"Mummified Hand"},{"floor":9.0,"key":"Blood Vial"},{"floor":10.0,"key":"Toxic Egg 2"},{"floor":23.0,"key":"Art of War"},{"floor":25.0,"key":"Gambling Chip"},{"floor":26.0,"key":"Toy Ornithopter"},{"floor":26.0,"key":"Eternal Feather"},{"floor":40.0,"key":"Whetstone"},{"floor":42.0,"key":"War Paint"},{"floor":43.0,"key":"Strawberry"}],"event_choices":[{"damage_healed":0.0,"max_hp_gain":0.0,"max_hp_loss":0.0,"gold_gain":0.0,"cards_transformed":["Strike_R"],"event_name":"Living Wall","player_choice":"Change","floor":2.0,"gold_loss":0.0,"damage_taken":0.0,"cards_obtained":["Brutality"]},{"damage_healed":0.0,"max_hp_gain":0.0,"max_hp_loss":0.0,"gold_gain":0.0,"event_name":"FaceTrader","player_choice":"Trade","floor":4.0,"gold_loss":0.0,"damage_taken":0.0,"relics_obtained":["CultistMask"]},{"damage_healed":0.0,"max_hp_gain":0.0,"max_hp_loss":0.0,"gold_gain":0.0,"event_name":"Big Fish","player_choice":"Box","floor":8.0,"gold_loss":0.0,"damage_taken":0.0,"relics_obtained":["Matryoshka"],"cards_obtained":["Regret"]},{"damage_healed":0.0,"max_hp_gain":0.0,"max_hp_loss":0.0,"gold_gain":0.0,"event_name":"World of Goop","player_choice":"Left Gold","floor":12.0,"gold_loss":28.0,"damage_taken":0.0},{"damage_healed":0.0,"max_hp_gain":0.0,"max_hp_loss":0.0,"gold_gain":0.0,"event_name":"The Mausoleum","player_choice":"Opened","floor":21.0,"gold_loss":0.0,"damage_taken":0.0,"relics_obtained":["Champion Belt"]},{"damage_healed":0.0,"max_hp_gain":0.0,"max_hp_loss":0.0,"gold_gain":0.0,"event_name":"Vampires","player_choice":"Ignored","floor":22.0,"gold_loss":0.0,"damage_taken":0.0},{"damage_healed":0.0,"max_hp_gain":0.0,"max_hp_loss":0.0,"gold_gain":0.0,"event_name":"Upgrade Shrine","player_choice":"Ignored","floor":36.0,"gold_loss":0.0,"damage_taken":0.0},{"damage_healed":0.0,"max_hp_gain":0.0,"max_hp_loss":0.0,"gold_gain":0.0,"event_name":"Accursed Blacksmith","player_choice":"Rummage","floor":38.0,"gold_loss":0.0,"damage_taken":0.0,"relics_obtained":["WarpedTongs"],"cards_obtained":["Pain"]}],"is_beta":false,"boss_relics":[{"not_picked":["SacredBark","Busted Crown"],"picked":"Philosopher\u0027s Stone"},{"not_picked":["Black Blood","Runic Pyramid"],"picked":"Fusion Hammer"}],"items_purged_floors":[],"is_endless":false,"potions_floor_spawned":[14,16,18,25,27,31,35,37,39,47,48],"ascension_level":2}}