{"host":"r0gwzuklarxkbv63","time":1613089809,"event":{"mods":["2.2 Compatiblity","AchievementEnabler","Act Like it!","AlwaysNeverKeys","Aspiration","BaseMod","Better Altar","Better Match","Better Note","Better Sensory Stone","Better Skull","Better Third Choice","BetterRewards","Block Reminder","Colored Map","Colored Powertips","Conspire","Curses Come First","Dark Map","Defuse TimeMaze Blight","Displayed Cursed Tome","Downfall","GifTheSpireLib","Halation","Hubris","Humility","Infinite Spire","Menagerie","Minty Spire (QoL Compilation)","Permanent Neow","Quick Restart","RNG Fix","Rare Cards Sparkle","RatMod","Relic Sorter","Relic Stats","Replay The Spire","Reworked Bosses","Shop Mod","Spikes Relics","StSLib","Stuff the Spire","SuperFastMode","The Blue Laboratory","The Sage","Uncapped","Unceasing Turn Reminder","UnlockEverythingMod","Username Fix","egg"],"gold_per_floor":[114,114,114,132,132,132,112,112,112,112,131,142,177,196,196,274,274,288,163,30,30,50,81,94,94,94,94,94,94,44,78,78,151,151,167,167,167,167,167,167,167,167,167],"floor_reached":42,"language":"ENG","playtime":989,"items_purged":["Strike_B"],"score":1356,"play_id":"e143eada-2b7b-4c24-98f6-eacb0ee7d339","local_time":"20210211183009","is_ascension_mode":true,"campfire_choices":[{"data":"Loop","floor":8,"key":"SMITH"},{"data":"Zap","floor":10,"key":"SMITH"},{"data":"Crystallizer","floor":15,"key":"SMITH"},{"data":"RefreshScreen","floor":25,"key":"SMITH"},{"floor":28,"key":"REST"},{"data":"Hyperbeam","floor":32,"key":"SMITH"},{"floor":40,"key":"REST"}],"circlet_count":0,"master_deck":["AscendersBane","Strike_B+1","Strike_B+1","Strike_B","Defend_B","Defend_B","Defend_B","Defend_B","Zap+1","Core Surge","Cold Snap","Compile Driver+1","Loop+1","Self Repair","Crystallizer+1","Hyperbeam+1","Redo","Fission+1","RefreshScreen+1","StuffTheSpire:Rapture","BootSequence","Defragment+1","infinitespire:UltimateForm+1","StuffTheSpire:ForEach","ReplayTheSpireMod:Omega Cannon","Echo Form","Doubt","Injury","Hallucinations","Midas Touch+1"],"relics":["Cracked Core","halation:PinkSoulGem","aspiration:DSix","Du-Vu Doll","Replay:Kaleidoscope","WingedGreaves","halation:Trompette","Counterbalance","Replay:Rubber Ducky","Whetstone","StuffTheSpire:CocoNut","ZombieTooth","hubris:Towel","SpikesRelics:DaevaFist","conspire:Dentures","Philosopher\u0027s Stone","Lantern","aspiration:FrozenJewel","halation:Toothbrush","Replay:Ancient Bell","infinitespire:Freezer","sagemod:Red_Beast_Statue","conspire:GiftBox","conspire:TreasureMap","Shuriken"],"acts_visited":["Exordium","TheCity","TheBeyond"],"potions_floor_usage":[4,13,13,13,23,31,33,42],"damage_taken":[{"damage":0,"enemies":"Cultist","floor":1,"turns":3},{"damage":17,"enemies":"Jaw Worm","floor":4,"turns":2},{"damage":0,"enemies":"Small Slimes","floor":11,"turns":2},{"damage":0,"enemies":"3 Louse","floor":12,"turns":2},{"damage":4,"enemies":"Lagavulin","floor":13,"turns":4},{"damage":3,"enemies":"Large Slime","floor":14,"turns":5},{"damage":32,"enemies":"The Guardian","floor":16,"turns":8},{"damage":2,"enemies":"Spheric Guardian","floor":18,"turns":3},{"damage":19,"enemies":"2 Thieves","floor":22,"turns":2},{"damage":0,"enemies":"Nightmare","floor":23,"turns":2},{"damage":0,"enemies":"3 Cultists","floor":24,"turns":4},{"damage":11,"enemies":"Slavers","floor":31,"turns":4},{"damage":31,"enemies":"bossMod:newCollector","floor":33,"turns":8},{"damage":28,"enemies":"3 Shapes","floor":35,"turns":2},{"damage":72,"enemies":"Nemesis","floor":42,"turns":7}],"seed_played":"73836297189956255","potions_obtained":[{"floor":1,"key":"blueLaboratory:SystemWipe"},{"floor":4,"key":"Reflective Coating"},{"floor":7,"key":"EntropicBrew"},{"floor":18,"key":"infinitespire:BlackPotion"},{"floor":24,"key":"blueLaboratory:SystemWipe"},{"floor":31,"key":"EssenceOfSteel"}],"is_trial":false,"path_per_floor":["M","?","?","M","T","?","?","R","T","R","M","M","E","M","R","B",null,"M","?","$","?","M","NM","M","R","T","?","R","R","?","E","R","B",null,"M","?","?","AVR","?","R","T","E"],"character_chosen":"DEFECT","items_purchased":["Counterbalance","Core Surge","Replay:Rubber Ducky","Whetstone","StuffTheSpire:CocoNut","RefreshScreen","BlessingOfTheForge"],"campfire_rested":2,"item_purchase_floors":[0,0,0,0,0,20,20],"current_hp_per_floor":[71,71,71,54,54,54,54,54,54,54,54,54,57,75,75,50,71,76,76,76,57,38,38,52,52,52,33,56,56,56,59,59,42,69,41,41,41,41,41,64,64,0,0],"gold":167,"neow_bonus":"","is_daily":false,"chose_seed":false,"campfire_upgraded":5,"win_rate":0.0,"timestamp":1613089809,"path_taken":["M","?","?","?","?","?","?","R","T","R","?","?","E","M","R","BOSS","M","?","$","?","M","NM","M","R","T","?","R","R","?","E","R","BOSS","M","?","?","AVR","?","R","?","E"],"items_purchased_type":["Relic","Card","Relic","Relic","Relic","Card","Potion"],"build_version":"2020-12-22","purchased_purges":1,"victory":false,"max_hp_per_floor":[78,78,78,78,78,78,78,78,78,78,78,78,78,78,78,78,78,78,78,78,78,78,78,78,78,78,78,78,78,78,78,78,78,78,78,78,78,78,78,78,78,78,78],"relic_stats":{"counters":[28,109],"Shuriken":[1],"Whetstone":["Strike_B","Strike_B"],"obtain_stats":[{"sagemod:Red_Beast_Statue":34,"Lantern":23,"halation:Gekota":6,"CeramicFish":24,"Whetstone":0,"PrismaticShard":3,"Pet Ghost":9,"Replay:Rubber Ducky":0,"ZombieTooth":5,"Philosopher\u0027s Stone":17,"WingedGreaves":0,"halation:Toothbrush":31,"Cracked Core":0,"aspiration:DSix":0,"conspire:Dentures":13,"conspire:TreasureMap":38,"hubris:SoftwareUpdate":14,"Dead Branch":0,"Counterbalance":0,"hubris:HollowSoul":17,"Replay:Ancient Bell":34,"Replay:Kaleidoscope":0,"hubris:Towel":6,"aspiration:FrozenJewel":26,"Peace Pipe":13,"Du-Vu Doll":0,"conspire:GiftBox":34,"Shuriken":41,"halation:EternalFortune":21,"StuffTheSpire:CocoNut":0,"SpikesRelics:DaevaFist":9,"halation:PinkSoulGem":28,"halation:Trompette":0,"infinitespire:Freezer":26},{"sagemod:Red_Beast_Statue":26,"Lantern":23,"halation:Gekota":2,"CeramicFish":10,"Whetstone":13,"PrismaticShard":1,"Pet Ghost":3,"Replay:Rubber Ducky":13,"ZombieTooth":15,"Philosopher\u0027s Stone":20,"WingedGreaves":13,"halation:Toothbrush":25,"Cracked Core":0,"aspiration:DSix":13,"conspire:Dentures":18,"conspire:TreasureMap":27,"hubris:SoftwareUpdate":5,"Dead Branch":0,"Counterbalance":13,"hubris:HollowSoul":6,"Replay:Ancient Bell":26,"Replay:Kaleidoscope":13,"hubris:Towel":15,"aspiration:FrozenJewel":24,"Peace Pipe":5,"Du-Vu Doll":13,"conspire:GiftBox":26,"Shuriken":27,"halation:EternalFortune":8,"StuffTheSpire:CocoNut":13,"SpikesRelics:DaevaFist":15,"halation:PinkSoulGem":12,"halation:Trompette":13,"infinitespire:Freezer":11},{"sagemod:Red_Beast_Statue":100,"Lantern":84,"halation:Gekota":5,"CeramicFish":38,"Whetstone":52,"PrismaticShard":3,"Pet Ghost":8,"Replay:Rubber Ducky":52,"ZombieTooth":57,"Philosopher\u0027s Stone":77,"WingedGreaves":52,"halation:Toothbrush":92,"Cracked Core":0,"aspiration:DSix":52,"conspire:Dentures":65,"conspire:TreasureMap":102,"hubris:SoftwareUpdate":15,"Dead Branch":0,"Counterbalance":52,"hubris:HollowSoul":19,"Replay:Ancient Bell":100,"Replay:Kaleidoscope":52,"hubris:Towel":57,"aspiration:FrozenJewel":88,"Peace Pipe":15,"Du-Vu Doll":52,"conspire:GiftBox":100,"Shuriken":102,"halation:EternalFortune":29,"StuffTheSpire:CocoNut":52,"SpikesRelics:DaevaFist":57,"halation:PinkSoulGem":47,"halation:Trompette":52,"infinitespire:Freezer":44}]},"card_choices":[{"not_picked":["Gash","Sweeping Beam"],"picked":"Cold Snap","floor":1},{"not_picked":["Ball Lightning","Redo"],"picked":"Loop","floor":4},{"not_picked":["Rebound","StuffTheSpire:Synthwave","BasicCrystalCard"],"picked":"SKIP","floor":11},{"not_picked":["Cold Snap","Hologram"],"picked":"Self Repair","floor":12},{"not_picked":["BasicCrystalCard","StuffTheSpire:Synthwave"],"picked":"Crystallizer","floor":13},{"not_picked":["BasicCrystalCard","ReplayTheSpireMod:System Scan","Leap"],"picked":"SKIP","floor":14},{"not_picked":["StuffTheSpire:Purify","hubris:SpecializedCircuitry"],"picked":"Hyperbeam","floor":16},{"not_picked":["Beam Cell","Fusion"],"picked":"Redo","floor":18},{"not_picked":["Reboot+1","hubris:SpecializedCircuitry+1"],"picked":"Fission+1","floor":19},{"not_picked":["Sweeping Beam+1","Ball Lightning"],"picked":"BootSequence","floor":22},{"not_picked":["Barrage","Stack"],"picked":"Defragment+1","floor":23},{"not_picked":["Hologram","StuffTheSpire:LoadUp","StuffTheSpire:NuclearReactor"],"picked":"SKIP","floor":24},{"not_picked":["ReplayTheSpireMod:Chaos Vortex","infinitespire:Punishment"],"picked":"infinitespire:UltimateForm","floor":27},{"not_picked":["ReplayTheSpireMod:Reroute Power","Doom and Gloom"],"picked":"StuffTheSpire:ForEach","floor":31},{"not_picked":["Core Surge","All For One"],"picked":"ReplayTheSpireMod:Omega Cannon","floor":33},{"not_picked":["Biased Cognition","Thunder Strike"],"picked":"Echo Form","floor":34},{"not_picked":["hubris:Despair","Replay:Hysterical Blindness"],"picked":"Doubt","floor":34},{"not_picked":["Sickly","Hatred"],"picked":"Injury","floor":34},{"not_picked":["downfall:Bewildered","Spreading Infection"],"picked":"Hallucinations","floor":34},{"not_picked":["Multi-Cast","ReplayTheSpireMod:Repulse+1","ReplaySolidLightProjector"],"picked":"SKIP","floor":35},{"not_picked":["Forethought","StuffTheSpire:PlasmaPunch"],"picked":"Midas Touch","floor":37}],"player_experience":0,"relics_obtained":[{"floor":5,"key":"ZombieTooth"},{"floor":9,"key":"SpikesRelics:DaevaFist"},{"floor":13,"key":"conspire:Dentures"},{"floor":23,"key":"Lantern"},{"floor":26,"key":"aspiration:FrozenJewel"},{"floor":31,"key":"halation:Toothbrush"},{"floor":41,"key":"Shuriken"}],"event_choices":[{"damage_healed":0,"gold_gain":0,"player_choice":"Ignored","damage_taken":114,"max_hp_gain":0,"max_hp_loss":0,"event_name":"betterThird:BetterSerpent","floor":3,"gold_loss":0},{"damage_healed":0,"gold_gain":0,"player_choice":"Bought 1 Potion","damage_taken":0,"max_hp_gain":0,"max_hp_loss":0,"event_name":"The Woman in Blue","floor":7,"gold_loss":0},{"damage_healed":0,"gold_gain":0,"player_choice":"2","damage_taken":0,"max_hp_gain":0,"max_hp_loss":0,"event_name":"betterMatch:BetterMatch","floor":19,"gold_loss":0,"cards_obtained":["betterMatch:RareCard"]},{"damage_healed":0,"gold_gain":0,"player_choice":"Upgrade","damage_taken":0,"max_hp_gain":0,"max_hp_loss":0,"event_name":"Designer","floor":30,"gold_loss":50,"cards_upgraded":["infinitespire:UltimateForm"]},{"damage_healed":0,"gold_gain":3,"player_choice":"1","damage_taken":0,"max_hp_gain":0,"max_hp_loss":0,"event_name":"betterStone:BetterStone","floor":37,"gold_loss":0},{"damage_healed":0,"gold_gain":0,"player_choice":"Forge","damage_taken":0,"max_hp_gain":0,"max_hp_loss":0,"event_name":"Accursed Blacksmith","floor":39,"gold_loss":0,"cards_upgraded":["Midas Touch"]}],"is_beta":false,"boss_relics":[{"not_picked":["FrozenCore","hubris:VirtuousBlindfold"],"picked":"Philosopher\u0027s Stone"},{"not_picked":["hubris:RunicObelisk","halation:HeavySnake"],"picked":"Replay:Ancient Bell"},{"not_picked":["Replay:Wax Seal","Orichalcum"],"picked":"infinitespire:Freezer"},{"not_picked":["StuffTheSpire:SapphireSignet","Solar Panel"],"picked":"sagemod:Red_Beast_Statue"},{"not_picked":["StuffTheSpire:Wildfire","Replay:Arrowhead"],"picked":"conspire:GiftBox"}],"items_purged_floors":[0],"is_endless":true,"potions_floor_spawned":[1,4,12,18,24,31],"killed_by":"Nemesis","ascension_level":20,"is_humility":true}}