{"host":"6xsbn6ynqlzwllfm","time":1613142007,"event":{"mods":["2.2 Compatiblity","BaseMod","Bestiary","Colored Map","Colored Powertips","Curses Come First","Downfall","Highlight Path","Keyboard Shortcuts","Minty Spire (QoL Compilation)","Relic Stats","Slay the Relics Exporter","StSLib","SuperFastMode"],"gold_per_floor":[0,12,24,24,39,39,64,79,79,112,112,144,44,29,40,145,145,45,60,78,63,77,97,97,113,113,211,243,243,261,274,293,388,388,388,407,422,439,104,149,173,73,84,113,163,182,26,43,56,56,56,82,0,0,0,0],"floor_reached":57,"language":"ENG","playtime":3846,"items_purged":["bronze:Replicate","Injury"],"score":1504,"play_id":"c645538a-e305-4ba3-9715-0743fbf68db2","local_time":"20210212100007","is_ascension_mode":true,"campfire_choices":[{"data":"bronze:Goto","floor":1,"key":"SMITH"},{"floor":9,"key":"RECALL"},{"data":"bronze:Strike","floor":13,"key":"PURGE"},{"data":"bronze:Strike","floor":18,"key":"PURGE"},{"data":"bronze:ItsAFeature","floor":26,"key":"SMITH"},{"data":"bronze:Defend","floor":29,"key":"PURGE"},{"data":"bronze:Fortify","floor":35,"key":"PURGE"},{"data":"bronze:Defend","floor":42,"key":"PURGE"},{"data":"bronze:Library","floor":54,"key":"PURGE"}],"circlet_count":0,"master_deck":["bronze:Defend","bronze:Goto+1","bronze:MaxOutput","bronze:Optimize","bronze:Turbo","bronze:Frontload","bronze:Constructor","bronze:OilSpill","bronze:OilSpill","bronze:CutThrough","bronze:Verify","bronze:BronzeArmor","bronze:Iterate","bronze:Return+1","bronze:ItsAFeature+1","bronze:MaxOutput","bronze:Iterate+1","bronze:BuggyMess+1","bronze:FindAndReplace","bronze:Turbo+1","expansioncontent:LastStand","bronze:Flail+1","bronze:Repulsor","Parasite","bronze:ItsAFeature","bronze:Repulsor","bronze:Verify","bronze:ItsAFeature"],"relics":["bronze:BronzeCore","CaptainsWheel","bronze:BottledCode","Anchor","Meat on the Bone","Blood Vial","Peace Pipe","downfall:HeartBlessingRed","Philosopher\u0027s Stone","downfall:HeartBlessingGreen","Centennial Puzzle","bronze:BronzeIdol","bronze:DecasWashers","Snecko Eye","Orrery","Toy Ornithopter","downfall:HeartBlessingBlue","Dream Catcher","TungstenRod","DollysMirror","Akabeko"],"acts_visited":["Exordium","TheCity","TheBeyond","TheEnding"],"potions_floor_usage":[16,28,33,33,50,55],"damage_taken":[{"damage":0,"enemies":"Cultist","floor":2,"turns":3},{"damage":5,"enemies":"Small Slimes","floor":3,"turns":3},{"damage":0,"enemies":"Jaw Worm","floor":5,"turns":5},{"damage":0,"enemies":"Blue Slaver","floor":8,"turns":2},{"damage":1,"enemies":"Lagavulin","floor":10,"turns":6},{"damage":41,"enemies":"3 Sentries","floor":12,"turns":11},{"damage":0,"enemies":"downfall:FleeingMerchant","floor":14,"turns":4},{"damage":0,"enemies":"Large Slime","floor":15,"turns":4},{"damage":33,"enemies":"DF_ARCHETYPE_STREAMLINE","floor":16,"turns":10},{"damage":0,"enemies":"Chosen","floor":19,"turns":4},{"damage":0,"enemies":"Snake Plant","floor":20,"turns":4},{"damage":7,"enemies":"downfall:FleeingMerchant","floor":21,"turns":4},{"damage":25,"enemies":"Centurion and Healer","floor":22,"turns":5},{"damage":4,"enemies":"Cultist and Chosen","floor":23,"turns":5},{"damage":0,"enemies":"3 Cultists","floor":25,"turns":5},{"damage":25,"enemies":"downfall:FleeingMerchant","floor":27,"turns":4},{"damage":6,"enemies":"Book of Stabbing","floor":28,"turns":3},{"damage":19,"enemies":"Snake Plant","floor":30,"turns":4},{"damage":0,"enemies":"Cultist and Chosen","floor":31,"turns":4},{"damage":8,"enemies":"Centurion and Healer","floor":32,"turns":3},{"damage":0,"enemies":"IC_MUSHROOM_ARCHETYPE","floor":33,"turns":5},{"damage":0,"enemies":"Orb Walker","floor":36,"turns":2},{"damage":25,"enemies":"3 Darklings","floor":37,"turns":5},{"damage":9,"enemies":"Jaw Worm Horde","floor":38,"turns":5},{"damage":11,"enemies":"Writhing Mass","floor":43,"turns":5},{"damage":1,"enemies":"Giant Head","floor":44,"turns":6},{"damage":14,"enemies":"Giant Head","floor":45,"turns":5},{"damage":20,"enemies":"Transient","floor":46,"turns":5},{"damage":28,"enemies":"3 Darklings","floor":48,"turns":5},{"damage":10,"enemies":"Sphere and 2 Shapes","floor":49,"turns":8},{"damage":7,"enemies":"WA_ARCHETYPE_DIVINITY","floor":50,"turns":8},{"damage":1,"enemies":"downfall:CharBossMerchant","floor":52,"turns":4},{"damage":1,"enemies":"downfall:NeowBoss","floor":55,"turns":7},{"damage":20,"enemies":"downfall:NeowBossFinal","floor":56,"turns":6}],"seed_played":"-1933814980614004731","potions_obtained":[{"floor":3,"key":"SpeedPotion"},{"floor":8,"key":"EssenceOfSteel"},{"floor":10,"key":"DuplicationPotion"},{"floor":16,"key":"BlessingOfTheForge"},{"floor":19,"key":"Explosive Potion"},{"floor":25,"key":"bronze:BuildAFunctionPotion"},{"floor":30,"key":"SkillPotion"},{"floor":33,"key":"SteroidPotion"},{"floor":38,"key":"sneckomod:MuddlingPotion"},{"floor":52,"key":"Swift Potion"}],"is_trial":false,"path_per_floor":["R","M","M","?","M","?","T","M","R","E","?","E","R","$","M","B",null,"R","M","M","$","M","M","T","M","R","$","E","R","M","M","M","B",null,"R","M","M","M","$","?","T","R","M","E","?","M","$","M","M","B",null,"E","$","R","B","B",null],"character_chosen":"THE_AUTOMATON","items_purchased":["bronze:BronzeIdol","expansioncontent:LastStand","Orrery","DollysMirror","bronze:ItsAFeature"],"campfire_rested":0,"item_purchase_floors":[27,39,39,47,53],"current_hp_per_floor":[63,63,58,58,58,58,58,58,58,57,50,23,23,37,39,20,50,50,52,54,49,38,36,36,38,38,27,35,35,30,32,38,40,55,55,57,34,39,39,39,39,49,40,41,41,35,35,21,25,37,62,63,63,63,69,50],"gold":0,"neow_bonus":"ONE_RARE_RELIC","is_daily":false,"chose_seed":false,"campfire_upgraded":2,"win_rate":0.0,"timestamp":1613142007,"path_taken":["R","M","M","?","?","?","T","M","R","E","?","E","R","?","M","BOSS","R","M","M","$","M","M","T","M","R","$","E","R","M","M","M","BOSS","R","M","M","M","$","?","T","R","M","E","?","M","$","M","M","BOSS","E","$","R","BOSS","BOSS"],"items_purchased_type":["Relic","Card","Relic","Relic","Card"],"build_version":"2020-12-22","purchased_purges":2,"victory":true,"max_hp_per_floor":[70,70,70,70,70,60,60,60,60,60,60,60,60,60,60,60,60,60,60,60,60,60,60,60,60,60,60,60,60,60,60,60,60,60,60,60,60,60,60,60,60,70,70,70,70,70,70,70,70,70,70,70,70,70,70,70],"relic_stats":{"Blood Vial":57,"Peace Pipe":7,"Centennial Puzzle":[47],"Dream Catcher":0,"counters":[34,169],"Snecko Eye":[126,118,126,118],"obtain_stats":[{"bronze:BronzeCore":0,"downfall:HeartBlessingRed":13,"bronze:DecasWashers":28,"downfall:HeartBlessingGreen":18,"Akabeko":52,"bronze:BronzeIdol":27,"bronze:BottledCode":6,"Blood Vial":11,"Peace Pipe":12,"CaptainsWheel":0,"Anchor":7,"Centennial Puzzle":24,"Dream Catcher":44,"downfall:HeartBlessingBlue":42,"DollysMirror":47,"Snecko Eye":34,"Orrery":39,"Philosopher\u0027s Stone":17,"Toy Ornithopter":41,"TungstenRod":45,"Meat on the Bone":10},{"bronze:BronzeCore":0,"downfall:HeartBlessingRed":6,"bronze:DecasWashers":17,"downfall:HeartBlessingGreen":9,"Akabeko":32,"bronze:BronzeIdol":16,"bronze:BottledCode":3,"Blood Vial":5,"Peace Pipe":6,"CaptainsWheel":0,"Anchor":3,"Centennial Puzzle":14,"Dream Catcher":26,"downfall:HeartBlessingBlue":24,"DollysMirror":28,"Snecko Eye":21,"Orrery":24,"Philosopher\u0027s Stone":9,"Toy Ornithopter":24,"TungstenRod":27,"Meat on the Bone":5},{"bronze:BronzeCore":0,"downfall:HeartBlessingRed":30,"bronze:DecasWashers":82,"downfall:HeartBlessingGreen":48,"Akabeko":156,"bronze:BronzeIdol":79,"bronze:BottledCode":11,"Blood Vial":19,"Peace Pipe":30,"CaptainsWheel":0,"Anchor":11,"Centennial Puzzle":70,"Dream Catcher":121,"downfall:HeartBlessingBlue":110,"DollysMirror":131,"Snecko Eye":98,"Orrery":110,"Philosopher\u0027s Stone":48,"Toy Ornithopter":110,"TungstenRod":126,"Meat on the Bone":19}],"Toy Ornithopter":10,"TungstenRod":16,"Meat on the Bone":168},"card_choices":[{"not_picked":["bronze:BuggyMess","bronze:Constructor"],"picked":"bronze:MaxOutput","floor":2},{"not_picked":["bronze:CutThrough","bronze:Terminator"],"picked":"bronze:Optimize","floor":3},{"not_picked":["bronze:Overheat","bronze:ChosenStrike"],"picked":"bronze:OilSpill","floor":5},{"not_picked":["bronze:Philosophize","bronze:WhirlingStrike"],"picked":"bronze:OilSpill","floor":8},{"not_picked":["bronze:CutThrough","bronze:Philosophize"],"picked":"bronze:Fortify","floor":10},{"not_picked":["bronze:ChildClass","bronze:Allocate"],"picked":"bronze:CutThrough","floor":14},{"not_picked":["bronze:FindAndReplace","bronze:Mutator"],"picked":"bronze:Verify","floor":16},{"not_picked":["bronze:FineTuning","bronze:Overload"],"picked":"bronze:BronzeArmor","floor":19},{"not_picked":["bronze:Backtrace","bronze:Allocate"],"picked":"bronze:Iterate","floor":21},{"not_picked":["bronze:GetLatest","bronze:BronzeOrb"],"picked":"bronze:Return+1","floor":22},{"not_picked":["bronze:Overheat+1","bronze:Return"],"picked":"bronze:ItsAFeature","floor":23},{"not_picked":["bronze:Branch","bronze:CutThrough+1","bronze:Separator"],"picked":"SKIP","floor":25},{"not_picked":["bronze:FineTuning","bronze:CleanCode"],"picked":"bronze:MaxOutput","floor":27},{"not_picked":["bronze:Constructor","bronze:Refactor"],"picked":"bronze:Iterate+1","floor":28},{"not_picked":["bronze:Optimize+1","bronze:BitShift","bronze:WildBeam"],"picked":"SKIP","floor":30},{"not_picked":["bronze:GetLatest","bronze:DarkDash"],"picked":"bronze:BuggyMess+1","floor":32},{"not_picked":["bronze:Format","bronze:HardenedForm"],"picked":"bronze:FindAndReplace","floor":33},{"not_picked":["bronze:Deprecate+1","bronze:Separator"],"picked":"bronze:Turbo+1","floor":36},{"not_picked":["bronze:Overheat+1","bronze:ForLoop"],"picked":"bronze:Flail+1","floor":39},{"not_picked":["bronze:ForceShield","bronze:Separator+1"],"picked":"bronze:Repulsor","floor":39},{"not_picked":["bronze:BuggyMess+1","bronze:CutThrough+1"],"picked":"bronze:ItsAFeature","floor":43},{"not_picked":["bronze:DelayedSlice","bronze:BitShift","bronze:FineTuning"],"picked":"SKIP","floor":44},{"not_picked":["bronze:Frontload","bronze:OilSpill+1"],"picked":"bronze:Repulsor","floor":45},{"not_picked":["bronze:ForLoop","bronze:DelayedSlice+1","bronze:Repair+1"],"picked":"SKIP","floor":48},{"not_picked":["bronze:BitShift","bronze:Shield"],"picked":"bronze:Library","floor":49}],"player_experience":1745259,"relics_obtained":[{"floor":7,"key":"Anchor"},{"floor":10,"key":"Meat on the Bone"},{"floor":12,"key":"Peace Pipe"},{"floor":24,"key":"Centennial Puzzle"},{"floor":28,"key":"bronze:DecasWashers"},{"floor":41,"key":"Toy Ornithopter"},{"floor":44,"key":"Dream Catcher"},{"floor":45,"key":"TungstenRod"},{"floor":52,"key":"Akabeko"}],"event_choices":[{"damage_healed":0,"gold_gain":0,"player_choice":"Success","damage_taken":7,"relics_obtained":["Blood Vial"],"max_hp_gain":0,"max_hp_loss":0,"event_name":"Scrap Ooze","floor":11,"gold_loss":0}],"is_beta":false,"boss_relics":[{"not_picked":["bronze:PlatinumCore","SlaversCollar"],"picked":"Philosopher\u0027s Stone"},{"not_picked":["Runic Dome","Calling Bell"],"picked":"Snecko Eye"}],"items_purged_floors":[27,39],"is_endless":false,"potions_floor_spawned":[3,8,10,15,16,19,25,30,33,38,43,44,49,52],"ascension_level":6}}