{"host":"91blwi3hgehj6ch9","time":1613118307,"event":{"mods":["2.2 Compatiblity","AchievementEnabler","BaseMod","Colored Map","DeckTracker","Keyboard Shortcuts","Minty Spire (QoL Compilation)","Permanent Neow","Quick Restart","StSLib","SuperFastMode","everything is the same but u backflip on backflip"],"gold_per_floor":[115,131,131,131,141,167,167,47,47,76,76,25,25,39,39,143,143,162,82,82,82,94,127,127,154,154,181,181,196,117,128,128,228,228,247,247,247],"floor_reached":36,"language":"KOR","playtime":897,"items_purged":["Bash"],"score":589,"play_id":"fadff5f6-5820-43a1-b311-c27d52907001","local_time":"20210212172507","is_ascension_mode":true,"campfire_choices":[{"data":"Perfected Strike","floor":7.0,"key":"SMITH"},{"data":"Dark Embrace","floor":11.0,"key":"SMITH"},{"data":"Perfected Strike","floor":13.0,"key":"SMITH"},{"data":"Perfected Strike","floor":15.0,"key":"SMITH"},{"data":"Second Wind","floor":24.0,"key":"SMITH"},{"data":"Bloodletting","floor":28.0,"key":"SMITH"},{"data":"Feel No Pain","floor":32,"key":"SMITH"}],"circlet_count":0,"master_deck":["Strike_R","Strike_R","Strike_R","Strike_R","Strike_R+1","Defend_R","Defend_R","Defend_R","Defend_R","Flame Barrier","Perfected Strike+1","Perfected Strike+1","Second Wind+1","Perfected Strike+1","Dark Embrace+1","Wild Strike","Perfected Strike+1","Ghostly Armor","Shrug It Off","Bloodletting+1","Feel No Pain+1","Impervious","Twin Strike+1"],"relics":["Burning Blood","NeowsBlessing","FossilizedHelix","Ornamental Fan","Odd Mushroom","Mark of Pain","MutagenicStrength","Incense Burner","Strawberry","Bag of Marbles","Happy Flower","Molten Egg 2","Black Star"],"acts_visited":["Exordium","TheCity","TheBeyond"],"potions_floor_usage":[31,31,33,33],"damage_taken":[{"damage":0.0,"enemies":"Cultist","floor":1.0,"turns":1.0},{"damage":0.0,"enemies":"2 Louse","floor":2.0,"turns":1.0},{"damage":0.0,"enemies":"Small Slimes","floor":5.0,"turns":2.0},{"damage":16.0,"enemies":"Gremlin Nob","floor":6.0,"turns":3.0},{"damage":4.0,"enemies":"The Mushroom Lair","floor":10.0,"turns":5.0},{"damage":0.0,"enemies":"Looter","floor":14.0,"turns":2.0},{"damage":23.0,"enemies":"The Guardian","floor":16.0,"turns":10.0},{"damage":22.0,"enemies":"2 Thieves","floor":18.0,"turns":3.0},{"damage":0.0,"enemies":"Spheric Guardian","floor":22.0,"turns":2.0},{"damage":30.0,"enemies":"Book of Stabbing","floor":23.0,"turns":4.0},{"damage":23.0,"enemies":"Slavers","floor":25.0,"turns":6.0},{"damage":16.0,"enemies":"Book of Stabbing","floor":27.0,"turns":4.0},{"damage":0.0,"enemies":"Centurion and Healer","floor":29.0,"turns":4.0},{"damage":0,"enemies":"Snake Plant","floor":31,"turns":2},{"damage":45,"enemies":"Champ","floor":33,"turns":12},{"damage":4,"enemies":"3 Shapes","floor":35,"turns":8},{"damage":73,"enemies":"2 Orb Walkers","floor":36,"turns":5}],"seed_played":"1435965895820807613","potions_obtained":[{"floor":2.0,"key":"AttackPotion"},{"floor":5.0,"key":"GamblersBrew"},{"floor":14.0,"key":"ColorlessPotion"},{"floor":22.0,"key":"Regen Potion"},{"floor":27.0,"key":"EntropicBrew"},{"floor":31,"key":"DuplicationPotion"},{"floor":33,"key":"FearPotion"}],"is_trial":false,"path_per_floor":["M","M","?","?","M","E","R","$","T","?","R","$","R","M","R","B",null,"M","$","?","?","M","E","R","E","T","E","R","M","$","M","R","B",null,"M","?"],"character_chosen":"IRONCLAD","items_purchased":["Perfected Strike","Wild Strike","Ghostly Armor","Feel No Pain"],"campfire_rested":0,"item_purchase_floors":[8,12,19,30],"current_hp_per_floor":[78,80,85,68,74,64,64,64,64,66,66,66,66,72,72,55,78,62,62,62,62,68,51,51,34,34,36,36,42,42,48,48,9,71,73,0,0],"gold":247,"neow_bonus":"THREE_ENEMY_KILL","is_daily":false,"chose_seed":false,"campfire_upgraded":7,"win_rate":0.0,"timestamp":1613118307,"path_taken":["M","?","?","?","M","E","R","$","T","?","R","$","R","M","R","BOSS","M","$","?","?","M","E","R","E","T","E","R","M","$","M","R","BOSS","M","?"],"items_purchased_type":["Card","Card","Card","Card"],"build_version":"2020-12-22","purchased_purges":1,"victory":false,"max_hp_per_floor":[80,80,85,85,85,85,85,85,85,85,85,85,85,85,85,85,85,85,85,85,85,85,92,92,92,92,92,92,92,92,92,92,92,92,92,92,92],"card_choices":[{"not_picked":["Clash","Battle Trance"],"picked":"Flame Barrier","floor":1.0},{"not_picked":["Combust","Body Slam"],"picked":"Perfected Strike","floor":2.0},{"not_picked":["True Grit","Offering"],"picked":"Perfected Strike","floor":5.0},{"not_picked":["Flame Barrier","Barricade"],"picked":"Second Wind","floor":6.0},{"not_picked":["Cleave","True Grit"],"picked":"Dark Embrace","floor":10.0},{"not_picked":["Warcry","Infernal Blade"],"picked":"Perfected Strike","floor":14.0},{"not_picked":["Clash","Clothesline+1","Metallicize"],"picked":"SKIP","floor":18.0},{"not_picked":["Sword Boomerang","Rage"],"picked":"Shrug It Off","floor":22.0},{"not_picked":["Sword Boomerang+1","Whirlwind"],"picked":"Bloodletting","floor":23.0},{"not_picked":["Berserk","Clash+1","Sever Soul+1"],"picked":"SKIP","floor":25.0},{"not_picked":["Body Slam+1","Reckless Charge+1","Iron Wave+1"],"picked":"SKIP","floor":27.0},{"not_picked":["Pummel+1","Clash+1","Cleave+1"],"picked":"SKIP","floor":29.0},{"not_picked":["Whirlwind+1","Havoc","Clothesline+1"],"picked":"SKIP","floor":31},{"not_picked":["Berserk","Offering"],"picked":"Impervious","floor":33},{"not_picked":["Iron Wave+1","Dark Embrace"],"picked":"Twin Strike+1","floor":35}],"player_experience":219389,"relics_obtained":[{"floor":6.0,"key":"FossilizedHelix"},{"floor":9.0,"key":"Ornamental Fan"},{"floor":10.0,"key":"Odd Mushroom"},{"floor":23.0,"key":"Strawberry"},{"floor":25.0,"key":"Bag of Marbles"},{"floor":26.0,"key":"Happy Flower"},{"floor":27.0,"key":"Molten Egg 2"}],"event_choices":[{"damage_healed":0.0,"max_hp_gain":5.0,"max_hp_loss":0.0,"gold_gain":0.0,"event_name":"Big Fish","player_choice":"Donut","floor":3.0,"gold_loss":0.0,"damage_taken":0.0},{"damage_healed":0.0,"max_hp_gain":0.0,"max_hp_loss":0.0,"gold_gain":0.0,"event_name":"Shining Light","player_choice":"Entered Light","floor":4.0,"gold_loss":0.0,"damage_taken":17.0,"cards_upgraded":["Perfected Strike","Strike_R"]},{"damage_healed":0.0,"max_hp_gain":0.0,"max_hp_loss":0.0,"gold_gain":0.0,"event_name":"Mushrooms","player_choice":"Fought Mushrooms","floor":10.0,"gold_loss":0.0,"damage_taken":0.0},{"damage_healed":0.0,"max_hp_gain":0.0,"max_hp_loss":0.0,"gold_gain":0.0,"event_name":"Drug Dealer","player_choice":"Inject Mutagens","floor":20.0,"gold_loss":0.0,"damage_taken":0.0,"relics_obtained":["MutagenicStrength"]},{"damage_healed":0.0,"max_hp_gain":0.0,"max_hp_loss":0.0,"gold_gain":0.0,"event_name":"The Mausoleum","player_choice":"Opened","floor":21.0,"gold_loss":0.0,"damage_taken":0.0,"relics_obtained":["Incense Burner"]},{"damage_healed":0,"gold_gain":0,"player_choice":"Fight","damage_taken":0,"max_hp_gain":0,"max_hp_loss":0,"event_name":"Mysterious Sphere","floor":36,"gold_loss":0}],"is_beta":false,"boss_relics":[{"not_picked":["Busted Crown","Runic Cube"],"picked":"Mark of Pain"},{"not_picked":["Coffee Dripper","Empty Cage"],"picked":"Black Star"}],"items_purged_floors":[8],"is_endless":false,"potions_floor_spawned":[2,5,14,16,22,27,31,33],"killed_by":"2 Orb Walkers","ascension_level":7}}