{"host":"uyrebrj0204enqpc","time":1613171656,"event":{"mods":["Act Like it!","Bard","BaseMod","Block Reminder","Challenge The Spire","Colored Map","Colored Powertips","DeckTracker","Downfall","GifTheSpireLib","HexUI Lib","Highlight Path","Hubris","Minty Spire (QoL Compilation)","Pale of the Ancients","Quick Restart","Random Character Button","Relic Sorter","Relic Stats","Shop Mod","StSLib","The Blue Laboratory","The Bug Knight","The Cursed","The Jungle","The Marked","Wandering Minibosses"],"gold_per_floor":[112,82,93,105,105,105,105,105,105,120,150,150,169,204,204,303,303,322,339,339,117,117,149,149,183,210,210,210],"floor_reached":27,"language":"ENG","playtime":1510,"items_purged":["theMarked:Defend"],"score":412,"play_id":"a0a335f2-7421-43df-bd1f-fe6e03be17c3","local_time":"20210212181416","is_ascension_mode":true,"campfire_choices":[{"data":"theMarked:SoldierOfQuellstein","floor":6,"key":"SMITH"},{"data":"theMarked:Strike","floor":8,"key":"SMITH"},{"data":"theMarked:Memento","floor":12,"key":"SMITH"},{"floor":15,"key":"REST"},{"floor":24,"key":"REST"}],"circlet_count":0,"master_deck":["theMarked:Seal+1","theMarked:Strike+1","theMarked:Strike+1","theMarked:Strike","theMarked:Strike+1","theMarked:Defend","theMarked:Defend","theMarked:Defend","theMarked:SoldierOfQuellstein+1","theMarked:WardOff+1","theMarked:Memento+1","theMarked:WardOff","theMarked:SuspiciousRaven","theMarked:Seal+1"],"relics":["theMarked:ArtifactOfAir","Pantograph","Whetstone","HollowMod:PaleOreRelic","SacredBark","hubris:TenFootPole","CeramicFish","hubris:Metronome","Bag of Marbles"],"acts_visited":["Exordium","TheCity"],"potions_floor_usage":[11,14,14,23,25],"damage_taken":[{"damage":2,"enemies":"Jaw Worm","floor":1,"turns":3},{"damage":10,"enemies":"Cultist","floor":3,"turns":5},{"damage":11,"enemies":"2 Louse","floor":4,"turns":4},{"damage":9,"enemies":"Large Slime","floor":10,"turns":7},{"damage":0,"enemies":"Gremlin Nob","floor":11,"turns":2},{"damage":3,"enemies":"Exordium Thugs","floor":13,"turns":3},{"damage":10,"enemies":"3 Sentries","floor":14,"turns":5},{"damage":16,"enemies":"The Guardian","floor":16,"turns":9},{"damage":7,"enemies":"Shell Parasite","floor":18,"turns":3},{"damage":8,"enemies":"Cultist and Chosen","floor":19,"turns":5},{"damage":22,"enemies":"Slavers","floor":23,"turns":7},{"damage":35,"enemies":"Gremlin Leader","floor":25,"turns":5},{"damage":17,"enemies":"Sentry and Sphere","floor":27,"turns":3}],"seed_played":"-1489758464133677754","potions_obtained":[{"floor":2,"key":"blueLaboratory:StoneskinPotion"},{"floor":2,"key":"blueLaboratory:FruitPunch"},{"floor":3,"key":"blueLaboratory:NullPotion"},{"floor":10,"key":"Explosive Potion"},{"floor":11,"key":"SneckoOil"},{"floor":13,"key":"Block Potion"},{"floor":18,"key":"Swift Potion"},{"floor":25,"key":"Dexterity Potion"}],"is_trial":false,"path_per_floor":["M","?","M","M","?","R","?","R","T","M","E","R","M","E","R","B",null,"M","M","?","$","?","E","R","E","T","M"],"character_chosen":"THE_DEFAULT","items_purchased":["hubris:TenFootPole"],"campfire_rested":2,"item_purchase_floors":[21],"current_hp_per_floor":[68,68,58,47,47,47,47,47,47,38,40,40,37,27,50,59,74,67,59,44,44,44,22,47,12,12,0,0],"gold":210,"neow_bonus":"TEN_PERCENT_HP_BONUS","is_daily":false,"chose_seed":false,"campfire_upgraded":3,"win_rate":0.0,"timestamp":1613171656,"path_taken":["M","?","?","M","?","R","?","R","T","M","E","R","M","E","R","BOSS","M","M","?","$","?","E","R","E","T","M"],"items_purchased_type":["Relic"],"build_version":"2020-12-22","purchased_purges":1,"victory":false,"max_hp_per_floor":[77,77,77,77,77,77,77,77,77,77,79,79,79,79,79,79,79,79,79,84,84,84,84,84,84,84,84,84],"relic_stats":{"counters":[13,61],"Pantograph":25,"CeramicFish":0,"Whetstone":["theMarked:Strike","theMarked:Strike"],"obtain_stats":[{"theMarked:ArtifactOfAir":0,"hubris:Metronome":25,"Pantograph":9,"SacredBark":17,"CeramicFish":23,"hubris:TenFootPole":21,"Bag of Marbles":26,"Whetstone":11,"HollowMod:PaleOreRelic":14},{"theMarked:ArtifactOfAir":0,"hubris:Metronome":12,"Pantograph":3,"SacredBark":8,"CeramicFish":11,"hubris:TenFootPole":10,"Bag of Marbles":12,"Whetstone":5,"HollowMod:PaleOreRelic":7},{"theMarked:ArtifactOfAir":0,"hubris:Metronome":58,"Pantograph":12,"SacredBark":38,"CeramicFish":53,"hubris:TenFootPole":46,"Bag of Marbles":58,"Whetstone":21,"HollowMod:PaleOreRelic":29}]},"card_choices":[{"not_picked":["theMarked:WastefulAttack","theMarked:Convert","theMarked:ChainLightning"],"picked":"SKIP","floor":1},{"not_picked":["theMarked:RepellingDischarge","theMarked:Indomitable","theMarked:ContemptForTheProud"],"picked":"SKIP","floor":3},{"not_picked":["theMarked:Frustration","theMarked:GodGivenPower"],"picked":"theMarked:WardOff","floor":4},{"not_picked":["theMarked:RepellingDischarge","theMarked:WardOff"],"picked":"theMarked:Memento","floor":10},{"not_picked":["theMarked:Improvise","theMarked:KeepCalmAndFight","theMarked:Frustration"],"picked":"SKIP","floor":11},{"not_picked":["theMarked:ChannelForce","theMarked:Maelstrom","theMarked:AttractMetal"],"picked":"SKIP","floor":13},{"not_picked":["theMarked:HeightenedSenses","theMarked:Friction"],"picked":"theMarked:WardOff","floor":14},{"not_picked":["theMarked:Defy","theMarked:FavorableWinds"],"picked":"theMarked:SuspiciousRaven","floor":16},{"not_picked":["theMarked:SwordAndMagic","theMarked:TwofoldDefense","theMarked:WastefulAttack"],"picked":"SKIP","floor":18},{"not_picked":["theMarked:Standoff","theMarked:EnhanceMovement","theMarked:Overcharge+1"],"picked":"SKIP","floor":19},{"not_picked":["theMarked:ResourceFulStrike","theMarked:Overcharge","theMarked:Reabsorb+1"],"picked":"SKIP","floor":23},{"not_picked":["theMarked:Static","theMarked:ElectricStrings+1","theMarked:SwordAndMagic"],"picked":"SKIP","floor":25}],"player_experience":1120348,"relics_obtained":[{"floor":9,"key":"Pantograph"},{"floor":11,"key":"Whetstone"},{"floor":14,"key":"HollowMod:PaleOreRelic"},{"floor":23,"key":"CeramicFish"},{"floor":25,"key":"hubris:Metronome"},{"floor":26,"key":"Bag of Marbles"}],"event_choices":[{"damage_healed":0,"gold_gain":0,"player_choice":"Bought 2 Potions","damage_taken":0,"max_hp_gain":0,"max_hp_loss":0,"event_name":"The Woman in Blue","floor":2,"gold_loss":0},{"damage_healed":0,"gold_gain":0,"player_choice":"Grow","damage_taken":0,"max_hp_gain":0,"max_hp_loss":0,"event_name":"Living Wall","floor":5,"gold_loss":0,"cards_upgraded":["theMarked:WardOff"]},{"cards_removed":["theMarked:Strike"],"damage_healed":0,"gold_gain":0,"player_choice":"Card Removal","damage_taken":0,"max_hp_gain":0,"max_hp_loss":0,"event_name":"Wheel of Change","floor":7,"gold_loss":0},{"damage_healed":0,"gold_gain":0,"player_choice":"Shed Blood","damage_taken":20,"max_hp_gain":5,"max_hp_loss":0,"event_name":"Forgotten Altar","floor":20,"gold_loss":0},{"damage_healed":0,"gold_gain":0,"player_choice":"Copied","damage_taken":0,"max_hp_gain":0,"max_hp_loss":0,"event_name":"Duplicator","floor":22,"gold_loss":0,"cards_obtained":["theMarked:Seal"]}],"is_beta":false,"boss_relics":[{"not_picked":["theMarked:Eyepatch","Fusion Hammer"],"picked":"SacredBark"}],"items_purged_floors":[21],"is_endless":false,"potions_floor_spawned":[3,10,11,13,18,25],"killed_by":"Sentry and Sphere","ascension_level":9}}