{"host":"52lujqhsyicpcskq","time":1613118210,"event":{"mods":["BaseMod","Colored Map","DeckTracker","Minty Spire (QoL Compilation)","Permanent Neow","StSLib","SuperFastMode","everything is the same but u backflip on backflip"],"gold_per_floor":[116,62,78,92,106,106,141,141,141,197,210,210,79,97,97,171,171,191,208,63,63,75,75,87,114,114,114,133,133,149,167,167,246,246,257,267,284,284,294,294,310,321,321,338,338,684,694,694,694],"floor_reached":48,"language":"KOR","playtime":1845,"items_purged":[],"score":810,"play_id":"5972f28e-687e-46ca-8b25-85fe8264a842","local_time":"20210212172330","is_ascension_mode":true,"campfire_choices":[{"floor":6,"key":"REST"},{"data":"Zap","floor":8,"key":"SMITH"},{"data":"Cold Snap","floor":12,"key":"SMITH"},{"data":"Streamline","floor":15,"key":"SMITH"},{"data":"Buffer","floor":23,"key":"SMITH"},{"floor":27,"key":"REST"},{"data":"Leap","floor":29,"key":"SMITH"},{"floor":32,"key":"REST"},{"floor":40,"key":"REST"},{"floor":45,"key":"REST"}],"circlet_count":0,"master_deck":["AscendersBane","Strike_B","Strike_B","Strike_B","Strike_B","Defend_B","Defend_B","Defend_B","Defend_B","Zap+1","Dualcast","Sweeping Beam","Cold Snap+1","Leap+1","Sunder+1","Rebound","Compile Driver","Undo","Streamline+1","Capacitor","Seek","Buffer+1","Beam Cell","Conserve Battery","Consume","Sweeping Beam+1","Consume","Glacier","Reprogram","Buffer","Barrage","Chill","Parasite","Cold Snap","Madness","Madness","Go for the Eyes","Leap","Doom and Gloom+1","Ball Lightning"],"relics":["Cracked Core","Happy Flower","Eternal Feather","StrikeDummy","Inserter","DataDisk","HornCleat","Torii","Fusion Hammer","Dead Branch","Old Coin"],"acts_visited":["Exordium","TheCity","TheBeyond"],"potions_floor_usage":[16,16,25,33,33,37,42,46],"damage_taken":[{"damage":7,"enemies":"Jaw Worm","floor":1,"turns":3},{"damage":9,"enemies":"Small Slimes","floor":3,"turns":3},{"damage":0,"enemies":"Cultist","floor":4,"turns":3},{"damage":26,"enemies":"Large Slime","floor":5,"turns":5},{"damage":24,"enemies":"Gremlin Nob","floor":7,"turns":4},{"damage":6,"enemies":"Blue Slaver","floor":11,"turns":2},{"damage":0,"enemies":"Looter","floor":14,"turns":2},{"damage":25,"enemies":"Hexaghost","floor":16,"turns":8},{"damage":0,"enemies":"Chosen","floor":18,"turns":4},{"damage":14,"enemies":"Shell Parasite","floor":19,"turns":6},{"damage":18,"enemies":"Shelled Parasite and Fungi","floor":22,"turns":6},{"damage":13,"enemies":"Cultist and Chosen","floor":24,"turns":7},{"damage":22,"enemies":"Slavers","floor":25,"turns":6},{"damage":9,"enemies":"Snake Plant","floor":28,"turns":4},{"damage":21,"enemies":"Sentry and Sphere","floor":30,"turns":7},{"damage":8,"enemies":"Shelled Parasite and Fungi","floor":31,"turns":8},{"damage":51,"enemies":"Collector","floor":33,"turns":15},{"damage":8,"enemies":"Orb Walker","floor":35,"turns":4},{"damage":9,"enemies":"3 Darklings","floor":36,"turns":6},{"damage":0,"enemies":"Writhing Mass","floor":37,"turns":10},{"damage":22,"enemies":"Jaw Worm Horde","floor":39,"turns":6},{"damage":0,"enemies":"Sphere and 2 Shapes","floor":41,"turns":7},{"damage":12,"enemies":"Spire Growth","floor":42,"turns":10},{"damage":0,"enemies":"Transient","floor":44,"turns":5},{"damage":41,"enemies":"2 Orb Walkers","floor":46,"turns":5},{"damage":18,"enemies":"3 Darklings","floor":47,"turns":8},{"damage":21,"enemies":"4 Shapes","floor":48,"turns":1}],"seed_played":"8750458428835607938","potions_obtained":[{"floor":7,"key":"Ancient Potion"},{"floor":11,"key":"DuplicationPotion"},{"floor":14,"key":"FocusPotion"},{"floor":16,"key":"EssenceOfSteel"},{"floor":28,"key":"Energy Potion"},{"floor":30,"key":"ColorlessPotion"},{"floor":33,"key":"Weak Potion"},{"floor":35,"key":"EssenceOfSteel"},{"floor":36,"key":"CultistPotion"},{"floor":41,"key":"DistilledChaos"},{"floor":42,"key":"SkillPotion"}],"is_trial":false,"path_per_floor":["M","$","M","M","M","R","E","R","T","?","M","R","$","M","R","B",null,"M","M","$","?","M","R","M","E","T","R","M","R","M","M","R","B",null,"M","M","M","?","M","R","M","M","T","M","R","?","M","M"],"character_chosen":"DEFECT","items_purchased":["Cold Snap","Streamline","Capacitor","DataDisk"],"campfire_rested":5,"item_purchase_floors":[2,13,13,20],"current_hp_per_floor":[57,57,48,48,22,43,19,28,28,28,22,31,31,31,43,18,58,58,44,44,44,26,38,25,3,3,39,30,45,24,16,52,1,54,46,37,37,28,6,48,48,36,36,36,71,30,12,0,0],"gold":694,"neow_bonus":"RANDOM_COMMON_RELIC","is_daily":false,"chose_seed":false,"campfire_upgraded":5,"win_rate":0.0,"timestamp":1613118210,"path_taken":["M","$","M","M","M","R","E","R","T","?","M","R","$","M","R","BOSS","M","M","$","?","M","R","M","E","T","R","M","R","M","M","R","BOSS","M","M","?","?","M","R","M","M","T","M","R","?","M","M"],"items_purchased_type":["Card","Card","Card","Relic"],"build_version":"2020-12-22","purchased_purges":0,"victory":false,"max_hp_per_floor":[71,71,71,71,71,71,71,71,71,71,71,71,71,71,71,71,71,71,71,71,71,71,71,71,71,71,71,71,71,71,71,71,71,71,71,71,71,71,71,71,71,71,71,71,71,71,71,71,71],"card_choices":[{"not_picked":["Hologram","Conserve Battery"],"picked":"Sweeping Beam","floor":1},{"not_picked":["Heatsinks","Stack"],"picked":"Leap","floor":3},{"not_picked":["Auto Shields","Coolheaded"],"picked":"Sunder","floor":4},{"not_picked":["Cold Snap","Hologram"],"picked":"Rebound","floor":5},{"not_picked":["Sweeping Beam","Loop"],"picked":"Compile Driver","floor":7},{"not_picked":["Double Energy","Redo"],"picked":"Undo","floor":11},{"not_picked":["Stack","Go for the Eyes"],"picked":"Seek","floor":14},{"not_picked":["Creative AI","Biased Cognition"],"picked":"Buffer","floor":16},{"not_picked":["Double Energy+1","Compile Driver"],"picked":"Beam Cell","floor":18},{"not_picked":["Sweeping Beam","Turbo"],"picked":"Conserve Battery","floor":19},{"not_picked":["Rebound","Double Energy+1","Turbo"],"picked":"SKIP","floor":22},{"not_picked":["Hello World","Recycle"],"picked":"Consume","floor":24},{"not_picked":["Hyperbeam","Fission"],"picked":"Sweeping Beam+1","floor":25},{"not_picked":["Sweeping Beam","Conserve Battery"],"picked":"Consume","floor":28},{"not_picked":["Stack","Chill"],"picked":"Glacier","floor":30},{"not_picked":["Melter+1","Static Discharge"],"picked":"Reprogram","floor":31},{"not_picked":["Amplify","Hyperbeam"],"picked":"Buffer","floor":33},{"not_picked":["Fusion","Hologram"],"picked":"Barrage","floor":35},{"not_picked":["Steam","Go for the Eyes"],"picked":"Chill","floor":36},{"not_picked":["Go for the Eyes","Aggregate"],"picked":"Cold Snap","floor":37},{"not_picked":["Barrage","Turbo","Hyperbeam"],"picked":"SKIP","floor":39},{"not_picked":["Undo","Stack"],"picked":"Go for the Eyes","floor":41},{"not_picked":["Force Field","Lockon"],"picked":"Leap","floor":42},{"not_picked":["White Noise","Chaos"],"picked":"Doom and Gloom+1","floor":44},{"not_picked":["Conserve Battery","Barrage+1"],"picked":"Ball Lightning","floor":47}],"player_experience":794263,"relics_obtained":[{"floor":7,"key":"Eternal Feather"},{"floor":9,"key":"StrikeDummy"},{"floor":25,"key":"HornCleat"},{"floor":26,"key":"Torii"},{"floor":43,"key":"Dead Branch"},{"floor":46,"key":"Old Coin"}],"event_choices":[{"damage_healed":0,"gold_gain":56,"player_choice":"Gained Gold","damage_taken":0,"max_hp_gain":0,"max_hp_loss":0,"event_name":"Golden Wing","floor":10,"gold_loss":0},{"damage_healed":0,"gold_gain":0,"player_choice":"Forge","damage_taken":0,"max_hp_gain":0,"max_hp_loss":0,"event_name":"Accursed Blacksmith","floor":21,"gold_loss":0,"cards_upgraded":["Sunder"]},{"damage_healed":0,"gold_gain":0,"player_choice":"Embrace Madness","damage_taken":9,"max_hp_gain":0,"max_hp_loss":0,"event_name":"Winding Halls","floor":38,"gold_loss":0,"cards_obtained":["Madness","Madness"]},{"damage_healed":0,"gold_gain":0,"player_choice":"Fight","damage_taken":0,"max_hp_gain":0,"max_hp_loss":0,"event_name":"Mysterious Sphere","floor":46,"gold_loss":0}],"is_beta":false,"boss_relics":[{"not_picked":["Sozu","SacredBark"],"picked":"Inserter"},{"not_picked":["Busted Crown","Runic Dome"],"picked":"Fusion Hammer"}],"items_purged_floors":[],"is_endless":false,"potions_floor_spawned":[7,11,14,16,28,30,31,33,35,36,41,42],"killed_by":"4 Shapes","ascension_level":14}}