{"host":"ktoxvvst1mwxww91","time":1613148850,"event":{"mods":["BaseMod","Downfall","Hermit","Minty Spire (QoL Compilation)","StSLib","The Hierophant","The Necromancer"],"gold_per_floor":[99,99,99,274,274,274,324,424,460,488,152,175,75,84,107,213,213,213,238,238,132,159,203,247,256,296,324,474,507,507,150,169,265,265,265,277,296,396,414,414,437,287,87,87,87,87,101,101,112,112,112,112],"floor_reached":50,"language":"ENG","playtime":2064,"items_purged":["downfall:Haunted","hexamod:Strike","Doubt","Decay"],"score":823,"play_id":"62e8309d-dc67-4e12-8e31-832bde688b46","local_time":"20210212175410","is_ascension_mode":true,"campfire_choices":[{"data":"hexamod:Float","floor":1,"key":"SMITH"},{"data":"hexamod:RainOfEmbers","floor":6,"key":"SMITH"},{"data":"hexamod:Incineration","floor":13,"key":"SMITH"},{"data":"hexamod:SearingWound","floor":18,"key":"SMITH"},{"data":"hexamod:NightmareGuise","floor":30,"key":"SMITH"},{"floor":35,"key":"RECALL"},{"data":"hexamod:GhostShield","floor":43,"key":"SMITH"}],"circlet_count":0,"master_deck":["hexamod:Defend","hexamod:Defend","hexamod:Defend+1","hexamod:Defend+1","hexamod:Sear+1","hexamod:Float+1","hexamod:FlamesFromBeyond","hexamod:RainOfEmbers+1","downfall:Icky","hexamod:GhostflameInferno","hexamod:Incineration+1","hexamod:SwordOfDarkness","hexamod:SuperheatedStrike","hexamod:ShieldOfDarkness","hexamod:SpectersWail+1","hexamod:SearingWound+1","hexamod:HeatCrush+1","hexamod:NightmareGuise","Slimebound:Tackle+1","Slimebound:Tackle+1","hexamod:NightmareGuise+1","hexamod:SuperheatedStrike+1","hexamod:RadiantFlame","hexamod:ThermalTransfer+1","hexamod:Firestarter+1","hexamod:InspiringFlames+1","hexamod:GhostShield+1","hexamod:Toasty+1","hexamod:Hexaguard","hexamod:ThermalTransfer+1","downfall:Malfunctioning","downfall:Malfunctioning","downfall:Aged","Parasite","hexamod:SuperheatedStrike+1","hexamod:Hexaguard+1"],"relics":["hexamod:SpiritBrand","downfall:HeartsMalice","downfall:ExtraCursedKey","Molten Egg 2","downfall:HeartBlessingGreen","Coffee Dripper","downfall:RedIOU","Ice Cream","Omamori","Bag of Preparation","hexamod:SoulOfChaos","Eternal Feather","Unceasing Top","Runic Pyramid","downfall:GremlinWheel","downfall:HeartBlessingRed","downfall:HeartBlessingBlue","Bottled Lightning"],"acts_visited":["Exordium","TheCity","TheBeyond"],"potions_floor_usage":[12,15,29,31,31,33],"damage_taken":[{"damage":0,"enemies":"Jaw Worm","floor":2,"turns":1},{"damage":0,"enemies":"2 Louse","floor":3,"turns":1},{"damage":0,"enemies":"3 Sentries","floor":9,"turns":1},{"damage":0,"enemies":"Small Slimes","floor":10,"turns":2},{"damage":0,"enemies":"downfall:FleeingMerchant","floor":11,"turns":4},{"damage":0,"enemies":"Red Slaver","floor":12,"turns":1},{"damage":6,"enemies":"Exordium Wildlife","floor":15,"turns":3},{"damage":2,"enemies":"SI_SHIV_ARCHETYPE","floor":16,"turns":5},{"damage":0,"enemies":"3 Byrds","floor":19,"turns":3},{"damage":0,"enemies":"downfall:FleeingMerchant","floor":21,"turns":4},{"damage":9,"enemies":"Gremlin Leader","floor":23,"turns":4},{"damage":0,"enemies":"Book of Stabbing","floor":26,"turns":3},{"damage":15,"enemies":"Sentry and Sphere","floor":27,"turns":5},{"damage":2,"enemies":"Slavers","floor":29,"turns":4},{"damage":0,"enemies":"downfall:FleeingMerchant","floor":31,"turns":2},{"damage":8,"enemies":"Centurion and Healer","floor":32,"turns":5},{"damage":0,"enemies":"WA_ARCHETYPE_CALM","floor":33,"turns":5},{"damage":5,"enemies":"3 Darklings","floor":36,"turns":3},{"damage":0,"enemies":"Orb Walker","floor":37,"turns":2},{"damage":0,"enemies":"Orb Walker","floor":38,"turns":3},{"damage":9,"enemies":"3 Darklings","floor":39,"turns":3},{"damage":7,"enemies":"Writhing Mass","floor":47,"turns":3},{"damage":2,"enemies":"Maw","floor":49,"turns":7},{"damage":79,"enemies":"IC_BLOCK_ARCHETYPE","floor":50,"turns":9}],"seed_played":"-1718249035186739528","potions_obtained":[{"floor":9,"key":"champ:CounterPotion"},{"floor":10,"key":"Slimebound:ThreeZeroPotion"},{"floor":12,"key":"DistilledChaos"},{"floor":19,"key":"hexamod:EctoCoolerPotion"},{"floor":23,"key":"SkillPotion"},{"floor":26,"key":"DistilledChaos"},{"floor":32,"key":"SkillPotion"},{"floor":36,"key":"Weak Potion"},{"floor":37,"key":"hexamod:EctoCoolerPotion"},{"floor":39,"key":"Guardian:BlockOnCardUsePotion"}],"is_trial":false,"path_per_floor":["R","M","M","?","?","R","T","?","E","M","$","M","R","?","M","B",null,"R","M","?","$","?","E","T","?","E","M","?","E","R","$","M","B",null,"R","M","M","?","M","?","T","$","R","$","?","$","M","$","M","B"],"character_chosen":"THE_SPIRIT","items_purchased":["Molten Egg 2","Eternal Feather","Unceasing Top"],"campfire_rested":0,"item_purchase_floors":[11,31,31],"current_hp_per_floor":[70,70,70,70,70,70,70,75,75,75,75,75,75,75,69,67,75,75,75,75,75,75,66,66,66,66,51,51,49,49,49,41,41,75,75,70,70,70,61,61,61,61,85,85,85,85,78,78,76,0,0,0],"gold":112,"neow_bonus":"THREE_ENEMY_KILL","is_daily":false,"chose_seed":false,"campfire_upgraded":6,"win_rate":0.0,"timestamp":1613148850,"path_taken":["R","M","M","?","?","R","T","?","E","M","$","M","R","?","M","BOSS","R","M","?","$","?","E","T","?","E","M","?","E","R","$","M","BOSS","R","M","M","?","?","?","T","$","R","$","?","?","M","?","M","BOSS"],"items_purchased_type":["Relic","Relic","Relic"],"build_version":"2020-12-22","purchased_purges":4,"victory":false,"max_hp_per_floor":[70,70,70,70,70,70,70,75,75,75,75,75,75,75,75,75,75,75,75,75,75,75,75,75,75,75,75,75,75,75,75,75,75,75,75,75,75,75,75,75,75,75,85,85,85,85,85,85,85,85,85,85],"card_choices":[{"not_picked":["hexamod:SecondSeal","hexamod:NightmareStrike"],"picked":"hexamod:FlamesFromBeyond","floor":2},{"not_picked":["hexamod:SecondSeal","hexamod:Hexaguard"],"picked":"hexamod:RainOfEmbers","floor":3},{"not_picked":["hexamod:HauntingEcho","hexamod:DynamicBlow"],"picked":"hexamod:Incineration","floor":9},{"not_picked":["hexamod:NightmareStrike","hexamod:FastForward"],"picked":"hexamod:SwordOfDarkness","floor":10},{"not_picked":["hexamod:FifthSeal","hexamod:GhostLash"],"picked":"hexamod:SuperheatedStrike","floor":11},{"not_picked":["hexamod:GhostflameBarrier","hexamod:HauntingEcho+1"],"picked":"hexamod:ShieldOfDarkness","floor":12},{"not_picked":["hexamod:NightmareGuise","hexamod:SuperheatedStrike+1"],"picked":"hexamod:SpectersWail+1","floor":15},{"not_picked":["hexamod:GhostflameInferno","hexamod:TimeOfNeed"],"picked":"hexamod:SearingWound","floor":16},{"not_picked":["hexamod:SkipABeat","hexamod:SpectersWail+1"],"picked":"hexamod:HeatCrush+1","floor":19},{"not_picked":["hexamod:Again","hexamod:SecondSeal"],"picked":"hexamod:NightmareGuise","floor":21},{"not_picked":["hexamod:AdvancingGuard+1","hexamod:SpectralSpark"],"picked":"hexamod:NightmareGuise","floor":23},{"not_picked":["hexamod:NightmareGuise+1","hexamod:FastForward"],"picked":"hexamod:RadiantFlame","floor":26},{"not_picked":["hexamod:BacktrackSmack+1","hexamod:GhostLash+1"],"picked":"hexamod:ThermalTransfer+1","floor":27},{"not_picked":["hexamod:UnleashSpirits+1","hexamod:GhostOfSpireFuture+1"],"picked":"hexamod:Firestarter+1","floor":29},{"not_picked":["hexamod:HauntingEcho+1","hexamod:BurningTouch"],"picked":"hexamod:InspiringFlames+1","floor":31},{"not_picked":["hexamod:BacktrackSmack+1","hexamod:HauntingEcho+1"],"picked":"hexamod:GhostShield","floor":32},{"not_picked":["hexamod:FlameSwitch","hexamod:ForkedFlame+1"],"picked":"hexamod:Toasty+1","floor":33},{"not_picked":["hexamod:NightmareGuise+1","hexamod:FastForward+1"],"picked":"hexamod:Hexaguard","floor":36},{"not_picked":["hexamod:HauntingEcho+1","hexamod:GhostShield"],"picked":"hexamod:ThermalTransfer+1","floor":37},{"not_picked":["hexamod:GhostLash+1","hexamod:FourthSeal","hexamod:DynamicBlow+1"],"picked":"SKIP","floor":39},{"not_picked":["hexamod:NightmareStrike+1","hexamod:Incineration+1"],"picked":"hexamod:SuperheatedStrike+1","floor":47},{"not_picked":["hexamod:NightmareStrike+1","hexamod:RadiantFlame"],"picked":"hexamod:Hexaguard+1","floor":49}],"player_experience":1169928,"relics_obtained":[{"floor":7,"key":"hexamod:MatchstickCase"},{"floor":9,"key":"CeramicFish"},{"floor":23,"key":"Ice Cream"},{"floor":24,"key":"Omamori"},{"floor":26,"key":"Bag of Preparation"},{"floor":29,"key":"hexamod:SoulOfChaos"},{"floor":38,"key":"downfall:GremlinWheel"},{"floor":45,"key":"Bottled Lightning"}],"event_choices":[{"damage_healed":0,"gold_gain":0,"cards_transformed":["downfall:Bewildered","Slimebound:Tackle"],"player_choice":"Became Test Subject","damage_taken":0,"max_hp_gain":0,"max_hp_loss":0,"event_name":"Drug Dealer","floor":25,"gold_loss":0,"cards_obtained":["Parasite","hexamod:SuperheatedStrike"]}],"is_beta":false,"boss_relics":[{"not_picked":["Astrolabe","SlaversCollar"],"picked":"Coffee Dripper"},{"not_picked":["Sozu","Tiny House"],"picked":"Runic Pyramid"}],"items_purged_floors":[11,21,31,42],"is_endless":false,"potions_floor_spawned":[9,10,12,19,23,26,32,36,37,39],"killed_by":"IC_BLOCK_ARCHETYPE","ascension_level":1}}