{"host":"5hsgormuu0lj4iiq","time":1613092744,"event":{"mods":["AchievementEnabler","BaseMod","Colored Map","Colored Powertips","Minty Spire (QoL Compilation)","Quick Restart","Relic Stats","SuperFastMode","everything is the same but u backflip on backflip","slay the spire mod where everything is the same but ironclad has a cowboy hat"],"gold_per_floor":[110,110,110,120,85,85,113,6,6,16,12,12,38,56,56,155,155,172,188,45,45,45],"floor_reached":21,"language":"ENG","playtime":578,"items_purged":["Strike_G"],"score":274,"play_id":"36b07e1c-e1e6-4d55-85d6-528868b2e786","local_time":"20210211201904","is_ascension_mode":true,"campfire_choices":[{"data":"Sucker Punch","floor":6,"key":"SMITH"},{"floor":12,"key":"REST"},{"floor":15,"key":"REST"}],"circlet_count":0,"master_deck":["Strike_G","Strike_G","Strike_G+1","Defend_G","Defend_G","Defend_G+1","Defend_G","Defend_G","Survivor","Neutralize","Sucker Punch+1","Slice","Bouncing Flask","Blur","Sucker Punch","Deflect","Blade Dance","Riddle With Holes","Corpse Explosion","Blur"],"relics":["Ring of the Snake","Bag of Marbles","Meat on the Bone","Ninja Scroll","Black Star"],"acts_visited":["Exordium","TheCity"],"potions_floor_usage":[13],"damage_taken":[{"damage":4,"enemies":"Small Slimes","floor":1,"turns":4},{"damage":1,"enemies":"Jaw Worm","floor":4,"turns":3},{"damage":37,"enemies":"Lagavulin","floor":7,"turns":8},{"damage":0,"enemies":"Cultist","floor":10,"turns":3},{"damage":11,"enemies":"Exordium Thugs","floor":11,"turns":4},{"damage":24,"enemies":"3 Sentries","floor":13,"turns":10},{"damage":17,"enemies":"Gremlin Gang","floor":14,"turns":4},{"damage":43,"enemies":"Hexaghost","floor":16,"turns":11},{"damage":25,"enemies":"Spheric Guardian","floor":18,"turns":6},{"damage":6,"enemies":"Chosen","floor":19,"turns":5},{"damage":42,"enemies":"Snake Plant","floor":21,"turns":5}],"seed_played":"-210562219303582394","potions_obtained":[{"floor":0,"key":"EssenceOfSteel"},{"floor":0,"key":"GamblersBrew"},{"floor":0,"key":"PowerPotion"},{"floor":13,"key":"Energy Potion"}],"is_trial":false,"path_per_floor":["M","?","?","M","?","R","E","$","T","M","M","R","E","M","R","B",null,"M","M","$","M"],"character_chosen":"THE_SILENT","items_purchased":["Blur","Sucker Punch","Blur"],"campfire_rested":2,"item_purchase_floors":[8,8,20],"current_hp_per_floor":[59,45,38,37,54,54,17,17,17,29,30,51,39,34,55,24,59,46,40,40,0,0],"gold":45,"neow_bonus":"THREE_SMALL_POTIONS","is_daily":false,"chose_seed":false,"campfire_upgraded":1,"win_rate":0.0,"timestamp":1613092744,"path_taken":["M","?","?","M","?","R","E","?","T","M","M","R","E","M","R","BOSS","M","M","$","M"],"items_purchased_type":["Card","Card","Card"],"build_version":"2020-12-22","purchased_purges":1,"victory":false,"max_hp_per_floor":[70,70,70,70,70,70,70,70,70,70,70,70,70,70,70,70,70,70,70,70,70,70],"relic_stats":{"counters":[11,63],"Black Star":0,"obtain_stats":[{"Ninja Scroll":13,"Bag of Marbles":7,"Black Star":17,"Ring of the Snake":0,"Meat on the Bone":9},{"Ninja Scroll":6,"Bag of Marbles":3,"Black Star":8,"Ring of the Snake":0,"Meat on the Bone":3},{"Ninja Scroll":32,"Bag of Marbles":15,"Black Star":47,"Ring of the Snake":0,"Meat on the Bone":15}],"Ring of the Snake":[22],"Meat on the Bone":72},"card_choices":[{"not_picked":["Infinite Blades","Dodge and Roll"],"picked":"Sucker Punch","floor":1},{"not_picked":["Predator","Dodge and Roll"],"picked":"Slice","floor":4},{"not_picked":["Outmaneuver","Dodge and Roll"],"picked":"Bouncing Flask","floor":7},{"not_picked":["Poisoned Stab","Acrobatics","Reflex"],"picked":"SKIP","floor":10},{"not_picked":["Dagger Throw","Caltrops"],"picked":"Deflect","floor":11},{"not_picked":["Expertise","Prepared"],"picked":"Blade Dance","floor":13},{"not_picked":["Underhanded Strike","Grand Finale","Dodge and Roll"],"picked":"SKIP","floor":14},{"not_picked":["Slice","Blade Dance"],"picked":"Riddle With Holes","floor":18},{"not_picked":["Poisoned Stab","PiercingWail"],"picked":"Corpse Explosion","floor":19}],"player_experience":732570,"relics_obtained":[{"floor":7,"key":"Bag of Marbles"},{"floor":9,"key":"Meat on the Bone"},{"floor":13,"key":"Ninja Scroll"}],"event_choices":[{"damage_healed":0,"gold_gain":0,"player_choice":"Entered Light","damage_taken":14,"max_hp_gain":0,"max_hp_loss":0,"event_name":"Shining Light","floor":2,"gold_loss":0,"cards_upgraded":["Defend_G","Strike_G"]},{"cards_removed":["Strike_G"],"damage_healed":0,"gold_gain":0,"player_choice":"Card Removal","damage_taken":7,"max_hp_gain":0,"max_hp_loss":0,"event_name":"Golden Wing","floor":3,"gold_loss":0},{"damage_healed":17,"gold_gain":0,"player_choice":"Healed","damage_taken":0,"max_hp_gain":0,"max_hp_loss":0,"event_name":"The Cleric","floor":5,"gold_loss":35}],"is_beta":false,"boss_relics":[{"not_picked":["Runic Dome","Runic Pyramid"],"picked":"Black Star"}],"items_purged_floors":[20],"is_endless":false,"potions_floor_spawned":[7,11,13,14,19],"killed_by":"Snake Plant","ascension_level":9}}