{"host":"Lrdox","time":1613168788,"event":{"mods":["BaseMod","Colored Map","Minty Spire (QoL Compilation)","Relic Stats"],"gold_per_floor":[110,124,14,33,47,77,77,77,377,377,388,450,400,413,413,510,510,527,527,527,542,80,80,94,123,123,143,196,57,73,89,89,185,185,196,196,98,118,129,144,171,171,219,41,55,69,24,49,49,49,49,49,49,78,78],"floor_reached":56,"language":"ENG","playtime":2836,"items_purged":["Defend_B","Defend_B"],"score":2084,"play_id":"9a599456-1c96-40df-91e0-24fe77d5df2f","local_time":"20210212232628","is_ascension_mode":true,"campfire_choices":[{"data":"Sunder","floor":7.0,"key":"SMITH"},{"floor":15.0,"key":"REST"},{"floor":23.0,"key":"RECALL"},{"floor":32,"key":"REST"},{"floor":49,"key":"REST"},{"floor":52,"key":"REST"}],"circlet_count":0,"master_deck":["AscendersBane","Defend_B","Defend_B","Zap","Dualcast","Genetic Algorithm","Cold Snap","Sunder+1","Defragment","Defragment","Biased Cognition","Sweeping Beam","Core Surge","Bite","Bite","Bite","Bite","Loop","Coolheaded+1","Glacier","Loop","Undo","Doom and Gloom","Meteor Strike","Tempest+1","Coolheaded","Machine Learning"],"relics":["Snecko Eye","Ice Cream","InkBottle","Old Coin","White Beast Statue","Fusion Hammer","Toy Ornithopter","Cables","Meat on the Bone","Ginger","PreservedInsect","Nuclear Battery","Mango","CaptainsWheel","Question Card","Bronze Scales"],"acts_visited":["Exordium","TheCity","TheBeyond","TheEnding"],"potions_floor_usage":[25,27,33,38,40,55,55,55],"damage_taken":[{"damage":0.0,"enemies":"2 Louse","floor":1.0,"turns":3.0},{"damage":8.0,"enemies":"Small Slimes","floor":2.0,"turns":6.0},{"damage":9.0,"enemies":"Jaw Worm","floor":4.0,"turns":3.0},{"damage":6.0,"enemies":"Looter","floor":5.0,"turns":3.0},{"damage":14.0,"enemies":"Lagavulin","floor":6.0,"turns":8.0},{"damage":0.0,"enemies":"3 Louse","floor":11.0,"turns":3.0},{"damage":13.0,"enemies":"Gremlin Nob","floor":12.0,"turns":4.0},{"damage":16.0,"enemies":"Gremlin Gang","floor":14.0,"turns":4.0},{"damage":0.0,"enemies":"The Guardian","floor":16.0,"turns":8.0},{"damage":7.0,"enemies":"Chosen","floor":18.0,"turns":6.0},{"damage":12.0,"enemies":"Spheric Guardian","floor":21.0,"turns":4.0},{"damage":0.0,"enemies":"Centurion and Healer","floor":24.0,"turns":6.0},{"damage":21,"enemies":"Slavers","floor":25,"turns":4},{"damage":16,"enemies":"3 Cultists","floor":27,"turns":7},{"damage":7,"enemies":"Snake Plant","floor":30,"turns":6},{"damage":10,"enemies":"Centurion and Healer","floor":31,"turns":10},{"damage":0,"enemies":"Automaton","floor":33,"turns":11},{"damage":7,"enemies":"Orb Walker","floor":35,"turns":4},{"damage":6,"enemies":"3 Shapes","floor":38,"turns":5},{"damage":0,"enemies":"Spire Growth","floor":39,"turns":8},{"damage":14,"enemies":"Transient","floor":40,"turns":5},{"damage":8,"enemies":"Giant Head","floor":41,"turns":11},{"damage":0,"enemies":"Maw","floor":45,"turns":7},{"damage":0,"enemies":"Jaw Worm Horde","floor":46,"turns":3},{"damage":0,"enemies":"Reptomancer","floor":48,"turns":2},{"damage":0,"enemies":"Donu and Deca","floor":50,"turns":10},{"damage":0,"enemies":"Shield and Spear","floor":54,"turns":8},{"damage":62,"enemies":"The Heart","floor":55,"turns":9}],"seed_played":"-7063652573752322278","potions_obtained":[{"floor":1.0,"key":"Dexterity Potion"},{"floor":2.0,"key":"CultistPotion"},{"floor":12.0,"key":"ColorlessPotion"},{"floor":14.0,"key":"ColorlessPotion"},{"floor":16.0,"key":"DuplicationPotion"},{"floor":18.0,"key":"LiquidBronze"},{"floor":21.0,"key":"Explosive Potion"},{"floor":25,"key":"Explosive Potion"},{"floor":27,"key":"EssenceOfSteel"},{"floor":30,"key":"Block Potion"},{"floor":33,"key":"SpeedPotion"},{"floor":35,"key":"EntropicBrew"},{"floor":38,"key":"SkillPotion"},{"floor":40,"key":"PotionOfCapacity"},{"floor":41,"key":"PotionOfCapacity"},{"floor":45,"key":"Energy Potion"}],"is_trial":false,"path_per_floor":["M","M","$","M","M","E","R","?","T","?","M","?","?","M","R","B",null,"M","?","?","M","$","R","M","E","T","M","T","$","M","M","R","B",null,"M","?","$","M","M","M","E","?","T","$","M","M","$","E","R","B",null,"R","$","E","B",null],"character_chosen":"DEFECT","items_purchased":["Sunder","Defragment","Toy Ornithopter","Cables","Glacier","Loop","Fruit Juice","Doom and Gloom","Coolheaded"],"campfire_rested":4,"item_purchase_floors":[3,3,22,22,29,29,37,44,47],"current_hp_per_floor":[68,60,60,51,45,31,31,28,28,33,33,20,20,4,28,28,67,60,56,56,50,50,50,56,46,46,50,50,50,55,56,56,56,56,55,69,69,75,75,72,75,75,75,75,75,75,75,75,75,75,75,75,75,75,42],"gold":78,"neow_bonus":"BOSS_RELIC","is_daily":false,"chose_seed":false,"campfire_upgraded":1,"win_rate":0.0,"timestamp":1613168788,"path_taken":["M","M","$","M","M","E","R","?","T","?","M","?","?","?","R","BOSS","BOSS","M","?","?","?","$","R","M","E","T","M","?","$","M","M","R","BOSS","M","?","?","M","?","M","E","?","T","?","?","M","$","E","R","BOSS","R","$","E","BOSS"],"items_purchased_type":["Card","Card","Relic","Relic","Card","Card","Potion","Card","Card"],"build_version":"2020-12-18","purchased_purges":2,"victory":true,"max_hp_per_floor":[75,75,75,75,75,75,75,75,75,80,80,80,80,80,80,80,80,80,56,56,56,56,56,56,56,56,56,56,56,56,56,56,56,56,56,70,70,75,75,75,75,75,75,75,75,75,75,75,75,75,75,75,75,75,75],"relic_stats":{"counters":[28,168],"Bronze Scales":[99],"Snecko Eye":[316,318,307,335],"PreservedInsect":302,"Ginger":[11],"Question Card":1,"obtain_stats":[{"Ice Cream":6,"Mango":36,"PreservedInsect":28,"Ginger":26,"Question Card":48,"White Beast Statue":12,"Old Coin":9,"Cables":22,"Nuclear Battery":34,"CaptainsWheel":41,"Bronze Scales":54,"Snecko Eye":0,"Fusion Hammer":17,"Cracked Core":0,"InkBottle":8,"Toy Ornithopter":22,"Meat on the Bone":25},{"Ice Cream":5,"Mango":18,"PreservedInsect":14,"Ginger":13,"Question Card":25,"White Beast Statue":7,"Old Coin":5,"Cables":11,"Nuclear Battery":17,"CaptainsWheel":22,"Bronze Scales":27,"Snecko Eye":0,"Fusion Hammer":9,"Cracked Core":0,"InkBottle":5,"Toy Ornithopter":11,"Meat on the Bone":13},{"Ice Cream":23,"Mango":100,"PreservedInsect":69,"Ginger":62,"Question Card":141,"White Beast Statue":30,"Old Coin":23,"Cables":52,"Nuclear Battery":96,"CaptainsWheel":129,"Bronze Scales":159,"Snecko Eye":0,"Fusion Hammer":42,"Cracked Core":0,"InkBottle":23,"Toy Ornithopter":52,"Meat on the Bone":62}],"InkBottle":[63],"Toy Ornithopter":30,"Cables":[111,11,65,2,33],"Meat on the Bone":0},"card_choices":[{"not_picked":["Compile Driver","Lockon"],"picked":"Genetic Algorithm","floor":1.0},{"not_picked":["Conserve Battery","Turbo"],"picked":"Cold Snap","floor":2.0},{"not_picked":["Turbo","Beam Cell","Stack"],"picked":"SKIP","floor":4.0},{"not_picked":["Rip and Tear","Streamline"],"picked":"Defragment","floor":5.0},{"not_picked":["Lockon","Redo","Biased Cognition"],"picked":"SKIP","floor":6.0},{"not_picked":["Lockon","Redo"],"picked":"Biased Cognition","floor":6.0},{"not_picked":["Turbo","Gash","Darkness"],"picked":"SKIP","floor":11.0},{"not_picked":["Melter","Blizzard"],"picked":"Sweeping Beam","floor":14.0},{"not_picked":["Amplify","Buffer"],"picked":"Core Surge","floor":16.0},{"not_picked":["Steam Power","Beam Cell","Rebound"],"picked":"SKIP","floor":18.0},{"not_picked":["Auto Shields","Reprogram+1"],"picked":"Loop","floor":21.0},{"not_picked":["BootSequence","Go for the Eyes"],"picked":"Coolheaded+1","floor":24.0},{"not_picked":["Reprogram","Hologram","FTL"],"picked":"SKIP","floor":25},{"not_picked":["Gash","Coolheaded","BootSequence"],"picked":"SKIP","floor":27},{"not_picked":["FTL","Rebound","Blizzard"],"picked":"SKIP","floor":30},{"not_picked":["Go for the Eyes","Sweeping Beam"],"picked":"Undo","floor":31},{"not_picked":["Cold Snap+1","Conserve Battery+1","Ball Lightning+1"],"picked":"SKIP","floor":35},{"not_picked":["Gash","Turbo","Static Discharge"],"picked":"SKIP","floor":38},{"not_picked":["Beam Cell+1","Genetic Algorithm+1","Hologram"],"picked":"SKIP","floor":39},{"not_picked":["FTL+1","Darkness+1","Streamline"],"picked":"SKIP","floor":40},{"not_picked":["Chaos+1","Redo","Stack"],"picked":"SKIP","floor":41},{"not_picked":["FTL+1","Ball Lightning"],"picked":"Meteor Strike","floor":45},{"not_picked":["Tempest+1","BootSequence","Darkness"],"picked":"SKIP","floor":46},{"not_picked":["BootSequence","Darkness"],"picked":"Tempest+1","floor":46},{"not_picked":["Compile Driver","Steam","Streamline"],"picked":"SKIP","floor":48},{"not_picked":["Amplify","Auto Shields","Barrage+1"],"picked":"Machine Learning","floor":54}],"player_experience":256969,"relics_obtained":[{"floor":6.0,"key":"Ice Cream"},{"floor":9.0,"key":"Old Coin"},{"floor":12.0,"key":"White Beast Statue"},{"floor":25,"key":"Meat on the Bone"},{"floor":26,"key":"Ginger"},{"floor":28,"key":"PreservedInsect"},{"floor":41,"key":"CaptainsWheel"},{"floor":48,"key":"Question Card"},{"floor":54,"key":"Bronze Scales"}],"event_choices":[{"damage_healed":0.0,"max_hp_gain":0.0,"max_hp_loss":0.0,"gold_gain":0.0,"event_name":"Scrap Ooze","player_choice":"Success","floor":8.0,"gold_loss":0.0,"damage_taken":3.0,"relics_obtained":["InkBottle"]},{"damage_healed":0.0,"max_hp_gain":5.0,"max_hp_loss":0.0,"gold_gain":0.0,"event_name":"Big Fish","player_choice":"Donut","floor":10.0,"gold_loss":0.0,"damage_taken":0.0},{"damage_healed":0.0,"max_hp_gain":0.0,"max_hp_loss":0.0,"gold_gain":0.0,"event_name":"Dead Adventurer","player_choice":"Searched \u00271\u0027 times","floor":12.0,"gold_loss":0.0,"damage_taken":0.0},{"cards_removed":["Strike_B"],"damage_healed":0.0,"max_hp_gain":0.0,"max_hp_loss":0.0,"gold_gain":0.0,"event_name":"The Cleric","player_choice":"Card Removal","floor":13.0,"gold_loss":50.0,"damage_taken":0.0},{"damage_healed":0.0,"max_hp_gain":0.0,"max_hp_loss":24.0,"gold_gain":0.0,"event_name":"Vampires","player_choice":"Became a vampire","floor":19.0,"gold_loss":0.0,"damage_taken":0.0,"cards_obtained":["Bite","Bite","Bite","Bite","Bite"]},{"cards_removed":["Bite"],"damage_healed":5.0,"max_hp_gain":0.0,"max_hp_loss":0.0,"gold_gain":0.0,"event_name":"Bonfire Elementals","player_choice":"Offered Special","floor":20.0,"gold_loss":0.0,"damage_taken":0.0},{"damage_healed":0,"gold_gain":0,"player_choice":"Gave Potion","damage_taken":0,"relics_obtained":["Mango"],"max_hp_gain":0,"max_hp_loss":0,"event_name":"WeMeetAgain","floor":36,"gold_loss":0},{"damage_healed":0,"gold_gain":0,"player_choice":"Ignored","damage_taken":0,"max_hp_gain":0,"max_hp_loss":0,"event_name":"Tomb of Lord Red Mask","floor":42,"gold_loss":0}],"is_beta":true,"boss_relics":[{"not_picked":["SacredBark","Sozu"],"picked":"Fusion Hammer"},{"not_picked":["Coffee Dripper","Runic Pyramid"],"picked":"Nuclear Battery"}],"items_purged_floors":[22,44],"is_endless":false,"potions_floor_spawned":[1,2,12,14,16,18,21,24,25,27,30,31,33,35,38,39,40,41,45,46,48,54],"ascension_level":10}}