{"host":"23qk1co0p3p8qz56","time":1613123977,"event":{"mods":["100% Spire Juice","AchievementEnabler","Act Like it!","Arknights","BaseMod","Better Note","Better Third Choice","BetterRewards","CapriCore","Chen","Colored Map","DNKmod","Downfall","Duelist Mod","Friendly Minions","Gensokyo","Gold Saver","KinomotoSakuraMod(ñÿîVñ{?)","Koishi","LagranYue(ùfäiòNÅEåé)","Lobotomy","LobotomyExtend","Mari Mod (Legacy)","Mari\u0027s V1 Patch","MarisaÅiñ∂âJÅ@ñÇóùçπÅj","Minty Spire (QoL Compilation)","Prisma Mod","ReimuÅiîé??öÎÅj","RemiliaÅiÂQïƒ‰ª?Åj","RumiaBox-òIïƒ?ìIê_îÈ·¥éq","StSLib","The Administrix","The Alterego","The Animator","The Gatherer","The Immortal","The Senshi","Waifu the Spire","WarShipGirlsR/??è≠èóR mod","Yakumo Yukari mod","Yohane!","Yuyuko"],"gold_per_floor":[1012,730,743,434,451,451,482,495,495,495,495,495,495,526,526,621,621,634,648,648,648,658,693,693,712,712,712,722,747,747,747,747,845,845,855,855,701,715,727,727,571,587,587,605,605,619,654,669,669,669],"floor_reached":51,"language":"ENG","playtime":3175,"items_purged":[],"score":802,"play_id":"e2d66eae-817d-4ee9-964d-fcebd82d4c61","local_time":"20210212025937","is_ascension_mode":false,"campfire_choices":[{"data":"JA","floor":6,"key":"SMITH"},{"data":"CasketOfStar","floor":10,"key":"SMITH"},{"data":"UltimateShortwave","floor":12,"key":"SMITH"},{"data":"SatelliteIllusion","floor":15,"key":"SMITH"},{"data":"SuperNova","floor":24,"key":"SMITH"},{"data":"IllusionStar","floor":27,"key":"SMITH"},{"data":"MasterSpark","floor":32,"key":"SMITH"},{"data":"UltimateShortwave","floor":40,"key":"SMITH"},{"data":"Orbital","floor":45,"key":"SMITH"},{"data":"EscapeVelocity","floor":49,"key":"SMITH"}],"circlet_count":0,"master_deck":["IllusionStar+1","SatelliteIllusion+1","SuperPerseids","UltimateShortwave+1","JA+1","CasketOfStar+1","ShootingEcho","PowerUp","GasGiant","SuperNova+1","OpenUniverse+1","Orbital+1","IllusionStar+1","UltimateShortwave+1","DarkMatter+1","MysteriousBeam+1","GasGiant","IllusionStar+1","FinalSpark+1","EscapeVelocity+1","CollectingQuirk","MillisecondPulsars","CollectingQuirk","MillisecondPulsars","SatelliteIllusion","CollectingQuirk","EscapeVelocity","TreasureHunter"],"relics":["BewitchedHakkero","Regal Pillow","GodSword7","Potion Belt","LagranYue:RandomDrawCardRelic","LetterFromLob","RuthlessExorcism:ReiMu","Mango","Bag of Marbles","Thread and Needle","ScarletDevilRocket","Ccalipers","ExperimentalFamiliar","Bottled Lightning","MagicDraw3","Pantograph","Strange Spoon","LagranYue:GuidanceLightRelic","AmplifyWand","SumBook"],"acts_visited":["Exordium","TheCity","TheBeyond"],"potions_floor_usage":[7,16,23,50,50,50,50],"damage_taken":[{"damage":0,"enemies":"Cultist","floor":1,"turns":3},{"damage":2,"enemies":"2 Louse","floor":3,"turns":3},{"damage":0,"enemies":"Small Slimes","floor":5,"turns":2},{"damage":18,"enemies":"Lagavulin","floor":7,"turns":3},{"damage":13,"enemies":"3 Louse","floor":8,"turns":2},{"damage":0,"enemies":"Gremlin Nob","floor":14,"turns":2},{"damage":58,"enemies":"The Guardian","floor":16,"turns":7},{"damage":4,"enemies":"3 Byrds","floor":18,"turns":5},{"damage":6,"enemies":"Chosen","floor":19,"turns":3},{"damage":6,"enemies":"Sentry and Sphere","floor":22,"turns":3},{"damage":8,"enemies":"Gremlin Leader","floor":23,"turns":3},{"damage":0,"enemies":"3 Cultists","floor":25,"turns":1},{"damage":0,"enemies":"Snake Plant","floor":28,"turns":2},{"damage":16,"enemies":"Book of Stabbing","floor":29,"turns":3},{"damage":12,"enemies":"Collector","floor":33,"turns":5},{"damage":0,"enemies":"Orb Walker","floor":35,"turns":3},{"damage":17,"enemies":"3 Darklings","floor":38,"turns":3},{"damage":0,"enemies":"Spire Growth","floor":39,"turns":4},{"damage":30,"enemies":"4 Shapes","floor":42,"turns":3},{"damage":19,"enemies":"Maw","floor":44,"turns":5},{"damage":0,"enemies":"3 Darklings","floor":46,"turns":4},{"damage":27,"enemies":"Reptomancer","floor":47,"turns":6},{"damage":2,"enemies":"4 Shapes","floor":48,"turns":3},{"damage":23,"enemies":"Donu and Deca","floor":50,"turns":4}],"seed_played":"-1843936500273644796","potions_obtained":[{"floor":0,"key":"DuplicationPotion"},{"floor":0,"key":"SkillPotion"},{"floor":0,"key":"Strength Potion"},{"floor":3,"key":"PowerPotion"},{"floor":7,"key":"LiquidMemories"},{"floor":19,"key":"ColorlessPotion"},{"floor":22,"key":"SkillPotion"},{"floor":25,"key":"Weak Potion"},{"floor":35,"key":"BlessingOfTheForge"}],"is_trial":false,"path_per_floor":["M","$","M","$","M","R","E","M","T","R","E","R","?","E","R","B",null,"M","M","?","$","M","E","R","M","T","R","M","E","?","?","R","B",null,"M","T","$","M","M","R","$","M","T","M","R","M","E","M","R","B",null],"character_chosen":"MARISA","items_purchased":["SatelliteIllusion","RuthlessExorcism:ReiMu","UltimateShortwave","JA","Strange Spoon","LagranYue:GuidanceLightRelic"],"campfire_rested":0,"item_purchase_floors":[2,2,4,4,37,41],"current_hp_per_floor":[500,500,498,498,498,498,494,481,481,481,481,481,471,471,471,413,514,510,504,504,504,498,490,490,490,490,490,490,474,468,468,468,481,514,514,514,514,497,497,497,497,467,467,448,448,448,421,419,419,421],"gold":669,"neow_bonus":"THREE_SMALL_POTIONS","is_daily":false,"chose_seed":false,"campfire_upgraded":10,"win_rate":0.0,"timestamp":1613123977,"path_taken":["M","$","M","$","?","R","E","M","T","R","E","R","?","E","R","BOSS","M","M","?","$","?","E","R","M","T","R","M","E","?","?","R","BOSS","M","?","$","?","M","R","?","M","T","M","R","M","E","M","R","BOSS"],"items_purchased_type":["Card","Relic","Card","Card","Relic","Relic"],"build_version":"2020-12-22","purchased_purges":0,"victory":true,"max_hp_per_floor":[500,500,500,500,500,500,514,514,514,514,514,514,514,514,514,514,514,514,514,514,514,514,514,514,514,514,514,514,514,514,514,514,514,514,514,514,514,514,514,514,514,514,514,514,514,514,514,514,514,514],"card_choices":[{"not_picked":["GravityBeat","6A"],"picked":"IllusionStar","floor":1},{"not_picked":["DoubleSpark","GrandCross"],"picked":"SuperPerseids","floor":3},{"not_picked":["DarkMatter","DarkSpark"],"picked":"CasketOfStar","floor":5},{"not_picked":["Acceleration","StarBarrage"],"picked":"ShootingEcho","floor":7},{"not_picked":["GravityBeat","ManaConvection"],"picked":"PowerUp","floor":8},{"not_picked":["LuminesStrike","MysteriousBeam"],"picked":"GasGiant","floor":14},{"not_picked":["SatelliteIllusion","EscapeVelocity"],"picked":"SuperNova","floor":16},{"not_picked":["SporeBomb","ShootingEcho+1"],"picked":"OpenUniverse+1","floor":18},{"not_picked":["DeepEcoloBomb+1","PowerUp"],"picked":"Orbital","floor":19},{"not_picked":["DoubleSpark+1","LuminesStrike","6A+1"],"picked":"SKIP","floor":22},{"not_picked":["GalacticHalo","AlicesGift","StarlightTyphoon"],"picked":"SKIP","floor":23},{"not_picked":["GrandCross","NonDirectionalLaser","MagicAbsorber"],"picked":"SKIP","floor":25},{"not_picked":["EnergyFlow","Occultation"],"picked":"IllusionStar+1","floor":28},{"not_picked":["6A","EnergyRecoil+1","RefractionSpark"],"picked":"SKIP","floor":29},{"not_picked":["JA","BlazingStar"],"picked":"UltimateShortwave","floor":33},{"not_picked":["Orbital+1","6A"],"picked":"DarkMatter+1","floor":35},{"not_picked":["6A+1","UnstableBomb"],"picked":"MysteriousBeam+1","floor":38},{"not_picked":["MilkyWay","UnstableBomb"],"picked":"GasGiant","floor":39},{"not_picked":["LuminesStrike+1","DC","Acceleration+1"],"picked":"SKIP","floor":42},{"not_picked":["6A+1","CasketOfStar"],"picked":"IllusionStar+1","floor":44},{"not_picked":["GravityBeat","MagicAbsorber+1","OneTimeOff+1"],"picked":"SKIP","floor":46},{"not_picked":["NonDirectionalLaser+1","AbsoluteMagnitude","GalacticHalo+1"],"picked":"SKIP","floor":47},{"not_picked":["SporeBomb+1","UnstableBomb","MachineGunSpark"],"picked":"SKIP","floor":48}],"player_experience":177758,"relics_obtained":[{"floor":1,"key":"LetterFromLob"},{"floor":7,"key":"Mango"},{"floor":9,"key":"Bag of Marbles"},{"floor":14,"key":"Ccalipers"},{"floor":23,"key":"Bottled Lightning"},{"floor":26,"key":"MagicDraw3"},{"floor":29,"key":"Pantograph"},{"floor":43,"key":"AmplifyWand"},{"floor":47,"key":"SumBook"}],"event_choices":[{"damage_healed":0,"gold_gain":1,"player_choice":"Relic Relic ","damage_taken":10,"max_hp_gain":0,"max_hp_loss":0,"event_name":"betterThird:BetterScrap","floor":13,"gold_loss":0,"cards_obtained":["Hello World"]},{"damage_healed":0,"gold_gain":0,"player_choice":"Ignored","damage_taken":0,"max_hp_gain":0,"max_hp_loss":0,"event_name":"Purifier","floor":20,"gold_loss":0},{"damage_healed":0,"gold_gain":0,"player_choice":"","damage_taken":6,"max_hp_gain":0,"max_hp_loss":0,"event_name":"Knowing Skull","floor":30,"potions_obtained":[],"gold_loss":0,"cards_obtained":[]},{"damage_healed":0,"gold_gain":0,"player_choice":"Ignored","damage_taken":0,"max_hp_gain":0,"max_hp_loss":0,"event_name":"betterNote:BetterNote","floor":31,"gold_loss":0,"cards_obtained":["animator:Wiz"]}],"is_beta":false,"boss_relics":[{"not_picked":["SacredBark","Ectoplasm"],"picked":"ExperimentalFamiliar"},{"not_picked":["Cursed Key","SlaversCollar"],"picked":"BewitchedHakkero"}],"items_purged_floors":[],"is_endless":false,"potions_floor_spawned":[3,7,19,22,25,33,35,39,48],"ascension_level":0}}