{"host":"i1xfvbr0z23eel2z","time":1613104250,"event":{"mods":["2.2 Compatiblity","BaseMod","Colored Map","Curses Come First","Highlight Path","Minty Spire (QoL Compilation)","Permanent Neow","StSLib","Together in Spire"],"gold_per_floor":[110,120,45,61,72,98,110,136,136,136,136,136,148,178,178,276,276,290,290,306,317,317,347,347,375,375,375,408,408,10,20,20,122,122,141,158,158,0,0,26,39,58,58,68,101,61,95,109,109,109],"floor_reached":51,"language":"ENG","playtime":2372,"items_purged":[],"score":919,"play_id":"c5489f5c-56c0-42cf-9292-0e45f35b8efc","local_time":"20210211233050","is_ascension_mode":false,"campfire_choices":[{"floor":10,"key":"REST"},{"data":"Zap","floor":12,"key":"SMITH"},{"floor":15,"key":"REST"},{"floor":29,"key":"REST"},{"floor":32,"key":"REST"},{"floor":49,"key":"REST"}],"circlet_count":0,"master_deck":["Strike_B","Strike_B","Defend_B+1","Defend_B","Defend_B","Defend_B","Zap+1","Dualcast","Go for the Eyes","Darkness","Gash","Coolheaded","Doom and Gloom","Streamline","Beam Cell","Core Surge","Go for the Eyes","Redo","Melter","Ball Lightning","Rip and Tear","Fission","Rainbow","Redo+1","Rainbow","Steam+1","Steam+1","Finesse","Skim+1","Sunder+1","Streamline+1","Conserve Battery+1","Redo+1"],"relics":["Cracked Core","MealTicket","InkBottle","Pantograph","Cables","Gambling Chip","Nuclear Battery","Meat on the Bone","Bottled Flame","Matryoshka","Pocketwatch","Toy Ornithopter","HornCleat","Black Star","Red Mask","Blood Vial","Oddly Smooth Stone","Orichalcum","Lizard Tail","Lantern","Bronze Scales","Emotion Chip","Shuriken","Sundial","Bag of Marbles"],"acts_visited":["Exordium","TheCity","TheBeyond"],"potions_floor_usage":[6,20,21,23,23,25,27,41,42,45,50],"damage_taken":[{"damage":0,"enemies":"Cultist","floor":1,"turns":2},{"damage":3,"enemies":"Jaw Worm","floor":2,"turns":2},{"damage":0,"enemies":"Small Slimes","floor":4,"turns":1},{"damage":9,"enemies":"2 Fungi Beasts","floor":5,"turns":2},{"damage":22,"enemies":"Gremlin Nob","floor":6,"turns":3},{"damage":2,"enemies":"3 Louse","floor":7,"turns":2},{"damage":6,"enemies":"Lagavulin","floor":8,"turns":4},{"damage":7,"enemies":"Blue Slaver","floor":13,"turns":2},{"damage":9,"enemies":"Gremlin Nob","floor":14,"turns":3},{"damage":0,"enemies":"Slime Boss","floor":16,"turns":3},{"damage":1,"enemies":"Chosen","floor":18,"turns":2},{"damage":5,"enemies":"Spheric Guardian","floor":20,"turns":3},{"damage":10,"enemies":"Snake Plant","floor":21,"turns":2},{"damage":6,"enemies":"Gremlin Leader","floor":23,"turns":6},{"damage":37,"enemies":"Slavers","floor":25,"turns":4},{"damage":0,"enemies":"3 Cultists","floor":27,"turns":3},{"damage":23,"enemies":"Book of Stabbing","floor":28,"turns":4},{"damage":9,"enemies":"Centurion and Healer","floor":31,"turns":4},{"damage":51,"enemies":"Automaton","floor":33,"turns":7},{"damage":11,"enemies":"Orb Walker","floor":35,"turns":2},{"damage":6,"enemies":"3 Shapes","floor":36,"turns":2},{"damage":11,"enemies":"Giant Head","floor":40,"turns":6},{"damage":9,"enemies":"Writhing Mass","floor":41,"turns":3},{"damage":5,"enemies":"Jaw Worm Horde","floor":42,"turns":2},{"damage":0,"enemies":"Spire Growth","floor":44,"turns":3},{"damage":7,"enemies":"Reptomancer","floor":45,"turns":4},{"damage":17,"enemies":"Giant Head","floor":47,"turns":5},{"damage":21,"enemies":"4 Shapes","floor":48,"turns":3},{"damage":15,"enemies":"Time Eater","floor":50,"turns":5}],"seed_played":"-8553628604849504632","potions_obtained":[{"floor":2,"key":"SmokeBomb"},{"floor":4,"key":"Explosive Potion"},{"floor":7,"key":"ColorlessPotion"},{"floor":13,"key":"LiquidBronze"},{"floor":20,"key":"Fire Potion"},{"floor":21,"key":"CultistPotion"},{"floor":23,"key":"Weak Potion"},{"floor":28,"key":"SteroidPotion"},{"floor":36,"key":"AttackPotion"},{"floor":40,"key":"Weak Potion"},{"floor":45,"key":"ColorlessPotion"},{"floor":47,"key":"Fire Potion"}],"is_trial":false,"path_per_floor":["M","M","$","M","M","E","M","E","T","R","?","R","M","E","R","B",null,"M","?","M","M","?","E","?","E","T","M","E","R","$","M","R","B",null,"M","M","?","?","T","E","M","M","T","M","E","?","E","M","R","B",null],"character_chosen":"DEFECT","items_purchased":["Darkness","Toy Ornithopter","HornCleat"],"campfire_rested":5,"item_purchase_floors":[3,30,30],"current_hp_per_floor":[75,72,75,75,66,44,42,36,36,58,58,58,51,42,64,75,75,74,74,69,59,45,39,39,14,14,26,15,39,54,45,69,41,80,69,63,63,63,63,54,52,54,54,56,56,56,41,34,58,70],"gold":109,"neow_bonus":"RANDOM_COMMON_RELIC","is_daily":false,"chose_seed":false,"campfire_upgraded":1,"win_rate":0.0,"timestamp":1613104250,"path_taken":["M","M","?","M","M","E","M","E","T","R","?","R","M","E","R","BOSS","M","?","M","M","?","E","?","E","T","M","E","R","$","M","R","BOSS","M","M","?","?","?","E","M","M","T","M","E","?","E","?","R","BOSS"],"items_purchased_type":["Card","Relic","Relic"],"build_version":"2020-12-22","purchased_purges":0,"victory":true,"max_hp_per_floor":[75,75,75,75,75,75,75,75,75,75,75,75,75,75,75,75,75,75,75,75,75,80,80,80,80,80,80,80,80,80,80,80,80,80,80,80,80,80,80,80,80,80,80,80,80,80,80,80,80,80],"card_choices":[{"not_picked":["Coolheaded","Redo"],"picked":"Go for the Eyes","floor":1},{"not_picked":["Hologram","Consume","Compile Driver"],"picked":"SKIP","floor":2},{"not_picked":["White Noise","Reprogram","Compile Driver"],"picked":"SKIP","floor":4},{"not_picked":["Hologram","Defragment"],"picked":"Gash","floor":5},{"not_picked":["Turbo","Scrape","Hologram"],"picked":"SKIP","floor":6},{"not_picked":["Consume","Turbo"],"picked":"Coolheaded","floor":7},{"not_picked":["Cold Snap","Aggregate"],"picked":"Doom and Gloom","floor":8},{"not_picked":["Stack","Coolheaded"],"picked":"Streamline","floor":13},{"not_picked":["BootSequence","Lockon"],"picked":"Beam Cell","floor":14},{"not_picked":["Creative AI","Seek"],"picked":"Core Surge","floor":16},{"not_picked":["Coolheaded","Loop+1"],"picked":"Go for the Eyes","floor":18},{"not_picked":["Ball Lightning","Turbo"],"picked":"Redo","floor":20},{"not_picked":["Rebound","Beam Cell"],"picked":"Melter","floor":21},{"not_picked":["Melter","Genetic Algorithm"],"picked":"Ball Lightning","floor":23},{"not_picked":["Turbo","Undo"],"picked":"Rainbow","floor":25},{"not_picked":["Turbo+1","Gash"],"picked":"Redo","floor":28},{"not_picked":["Turbo","Streamline","Go for the Eyes"],"picked":"SKIP","floor":31},{"not_picked":["Thunder Strike","Amplify"],"picked":"Rainbow","floor":33},{"not_picked":["Gash","Hologram+1"],"picked":"Steam+1","floor":35},{"not_picked":["Sweeping Beam","Stack"],"picked":"Steam+1","floor":36},{"not_picked":["Mayhem","Trip"],"picked":"Finesse","floor":37},{"not_picked":["Seek","Gash+1"],"picked":"Skim+1","floor":40},{"not_picked":["Hologram+1","Gash"],"picked":"Sunder+1","floor":41},{"not_picked":["Compile Driver","Cold Snap"],"picked":"Streamline+1","floor":42},{"not_picked":["Double Energy+1","Coolheaded","Sweeping Beam"],"picked":"SKIP","floor":44},{"not_picked":["Loop+1","Genetic Algorithm"],"picked":"Conserve Battery+1","floor":45},{"not_picked":["Lockon+1","Coolheaded","Skim"],"picked":"SKIP","floor":47},{"not_picked":["Hologram","Streamline"],"picked":"Redo+1","floor":48}],"player_experience":95844,"relics_obtained":[{"floor":6,"key":"InkBottle"},{"floor":8,"key":"Pantograph"},{"floor":9,"key":"Cables"},{"floor":14,"key":"Gambling Chip"},{"floor":23,"key":"Meat on the Bone"},{"floor":25,"key":"Bottled Flame"},{"floor":26,"key":"Matryoshka"},{"floor":28,"key":"Pocketwatch"},{"floor":39,"key":"Blood Vial"},{"floor":39,"key":"Oddly Smooth Stone"},{"floor":40,"key":"Orichalcum"},{"floor":40,"key":"Lizard Tail"},{"floor":43,"key":"Lantern"},{"floor":43,"key":"Bronze Scales"},{"floor":45,"key":"Emotion Chip"},{"floor":45,"key":"Shuriken"},{"floor":47,"key":"Sundial"},{"floor":47,"key":"Bag of Marbles"}],"event_choices":[{"damage_healed":0,"gold_gain":0,"player_choice":"Ignored","damage_taken":0,"max_hp_gain":0,"max_hp_loss":0,"event_name":"Shining Light","floor":11,"gold_loss":0},{"damage_healed":0,"gold_gain":0,"player_choice":"Ignored","damage_taken":0,"max_hp_gain":0,"max_hp_loss":0,"event_name":"Ghosts","floor":19,"gold_loss":0},{"damage_healed":0,"gold_gain":0,"player_choice":"Shed Blood","damage_taken":19,"max_hp_gain":5,"max_hp_loss":0,"event_name":"Forgotten Altar","floor":22,"gold_loss":0},{"damage_healed":0,"gold_gain":0,"cards_transformed":["Strike_B","Strike_B"],"player_choice":"Became Test Subject","damage_taken":0,"max_hp_gain":0,"max_hp_loss":0,"event_name":"Drug Dealer","floor":24,"gold_loss":0,"cards_obtained":["Rip and Tear","Fission"]},{"damage_healed":0,"gold_gain":0,"player_choice":"Memory 1","damage_taken":0,"max_hp_gain":0,"max_hp_loss":0,"event_name":"SensoryStone","floor":37,"gold_loss":0},{"damage_healed":0,"gold_gain":0,"player_choice":"Paid","damage_taken":0,"relics_obtained":["Red Mask"],"max_hp_gain":0,"max_hp_loss":0,"event_name":"Tomb of Lord Red Mask","floor":38,"gold_loss":158},{"damage_healed":0,"gold_gain":0,"player_choice":"Upgraded Two","damage_taken":0,"max_hp_gain":0,"max_hp_loss":0,"event_name":"Designer","floor":46,"gold_loss":40,"cards_upgraded":["Defend_B","Redo"]}],"is_beta":false,"boss_relics":[{"not_picked":["Cursed Key","Coffee Dripper"],"picked":"Nuclear Battery"},{"not_picked":["SacredBark","SlaversCollar"],"picked":"Black Star"}],"items_purged_floors":[],"is_endless":false,"potions_floor_spawned":[2,4,7,13,16,20,21,23,28,36,40,45,47],"ascension_level":0}}