{"host":"0kk91h4bq4kgfj0u","time":1613145085,"event":{"mods":["BaseMod","Bestiary","Block Reminder","Colored Map","Colored Powertips","Curses Come First","Downfall","Highlight Path","Minty Spire (QoL Compilation)","Relic Stats","StSLib"],"gold_per_floor":[99,118,118,218,2,18,45,55,86,86,105,123,123,135,153,153,153,153],"floor_reached":16,"language":"ENG","playtime":708,"items_purged":[],"score":104,"play_id":"88a957c0-59ab-4fdb-8dd2-6e80808019bc","local_time":"20210212105125","is_ascension_mode":false,"campfire_choices":[{"floor":1,"key":"RECALL"},{"floor":10,"key":"REST"}],"circlet_count":0,"master_deck":["bronze:Strike","bronze:Strike","bronze:Strike","bronze:Strike","bronze:Defend","bronze:Defend","bronze:Defend","bronze:Defend","bronze:Replicate","bronze:Goto","Panacea","bronze:Boost","bronze:CutThrough","bronze:Flail","bronze:BugBarrage","bronze:CloningBeam","bronze:Fortify","bronze:DelayedGuard","bronze:WhirlingStrike","bronze:BuggyMess","bronze:OilSpill","bronze:Optimize","bronze:OilSpill"],"relics":["bronze:BronzeCore","The Courier","Blood Vial","Bottled Lightning"],"acts_visited":["Exordium"],"potions_floor_usage":[15,16,16],"damage_taken":[{"damage":12,"enemies":"2 Louse","floor":2,"turns":3},{"damage":5,"enemies":"downfall:FleeingMerchant","floor":5,"turns":4},{"damage":6,"enemies":"Jaw Worm","floor":6,"turns":3},{"damage":0,"enemies":"Small Slimes","floor":8,"turns":3},{"damage":13,"enemies":"3 Sentries","floor":9,"turns":8},{"damage":0,"enemies":"3 Louse","floor":11,"turns":2},{"damage":0,"enemies":"Blue Slaver","floor":12,"turns":5},{"damage":0,"enemies":"2 Fungi Beasts","floor":14,"turns":4},{"damage":34,"enemies":"Gremlin Gang","floor":15,"turns":5},{"damage":51,"enemies":"WA_ARCHETYPE_RETAIN","floor":16,"turns":7}],"seed_played":"4489395517635428661","potions_obtained":[{"floor":8,"key":"GamblersBrew"},{"floor":11,"key":"SneckoOil"},{"floor":14,"key":"Swift Potion"},{"floor":15,"key":"AttackPotion"}],"is_trial":false,"path_per_floor":["R","M","?","?","$","M","T","M","E","R","M","M","?","M","M","B"],"character_chosen":"THE_AUTOMATON","items_purchased":["bronze:CutThrough","bronze:Flail","bronze:BugBarrage","bronze:CloningBeam"],"campfire_rested":1,"item_purchase_floors":[5,5,5,5],"current_hp_per_floor":[70,58,51,51,46,40,40,42,31,52,54,56,61,63,31,0,0,0],"gold":153,"neow_bonus":"RANDOM_COLORLESS","is_daily":false,"chose_seed":false,"campfire_upgraded":0,"win_rate":0.0,"timestamp":1613145085,"path_taken":["R","M","?","?","?","M","T","M","E","R","M","M","?","M","M","BOSS"],"items_purchased_type":["Card","Card","Card","Card"],"build_version":"2020-12-22","purchased_purges":0,"victory":false,"max_hp_per_floor":[70,70,70,70,70,70,70,70,70,70,70,70,75,75,75,75,75,75],"relic_stats":{"Blood Vial":14,"counters":[10,44],"obtain_stats":[{"Blood Vial":7,"bronze:BronzeCore":0,"The Courier":3,"Bottled Lightning":9},{"Blood Vial":3,"bronze:BronzeCore":0,"The Courier":1,"Bottled Lightning":5},{"Blood Vial":10,"bronze:BronzeCore":0,"The Courier":3,"Bottled Lightning":21}]},"card_choices":[{"not_picked":["Bandage Up","Madness"],"picked":"Panacea","floor":0},{"not_picked":["bronze:Constructor","bronze:BuggyMess"],"picked":"bronze:Boost","floor":2},{"not_picked":["bronze:WildBeam","bronze:Boost","bronze:ForLoop"],"picked":"SKIP","floor":5},{"not_picked":["bronze:Repair","bronze:Philosophize"],"picked":"bronze:Fortify","floor":6},{"not_picked":["bronze:ForLoop","bronze:Invalidate"],"picked":"bronze:DelayedGuard","floor":8},{"not_picked":["bronze:Repair","bronze:Return"],"picked":"bronze:WhirlingStrike","floor":9},{"not_picked":["bronze:BitShift","bronze:Shield"],"picked":"bronze:BuggyMess","floor":11},{"not_picked":["bronze:ItsAFeature","bronze:WildBeam"],"picked":"bronze:OilSpill","floor":12},{"not_picked":["bronze:WildBeam","bronze:DelayedSlice"],"picked":"bronze:Optimize","floor":14},{"not_picked":["bronze:Format","bronze:Invalidate"],"picked":"bronze:OilSpill","floor":15}],"player_experience":928766,"relics_obtained":[{"floor":7,"key":"Blood Vial"},{"floor":9,"key":"Bottled Lightning"}],"event_choices":[{"damage_healed":0,"gold_gain":0,"player_choice":"Success","damage_taken":7,"relics_obtained":["The Courier"],"max_hp_gain":0,"max_hp_loss":0,"event_name":"Scrap Ooze","floor":3,"gold_loss":0},{"damage_healed":0,"gold_gain":0,"player_choice":"Donut","damage_taken":0,"max_hp_gain":5,"max_hp_loss":0,"event_name":"Big Fish","floor":13,"gold_loss":0}],"is_beta":false,"boss_relics":[],"items_purged_floors":[],"is_endless":false,"potions_floor_spawned":[8,11,14,15],"killed_by":"WA_ARCHETYPE_RETAIN","ascension_level":0}}