{"host":"q349ucdsdrgdzjwk","time":1613155538,"event":{"mods":["2.2 Compatiblity","A Penny For Your Troubles","AchievementEnabler","BaseMod","Beaked The Cultist","Better Altar","Better Match","Better Note","Better Skull","Better Third Choice","BetterRewards","Displayed Cursed Tome","Downfall","Friendly Minions","Googly Eyes","Gremlin Mod","Hermit","Hubris","Infinite Spire","Marisa????????","Minty Spire (QoL Compilation)","Permanent Neow","Relic Filter Mod","Reliquary","Replay The Spire","Robot Space Explorer","Shop Mod","Spire Arcade","StSLib","The Construct","The Cursed","The Disciple","The Marked","The Necromancer","The Servant 0.9.4","TheVacant","Transform Curses"],"gold_per_floor":[17,44,64,19,19,19,33,63,63,93,139,172,172,182,38,72,72,172,172,186,197,197,214,233,262,262,287,337,352,366,366,71,83,83,183,383,394,98,108,119,129,156,156,156,166,201,201,201,227,227,252,262,262,313],"floor_reached":55,"language":"ENG","playtime":2937,"items_purged":[],"score":1613,"play_id":"1fd682fc-2346-47d1-9a3f-1f19e98f9c90","local_time":"20210212184538","is_ascension_mode":true,"campfire_choices":[{"data":"Pot Of Greed","floor":9,"key":"SMITH"},{"floor":17,"key":"REST"},{"data":"Replay:Many Hands","floor":26,"key":"SMITH"},{"data":"Seeing Red","floor":34,"key":"SMITH"},{"data":"Pot Of Greed","floor":50,"key":"SMITH"},{"data":"Corruption","floor":53,"key":"PURGE"}],"circlet_count":0,"master_deck":["Bash","Panache+1","Pommel Strike","Inflame","Clash","Pot Of Greed+1","Pot Of Greed","Flex","Offering","Rage","Reaper","Spot Weakness","ReplayTheSpireMod:Corrosion Curse","Defy Death","Blood for Blood","Berserk","Replay:Many Hands+1","Offering","Pot Of Greed+1","Seeing Red+1","Warcry+1","Infernal Blade","Pummel","Pummel","hermit:EyeOfTheStorm","Limit Break","ReplayTheSpireMod:Splinters","hubris:Lust","Pot Of Greed","ReplayTheSpireMod:Compounding Headache","Warcry","Replay:Undeath\u0027s Touch+1","Body Slam+1","Rage+1","Berserk","Warcry+1"],"relics":["Burning Blood","Blood Vial","Grinning Jar","King of Hearts","hubris:GlazedTorus","Tiny Chest","Brimstone","reliquary:PrincelyHelmet","Pandora\u0027s Box","Letter Opener","Question Card","Replay:Baseball","hubris:Potato","Replay:Ancient Bell","reliquary:Crutches","hubris:MobiusCoin","Unceasing Top","reliquary:BrokenClock","Nunchaku","reliquary:Aerogel","Shuriken","Torii","Replay:Rubber Ducky","White Beast Statue","Ornamental Fan"],"acts_visited":["Exordium","TheCity","TheBeyond"],"potions_floor_usage":[8,10,21,21,23,35,35,41,41,41,45,51,52,54,54],"damage_taken":[{"damage":11,"enemies":"Cultist","floor":1,"turns":4},{"damage":27,"enemies":"infinitespire:Voidling","floor":3,"turns":4},{"damage":4,"enemies":"Jaw Worm","floor":7,"turns":4},{"damage":10,"enemies":"3 Sentries","floor":8,"turns":6},{"damage":6,"enemies":"Replay:BlueRogue","floor":10,"turns":4},{"damage":23,"enemies":"3 Sentries","floor":12,"turns":6},{"damage":13,"enemies":"3 Louse","floor":14,"turns":3},{"damage":13,"enemies":"Replay:BlueRogue","floor":16,"turns":2},{"damage":6,"enemies":"Slime Boss","floor":18,"turns":3},{"damage":12,"enemies":"Spheric Guardian","floor":20,"turns":2},{"damage":6,"enemies":"3 Byrds","floor":21,"turns":2},{"damage":28,"enemies":"Centurion and Healer","floor":23,"turns":3},{"damage":12,"enemies":"Snake Plant","floor":24,"turns":1},{"damage":12,"enemies":"Replay:Snechameleon","floor":25,"turns":2},{"damage":12,"enemies":"Slavers","floor":27,"turns":2},{"damage":6,"enemies":"Shelled Parasite and Fungi","floor":29,"turns":2},{"damage":18,"enemies":"3 Cultists","floor":30,"turns":3},{"damage":0,"enemies":"Centurion and Healer","floor":33,"turns":2},{"damage":0,"enemies":"Collector","floor":35,"turns":3},{"damage":10,"enemies":"3 Shapes","floor":37,"turns":2},{"damage":0,"enemies":"3 Darklings","floor":39,"turns":2},{"damage":75,"enemies":"Writhing Mass","floor":40,"turns":3},{"damage":0,"enemies":"4 Shapes","floor":41,"turns":2},{"damage":44,"enemies":"Giant Head","floor":42,"turns":3},{"damage":0,"enemies":"Spire Growth","floor":45,"turns":2},{"damage":0,"enemies":"Reptomancer","floor":46,"turns":2},{"damage":0,"enemies":"Giant Head","floor":49,"turns":2},{"damage":0,"enemies":"R_Hoarder","floor":51,"turns":2},{"damage":78,"enemies":"Transient","floor":52,"turns":5},{"damage":18,"enemies":"infinitespire:MassOfShapes","floor":54,"turns":3}],"seed_played":"-4466903454830290773","potions_obtained":[{"floor":3,"key":"Elixir"},{"floor":8,"key":"SkillPotion"},{"floor":12,"key":"Ancient Potion"},{"floor":16,"key":"Energy Potion"},{"floor":18,"key":"Strength Potion"},{"floor":20,"key":"DistilledChaos"},{"floor":21,"key":"Explosive Potion"},{"floor":29,"key":"Elixir"},{"floor":30,"key":"Dexterity Potion"},{"floor":35,"key":"LifebloodPotion"},{"floor":40,"key":"AttackPotion"},{"floor":41,"key":"Ancient Potion"},{"floor":45,"key":"Energy Potion"},{"floor":49,"key":"Swift Potion"},{"floor":51,"key":"infinitespire:BlackPotion"},{"floor":52,"key":"Slimebound:ThreeZeroPotion"}],"is_trial":false,"path_per_floor":["M","T","M","$","PTL","PTL","M","E","R","E","T","E","?","M","$","E","R","B",null,"M","M","?","M","M","E","R","E","T","M","M","?","$","M","R","B",null,"M","$","M","M","M","E","PTL","PTL","M","E","T","T","E","R","E","M","R","B",null],"character_chosen":"IRONCLAD","items_purchased":["Clash","Brimstone","hubris:Potato","reliquary:BrokenClock","Nunchaku"],"campfire_rested":1,"item_purchase_floors":[4,15,32,38,38],"current_hp_per_floor":[67,67,57,57,57,57,61,59,59,61,61,46,30,25,25,20,44,46,72,68,80,80,80,74,80,80,74,74,76,68,68,68,80,80,80,80,76,76,80,11,19,22,22,22,44,52,52,52,66,66,74,8,8,67],"gold":313,"neow_bonus":"RANDOM_COLORLESS_2","is_daily":false,"chose_seed":false,"campfire_upgraded":4,"win_rate":0.0,"timestamp":1613155538,"path_taken":["M","?","?","$","PTL","PTL","M","E","R","E","T","E","?","M","$","E","R","BOSS","M","M","?","M","M","E","R","E","T","M","M","?","$","M","R","BOSS","M","$","M","M","M","E","PTL","PTL","M","E","T","?","E","R","E","M","R","BOSS"],"items_purchased_type":["Card","Relic","Relic","Relic","Relic"],"build_version":"2020-12-22","purchased_purges":0,"victory":true,"max_hp_per_floor":[80,80,80,80,80,80,80,80,80,80,80,80,80,80,80,80,80,80,80,80,80,80,80,80,80,80,80,80,80,80,80,80,80,80,80,80,80,80,80,80,80,80,80,80,80,80,80,80,80,80,80,80,80,80],"card_choices":[{"not_picked":["Secret Technique","Master of Strategy"],"picked":"Panache","floor":0},{"not_picked":["Perfected Strike","Flex"],"picked":"Pommel Strike","floor":1},{"not_picked":["Perfected Strike","Armaments"],"picked":"Inflame","floor":3},{"not_picked":["Run Through","Abandon","Flame Barrier"],"picked":"SKIP","floor":7},{"not_picked":["Sword Boomerang","Thunderclap"],"picked":"Flex","floor":8},{"not_picked":["Whirlwind","ReplayTheSpireMod:Limb From Limb","Anger"],"picked":"SKIP","floor":10},{"not_picked":["Abandon","Shrug It Off","ReplayReversal"],"picked":"SKIP","floor":12},{"not_picked":["Thunderclap","hubris:CleavingFinish"],"picked":"Offering","floor":14},{"not_picked":["Ghostly Armor","ReplayTheSpireMod:Strike From Hell"],"picked":"Rage","floor":16},{"not_picked":["Berserk","Bludgeon"],"picked":"Reaper","floor":18},{"not_picked":["Anger","True Grit"],"picked":"Seeing Red","floor":20},{"not_picked":["Sever Soul","Iron Wave"],"picked":"Warcry+1","floor":21},{"not_picked":["Searing Blow+1","Burning Pact","Cleave"],"picked":"SKIP","floor":23},{"not_picked":["Iron Wave+1","Anger","Armaments"],"picked":"SKIP","floor":24},{"not_picked":["ReplayReversal+1","Impervious"],"picked":"Pummel","floor":25},{"not_picked":["Cleave","Iron Wave+1","Defy Death"],"picked":"SKIP","floor":27},{"not_picked":["Clash","Run Through+1","Pommel Strike","Twin Strike+1"],"picked":"SKIP","floor":29},{"not_picked":["Spot Weakness+1","Cleave+1","Armaments"],"picked":"Pummel","floor":30},{"not_picked":["Feel No Pain","Carnage","Sword Boomerang","Rage"],"picked":"SKIP","floor":33},{"not_picked":["Double Tap","Reaper","Demonic Infusion"],"picked":"Limit Break","floor":35},{"not_picked":["Doubt","Clumsy","Spreading Infection"],"picked":"ReplayTheSpireMod:Splinters","floor":36},{"not_picked":["downfall:Bewildered","hubris:Disease","Amnesia"],"picked":"hubris:Lust","floor":36},{"not_picked":["Looming Evil","infinitespire:Pacifist","Decay"],"picked":"ReplayTheSpireMod:Compounding Headache","floor":36},{"not_picked":["Run Through","Evolve","ReplayTheSpireMod:Stacked+1","Power Through"],"picked":"SKIP","floor":37},{"not_picked":["Clash","Seeing Red","Power Through","Perfected Strike"],"picked":"SKIP","floor":39},{"not_picked":["Spot Weakness+1","Juggernaut","True Grit+1"],"picked":"Warcry","floor":40},{"not_picked":["Clash+1","Clothesline","Dropkick+1"],"picked":"Replay:Undeath\u0027s Touch+1","floor":41},{"not_picked":["Thunderclap+1","Heavy Blade+1","Body Slam+1","Clothesline"],"picked":"SKIP","floor":42},{"not_picked":["Thunderclap+1","Heavy Blade+1","Clothesline"],"picked":"Body Slam+1","floor":42},{"not_picked":["Run Through+1","Clash+1","Hemogenesis","Headbutt+1"],"picked":"SKIP","floor":45},{"not_picked":["Flex+1","Carnage+1","ReplayTheSpireMod:Strike From Hell"],"picked":"Rage+1","floor":46},{"not_picked":["Wild Strike","ReplayTheSpireMod:Stacked","Twin Strike+1"],"picked":"Berserk","floor":49},{"not_picked":["Havoc+1","hubris:StunningStrike","Iron Wave","Bludgeon"],"picked":"SKIP","floor":51},{"not_picked":["Heavy Blade","Power Through","Pommel Strike"],"picked":"Warcry+1","floor":52}],"player_experience":465151,"relics_obtained":[{"floor":2,"key":"Blood Vial"},{"floor":8,"key":"Grinning Jar"},{"floor":10,"key":"King of Hearts"},{"floor":11,"key":"reliquary:FerryPass"},{"floor":12,"key":"hubris:GlazedTorus"},{"floor":12,"key":"Tiny Chest"},{"floor":16,"key":"reliquary:PrincelyHelmet"},{"floor":25,"key":"Letter Opener"},{"floor":27,"key":"Question Card"},{"floor":28,"key":"Replay:Baseball"},{"floor":42,"key":"reliquary:Aerogel"},{"floor":46,"key":"Shuriken"},{"floor":47,"key":"Torii"},{"floor":48,"key":"Replay:Rubber Ducky"},{"floor":49,"key":"White Beast Statue"},{"floor":51,"key":"Ornamental Fan"}],"event_choices":[{"damage_healed":46,"gold_gain":0,"player_choice":"Upgrade","damage_taken":16,"max_hp_gain":0,"max_hp_loss":80,"event_name":"betterThird:BetterShining","floor":13,"gold_loss":0,"cards_upgraded":["Panache","Strike_R"]},{"damage_healed":0,"gold_gain":0,"cards_transformed":["Perfected Strike"],"player_choice":"Transformed","damage_taken":0,"max_hp_gain":0,"max_hp_loss":0,"event_name":"Transmorgrifier","floor":22,"gold_loss":0,"cards_obtained":["Infernal Blade"]},{"cards_removed":["Pot Of Greed"],"damage_healed":0,"gold_gain":0,"player_choice":"Take \u0026 Give","damage_taken":0,"max_hp_gain":0,"max_hp_loss":0,"event_name":"betterNote:BetterNote","floor":31,"gold_loss":0,"cards_obtained":["hermit:EyeOfTheStorm"]}],"is_beta":false,"boss_relics":[{"not_picked":["Fusion Hammer","Runic Dome"],"picked":"Pandora\u0027s Box"},{"not_picked":["reliquary:KinkedSpring","bronze:MakeshiftBattery"],"picked":"Replay:Ancient Bell"},{"not_picked":["hubris:SlimyHat","reliquary:TuningFork"],"picked":"reliquary:Crutches"},{"not_picked":["Replay:Bottled Snecko","Meat on the Bone"],"picked":"hubris:MobiusCoin"},{"not_picked":["Prayer Wheel","construct:BoolHorns"],"picked":"Unceasing Top"}],"items_purged_floors":[],"is_endless":false,"potions_floor_spawned":[3,8,12,16,18,20,21,29,30,35,40,41,45,49,51,52],"ascension_level":7}}