{"host":"4tnjxquzd1sn7hrw","time":1613118389,"event":{"mods":["BaseMod","Colored Map","Downfall","Hubris","Minty Spire (QoL Compilation)","Quick Restart","StSLib"],"gold_per_floor":[99,113,288,300,21,51,51,151,182,182,197,197,197,231,244,342,342,242,256,256,356,374,374,374,390,408,436,172,172,201,213,310,310,310,328,376,376,394,727,727,394,509,535,435,71,153,185,148,148],"floor_reached":51,"language":"ENG","playtime":3215,"items_purged":["Doubt","downfall:Aged","champ:Defend"],"score":1159,"play_id":"1db29d14-0814-4b58-8352-2eaf770803c2","local_time":"20210212172629","is_ascension_mode":true,"campfire_choices":[{"data":"champ:Taunt","floor":1,"key":"SMITH"},{"data":"champ:FanOfKnives","floor":13,"key":"SMITH"},{"data":"champ:RapidStrikes","floor":18,"key":"SMITH"},{"data":"champ:ShieldSigil","floor":25,"key":"SMITH"},{"data":"champ:ArenaPreparation","floor":30,"key":"SMITH"},{"floor":35,"key":"RECALL"},{"data":"champ:Strike","floor":45,"key":"PURGE"}],"circlet_count":0,"master_deck":["champ:Strike","champ:Strike","champ:Strike","champ:Defend","champ:Defend","champ:Defend","champ:Execute","champ:Taunt+1","champ:FaceSlap","champ:BringItOn","champ:AdrenalArmor","champ:CrookedStrike","champ:RapidStrikes+1","champ:ArenaPreparation+1","champ:FanOfKnives+1","champ:Haymaker","champ:TripleStrike","champ:BerserkersShout","CurseOfTheBell","CurseOfTheBell","champ:MurderStrike","champ:ShieldSigil+1","champ:Endure","champ:RageSigil+1","champ:TripleStrike","champ:ShieldSigil+1","champ:HeartStrike","champ:Encircle+1","champ:BerserkerStyle+1","champ:EndlessRage+1","champ:RisingSlash+1","champ:StanceDance","champ:BerserkerStyle","champ:RisingSlash+1","champ:PerfectedStrike"],"relics":["Runic Dome","Toolbox","Sundial","hubris:OldNail","FossilizedHelix","hubris:Icosahedron","hubris:Teleporter","Black Star","downfall:HeartBlessingGreen","downfall:ExtraCursedBell","Bronze Scales","hubris:MysteriousPyramids","Bird Faced Urn","Pear","MealTicket","hubris:TenFootPole","Toy Ornithopter","Unceasing Top","Boot","hubris:CrackedHourglass","Peace Pipe","champ:FightingForDummies","Old Coin","champ:SpectersHand","Oddly Smooth Stone","Bottled Flame","downfall:HeartBlessingRed","hubris:EmptyBottle","Potion Belt","Darkstone Periapt","Pantograph","champ:DefensiveTrainingManual"],"acts_visited":["Exordium","TheCity","TheBeyond"],"potions_floor_usage":[6,6,9,14,16,28,31,33,37,40,48,50,50,50,50,50,50],"damage_taken":[{"damage":5,"enemies":"Cultist","floor":2,"turns":4},{"damage":35,"enemies":"Jaw Worm","floor":4,"turns":4},{"damage":20,"enemies":"downfall:FleeingMerchant","floor":5,"turns":4},{"damage":10,"enemies":"Gremlin Nob","floor":6,"turns":2},{"damage":30,"enemies":"3 Sentries","floor":9,"turns":4},{"damage":0,"enemies":"Small Slimes","floor":11,"turns":3},{"damage":15,"enemies":"Lagavulin","floor":14,"turns":2},{"damage":15,"enemies":"Exordium Wildlife","floor":15,"turns":2},{"damage":56,"enemies":"SI_SHIV_ARCHETYPE","floor":16,"turns":5},{"damage":20,"enemies":"Spheric Guardian","floor":19,"turns":2},{"damage":46,"enemies":"Centurion and Healer","floor":23,"turns":4},{"damage":0,"enemies":"Chosen and Byrds","floor":26,"turns":2},{"damage":32,"enemies":"Snake Plant","floor":27,"turns":2},{"damage":74,"enemies":"Book of Stabbing","floor":28,"turns":4},{"damage":60,"enemies":"downfall:FleeingMerchant","floor":29,"turns":4},{"damage":65,"enemies":"Slavers","floor":31,"turns":2},{"damage":67,"enemies":"Cultist and Chosen","floor":32,"turns":3},{"damage":109,"enemies":"DF_ARCHETYPE_CLAW","floor":33,"turns":5},{"damage":15,"enemies":"3 Shapes","floor":36,"turns":2},{"damage":72,"enemies":"2 Orb Walkers","floor":37,"turns":4},{"damage":56,"enemies":"Orb Walker","floor":39,"turns":2},{"damage":95,"enemies":"Reptomancer","floor":40,"turns":4},{"damage":60,"enemies":"4 Shapes","floor":43,"turns":3},{"damage":75,"enemies":"Nemesis","floor":44,"turns":3},{"damage":40,"enemies":"downfall:FleeingMerchant","floor":46,"turns":1},{"damage":49,"enemies":"Reptomancer","floor":48,"turns":1},{"damage":87,"enemies":"3 Darklings","floor":49,"turns":4},{"damage":193,"enemies":"IC_BLOCK_ARCHETYPE","floor":50,"turns":5}],"seed_played":"2667759867672846832","potions_obtained":[{"floor":2,"key":"EntropicBrew"},{"floor":6,"key":"hexamod:SoulburnPotion"},{"floor":14,"key":"Weak Potion"},{"floor":15,"key":"FairyPotion"},{"floor":19,"key":"SpeedPotion"},{"floor":28,"key":"DuplicationPotion"},{"floor":31,"key":"SteroidPotion"},{"floor":32,"key":"LiquidMemories"},{"floor":36,"key":"Energy Potion"},{"floor":40,"key":"champ:TechniquePotion"},{"floor":43,"key":"Ancient Potion"}],"is_trial":false,"path_per_floor":["R","M","?","M","$","E","T","?","E","?","M","?","R","E","M","B",null,"R","M","?","?","M","T","R","M","M","E","$","R","E","M","B",null,"R","M","?","?","M","E","T","?","M","E","R","$","?","E","M","B",null],"character_chosen":"THE_CHAMP","items_purchased":["champ:CrookedStrike","Toolbox","Toy Ornithopter","champ:BerserkerStyle","hubris:EmptyBottle","DuplicationPotion","Potion Belt","DuplicationPotion","Swift Potion"],"campfire_rested":0,"item_purchase_floors":[5,5,29,46,46,46,46,46,46],"current_hp_per_floor":[90,90,90,80,80,80,80,80,70,70,80,80,80,85,90,64,90,90,90,90,90,84,94,94,99,92,58,78,78,68,73,66,100,100,100,83,83,72,85,85,113,98,86,86,110,110,113,113,111],"gold":148,"neow_bonus":"BOSS_RELIC","is_daily":false,"chose_seed":false,"campfire_upgraded":5,"win_rate":0.0,"timestamp":1613118389,"path_taken":["R","M","?","M","$","E","T","?","E","?","M","?","R","E","M","BOSS","R","M","?","?","?","T","R","?","M","E","$","R","E","M","BOSS","R","M","?","?","M","E","T","?","M","E","R","$","?","E","M","BOSS"],"items_purchased_type":["Card","Relic","Relic","Card","Relic","Potion","Relic","Potion","Potion"],"build_version":"2020-12-22","purchased_purges":3,"victory":true,"max_hp_per_floor":[90,90,90,90,90,90,90,90,90,90,90,90,90,90,90,90,90,90,90,90,90,90,100,100,100,100,100,100,100,100,100,100,100,100,100,100,100,100,100,100,113,113,113,113,113,113,113,113,113],"card_choices":[{"not_picked":["champ:ShieldSigil","champ:BringItOn"],"picked":"champ:FaceSlap","floor":2},{"not_picked":["champ:PerfectedStrike","champ:ShieldSigil"],"picked":"champ:BringItOn","floor":4},{"not_picked":["champ:FancyFootwork","champ:ShieldSigil"],"picked":"champ:AdrenalArmor","floor":5},{"not_picked":["champ:ShieldWall","champ:EnGarde"],"picked":"champ:RapidStrikes","floor":6},{"not_picked":["champ:HoldFirm","champ:Backstep"],"picked":"champ:ArenaPreparation","floor":9},{"not_picked":["champ:DeathBlow","champ:TornadoPunch"],"picked":"champ:FanOfKnives","floor":11},{"not_picked":["champ:BladeFlurry","champ:FocusedBerserking"],"picked":"champ:Haymaker","floor":14},{"not_picked":["champ:BladeFlurry","champ:DefensiveShout","champ:Haymaker"],"picked":"SKIP","floor":15},{"not_picked":["champ:DancingMaster","champ:SteelEdge"],"picked":"champ:TripleStrike","floor":16},{"not_picked":["champ:DefensiveShout","champ:IronFortress"],"picked":"champ:BerserkersShout","floor":19},{"not_picked":["champ:EnGarde","champ:BerserkersShout"],"picked":"champ:ShieldSigil","floor":23},{"not_picked":["champ:EnchantShield","champ:CrookedStrike"],"picked":"champ:Endure","floor":26},{"not_picked":["champ:Haymaker","champ:Backstep","champ:ShieldSlam+1"],"picked":"SKIP","floor":27},{"not_picked":["champ:Backstep+1","champ:EnGarde"],"picked":"champ:RageSigil+1","floor":28},{"not_picked":["champ:Duel","champ:DefensiveShout","champ:GutPunch"],"picked":"SKIP","floor":29},{"not_picked":["champ:PreciseThrust","champ:BerserkersShout","champ:DefensiveShout"],"picked":"SKIP","floor":31},{"not_picked":["champ:EnGarde+1","champ:GutPunch","champ:Parry"],"picked":"SKIP","floor":32},{"not_picked":["champ:HoldFirm","champ:VampiricStrike"],"picked":"champ:TripleStrike","floor":33},{"not_picked":["champ:GutPunch+1","champ:Duel","champ:BringItOn"],"picked":"SKIP","floor":36},{"not_picked":["champ:FancyFootwork+1","champ:IronFortress"],"picked":"champ:ShieldSigil+1","floor":37},{"not_picked":["champ:EnGarde+1","champ:PreciseThrust"],"picked":"champ:Encircle+1","floor":39},{"not_picked":["champ:SwordSigil+1","champ:RecklessLeap+1"],"picked":"champ:BerserkerStyle+1","floor":40},{"not_picked":["champ:FlashCut","champ:PerfectedStrike"],"picked":"champ:EndlessRage+1","floor":43},{"not_picked":["champ:FocusedDefense+1","champ:FanOfKnives+1"],"picked":"champ:RisingSlash+1","floor":44},{"not_picked":["champ:Duel","champ:EnGarde+1"],"picked":"champ:StanceDance","floor":46},{"not_picked":["champ:Backstep","champ:LastStand"],"picked":"champ:RisingSlash+1","floor":48},{"not_picked":["champ:FaceSlap+1","champ:BerserkersShout+1"],"picked":"champ:PerfectedStrike","floor":49}],"player_experience":537199,"relics_obtained":[{"floor":6,"key":"Sundial"},{"floor":7,"key":"hubris:OldNail"},{"floor":9,"key":"FossilizedHelix"},{"floor":14,"key":"hubris:Teleporter"},{"floor":21,"key":"Bronze Scales"},{"floor":21,"key":"hubris:MysteriousPyramids"},{"floor":21,"key":"Bird Faced Urn"},{"floor":24,"key":"Pear"},{"floor":28,"key":"MealTicket"},{"floor":28,"key":"hubris:TenFootPole"},{"floor":31,"key":"Unceasing Top"},{"floor":31,"key":"Boot"},{"floor":37,"key":"Peace Pipe"},{"floor":40,"key":"champ:FightingForDummies"},{"floor":40,"key":"Old Coin"},{"floor":41,"key":"champ:SpectersHand"},{"floor":44,"key":"Oddly Smooth Stone"},{"floor":44,"key":"Bottled Flame"},{"floor":47,"key":"Darkstone Periapt"},{"floor":48,"key":"Pantograph"},{"floor":48,"key":"champ:DefensiveTrainingManual"}],"event_choices":[{"damage_healed":0,"gold_gain":0,"player_choice":"Fight","damage_taken":0,"max_hp_gain":0,"max_hp_loss":0,"event_name":"Mysterious Sphere","floor":37,"gold_loss":0}],"is_beta":false,"boss_relics":[{"not_picked":["expansioncontent:StudyCardRelic","champ:PowerArmor"],"picked":"Black Star"},{"not_picked":["hubris:VirtuousBlindfold","hubris:Backtick"],"picked":"hubris:CrackedHourglass"}],"items_purged_floors":[5,29,46],"is_endless":false,"potions_floor_spawned":[2,6,14,15,19,28,31,32,36,40,43,49],"ascension_level":4}}