{"host":"ewns8ifhbubwkcum","time":1613104845,"event":{"mods":["BaseMod","Block Reminder","Colored Map","Colored Powertips","Downfall","Highlight Path","Minty Spire (QoL Compilation)","Permanent Neow","Quick Restart","Random Character Button","StSLib"],"gold_per_floor":[99,117,136,152,172,192,192,221,238,238,338,370,370,395,407,510,510,510,529,549,499,519,537,589,618,637,666,366,366,386,2,14,116,166,166,166],"floor_reached":34,"language":"ENG","playtime":2455,"items_purged":["Normality"],"score":735,"play_id":"3176e69e-0d20-4112-90f8-9cf8b74250f6","local_time":"20210211224045","is_ascension_mode":true,"campfire_choices":[{"floor":1,"key":"RECALL"},{"data":"sneckomod:Restock","floor":13,"key":"SMITH"},{"data":"sneckomod:Restock","floor":28,"key":"SMITH"}],"circlet_count":0,"master_deck":["sneckomod:Strike","sneckomod:Strike+1","sneckomod:Defend","sneckomod:Defend","sneckomod:Defend+1","sneckomod:TailWhip","sneckomod:SnekBite+1","sneckomod:Unknown","sneckomod:Unknown1Cost","sneckomod:UnknownUncommonPower","sneckomod:QuickBite","sneckomod:UnknownBlock","sneckomod:DangerNoodle","sneckomod:UnknownUncommonSkill","sneckomod:UnknownDraw+1","sneckomod:UnknownUncommonSkill","downfall:Malfunctioning","downfall:Haunted","downfall:Haunted","Decay","sneckomod:Restock+1","Regret","Regret","sneckomod:UnknownWeak","sneckomod:SoulExchange","sneckomod:SnakeSap","sneckomod:Restock+1","Aggregate","sneckomod:DiceBlock+1","sneckomod:UnknownCommonSkill","sneckomod:UnknownClassGREEN+1","sneckomod:UnknownDexterity+1","sneckomod:UnknownBlock+1","sneckomod:UnknownDraw+1","sneckomod:SoulDraw+1","sneckomod:DiceBlock+1","sneckomod:DangerNoodle","sneckomod:UnknownColorless+1","sneckomod:UnknownCommonSkill+1","sneckomod:UnknownX+1","sneckomod:SerpentIdol+1","sneckomod:MorePower","sneckomod:SoulDraw+1"],"relics":["sneckomod:SneckoSoul","Sundial","Meat on the Bone","Du-Vu Doll","White Beast Statue","Bronze Scales","Black Star","Toxic Egg 2","Orichalcum","Mummified Hand","Matryoshka","downfall:HeartBlessingGreen","downfall:HeartBlessingBlue","downfall:HeartBlessingRed","Molten Egg 2","Tiny House"],"acts_visited":["Exordium","TheCity","TheBeyond"],"potions_floor_usage":[8,16,16,23,25,27,27,32,33],"damage_taken":[{"damage":0,"enemies":"Cultist","floor":2,"turns":4},{"damage":7,"enemies":"2 Louse","floor":3,"turns":3},{"damage":1,"enemies":"Small Slimes","floor":4,"turns":3},{"damage":17,"enemies":"Exordium Wildlife","floor":5,"turns":4},{"damage":12,"enemies":"Exordium Thugs","floor":6,"turns":4},{"damage":7,"enemies":"3 Sentries","floor":8,"turns":6},{"damage":14,"enemies":"Large Slime","floor":9,"turns":5},{"damage":10,"enemies":"Lagavulin","floor":12,"turns":7},{"damage":0,"enemies":"Gremlin Nob","floor":14,"turns":2},{"damage":8,"enemies":"Gremlin Gang","floor":15,"turns":3},{"damage":38,"enemies":"IC_STATUS_ARCHETYPE","floor":16,"turns":5},{"damage":32,"enemies":"Shell Parasite","floor":19,"turns":4},{"damage":1,"enemies":"3 Byrds","floor":20,"turns":3},{"damage":6,"enemies":"Snake Plant","floor":22,"turns":3},{"damage":8,"enemies":"Shelled Parasite and Fungi","floor":23,"turns":4},{"damage":31,"enemies":"Slavers","floor":25,"turns":5},{"damage":0,"enemies":"Sentry and Sphere","floor":26,"turns":2},{"damage":0,"enemies":"Gremlin Leader","floor":27,"turns":5},{"damage":0,"enemies":"Snake Plant","floor":30,"turns":1},{"damage":0,"enemies":"downfall:FleeingMerchant","floor":31,"turns":4},{"damage":0,"enemies":"Shelled Parasite and Fungi","floor":32,"turns":3},{"damage":17,"enemies":"SI_MIRROR_ARCHETYPE","floor":33,"turns":7}],"seed_played":"-3407453310599216262","potions_obtained":[{"floor":5,"key":"PowerPotion"},{"floor":8,"key":"EssenceOfSteel"},{"floor":14,"key":"PowerPotion"},{"floor":15,"key":"bronze:BurnAndBuffPotion"},{"floor":16,"key":"sneckomod:DiceRollPotion"},{"floor":19,"key":"FairyPotion"},{"floor":20,"key":"hexamod:SoulburnPotion"},{"floor":22,"key":"SteroidPotion"},{"floor":23,"key":"BlessingOfTheForge"},{"floor":25,"key":"ColorlessPotion"},{"floor":26,"key":"sneckomod:OffclassReductionPotion"},{"floor":27,"key":"SpeedPotion"},{"floor":30,"key":"Energy Potion"},{"floor":32,"key":"Dexterity Potion"},{"floor":33,"key":"BlessingOfTheForge"},{"floor":34,"key":"LiquidMemories"}],"is_trial":false,"path_per_floor":["R","M","M","M","M","M","T","E","M","?","?","E","R","E","M","B",null,"R","M","M","?","M","M","T","E","M","E","R","?","M","$","M","B",null],"character_chosen":"THE_SNECKO","items_purchased":["Molten Egg 2","sneckomod:UnknownX+1"],"campfire_rested":0,"item_purchase_floors":[31,31],"current_hp_per_floor":[90,90,83,82,65,53,53,53,51,51,56,58,58,58,50,24,77,77,57,56,90,84,76,76,57,57,57,67,67,67,67,67,62,99,99,99],"gold":166,"neow_bonus":"TRANSFORM_CARD","is_daily":false,"chose_seed":false,"campfire_upgraded":2,"win_rate":0.0,"timestamp":1613104845,"path_taken":["R","?","M","M","M","?","T","E","M","?","?","E","R","E","M","BOSS","R","M","M","?","M","M","T","E","M","E","R","?","?","$","M","BOSS"],"items_purchased_type":["Relic","Card"],"build_version":"2020-12-22","purchased_purges":1,"victory":false,"max_hp_per_floor":[90,90,90,90,90,90,90,90,90,90,95,95,95,95,95,95,95,95,95,95,95,95,95,95,95,95,95,105,105,105,105,105,105,110,110,110],"card_choices":[{"not_picked":["sneckomod:Nope","sneckomod:TrashToTreasure"],"picked":"sneckomod:UnknownUncommonPower","floor":2},{"not_picked":["sneckomod:PureSnecko","sneckomod:Nope"],"picked":"sneckomod:QuickBite","floor":3},{"not_picked":["sneckomod:DiceBlock","sneckomod:UnknownCommonAttack"],"picked":"sneckomod:UnknownBlock","floor":4},{"not_picked":["sneckomod:UnknownColorless","sneckomod:UnknownStrength"],"picked":"sneckomod:DangerNoodle","floor":5},{"not_picked":["sneckomod:SoulDraw","sneckomod:RainOfDice"],"picked":"sneckomod:UnknownUncommonSkill","floor":6},{"not_picked":["sneckomod:TrashToTreasure","sneckomod:DiceBoulder"],"picked":"sneckomod:UnknownDraw","floor":8},{"not_picked":["sneckomod:RainOfDice","sneckomod:QuickBite"],"picked":"sneckomod:UnknownUncommonSkill","floor":9},{"not_picked":["sneckomod:Nope","sneckomod:UnknownCommonAttack"],"picked":"sneckomod:UnknownWeak","floor":12},{"not_picked":["sneckomod:UnknownColorless","sneckomod:ImprovisedAttack"],"picked":"sneckomod:SoulExchange","floor":14},{"not_picked":["sneckomod:DiceBlock","sneckomod:WideSting"],"picked":"sneckomod:SnakeSap","floor":15},{"not_picked":["sneckomod:UnknownRarePower","sneckomod:UnknownBoss"],"picked":"sneckomod:Restock","floor":16},{"not_picked":["sneckomod:UnknownWeak","sneckomod:UnknownClassGREEN"],"picked":"sneckomod:DiceBlock+1","floor":19},{"not_picked":["sneckomod:TrashToTreasure","sneckomod:SoulRoll"],"picked":"sneckomod:UnknownCommonSkill","floor":20},{"not_picked":["sneckomod:QuickBite","sneckomod:UnknownUncommonAttack"],"picked":"sneckomod:UnknownClassGREEN+1","floor":22},{"not_picked":["sneckomod:UnknownClassGUARDIAN+1","sneckomod:UnknownCommonSkill"],"picked":"sneckomod:UnknownDexterity+1","floor":23},{"not_picked":["sneckomod:SlitherStrike+1","sneckomod:DiceCrush"],"picked":"sneckomod:UnknownBlock+1","floor":25},{"not_picked":["sneckomod:Nope+1","sneckomod:IronFang"],"picked":"sneckomod:UnknownDraw+1","floor":26},{"not_picked":["sneckomod:UnknownCommonAttack","sneckomod:UnknownUncommonPower+1"],"picked":"sneckomod:SoulDraw+1","floor":27},{"not_picked":["sneckomod:DiceBoulder+1","sneckomod:UnknownUncommonPower"],"picked":"sneckomod:UnknownColorless+1","floor":30},{"not_picked":["sneckomod:WideSting","sneckomod:SnakeSap"],"picked":"sneckomod:UnknownCommonSkill+1","floor":31},{"not_picked":["sneckomod:UnknownCommonSkill+1","sneckomod:Mudshield"],"picked":"sneckomod:SerpentIdol+1","floor":32},{"not_picked":["sneckomod:UnknownRareAttack+1","sneckomod:UnlimitedRolls"],"picked":"sneckomod:MorePower","floor":33},{"not_picked":["sneckomod:UnknownUncommonSkill+1","sneckomod:WideSting+1"],"picked":"sneckomod:SoulDraw+1","floor":34}],"player_experience":1194751,"relics_obtained":[{"floor":7,"key":"Sundial"},{"floor":8,"key":"Meat on the Bone"},{"floor":12,"key":"White Beast Statue"},{"floor":14,"key":"Bronze Scales"},{"floor":25,"key":"Toxic Egg 2"},{"floor":25,"key":"Orichalcum"},{"floor":27,"key":"Mummified Hand"},{"floor":27,"key":"Matryoshka"}],"event_choices":[],"is_beta":false,"boss_relics":[{"not_picked":["Empty Cage","Astrolabe"],"picked":"Black Star"},{"not_picked":["Coffee Dripper","sneckomod:SneckoBoss"],"picked":"Tiny House"}],"items_purged_floors":[31],"is_endless":false,"potions_floor_spawned":[5,8,14,15,16,19,20,22,23,25,26,27,30,31,32,33],"ascension_level":5}}