{"host":"xz7n3qy1zq36rzpg","time":1613127080,"event":{"mods":["BaseMod","Colored Map","Colored Powertips","Highlight Path","Minty Spire (QoL Compilation)","Quick Restart","Shop Mod"],"gold_per_floor":[114,85,100,115,130,130,160,73,73,88,88,42,57,87,87,187,187,202,202,217,232,67,82,82,97,147,162,162,192,292,292,292,392,392,407,422,444,444,494,524,524,554,554,569,584,584,599,614,614,614],"floor_reached":51,"language":"ENG","playtime":45404,"items_purged":[],"score":820,"play_id":"386e41cd-b676-4b4e-b2ed-66374618142f","local_time":"20210212115120","daily_mods":["Allstar","Vintage","Binary"],"is_ascension_mode":false,"campfire_choices":[{"data":"Eruption","floor":6.0,"key":"SMITH"},{"data":"FollowUp","floor":15.0,"key":"SMITH"},{"data":"Worship","floor":24.0,"key":"SMITH"},{"floor":28,"key":"REST"},{"floor":32,"key":"REST"},{"data":"Wallop","floor":41,"key":"SMITH"},{"floor":49,"key":"REST"}],"circlet_count":0,"master_deck":["Strike_P+1","Strike_P+1","Strike_P+1","Strike_P+1","Defend_P+1","Defend_P+1","Defend_P+1","Defend_P+1","Eruption+1","Vigilance+1","Swift Strike+1","Dark Shackles+1","Sadistic Nature+1","Master of Strategy+1","Panacea","Consecrate+1","FollowUp+1","Worship+1","Prostrate+1","ThirdEye+1","LessonLearned+1","CrushJoints+1","Wallop+1","Clumsy","SandsOfTime+1","TalkToTheHand+1","Prostrate+1","Consecrate+1","Pain"],"relics":["PureWater","Frozen Egg 2","Anchor","Art of War","Toy Ornithopter","Boot","Matryoshka","Akabeko","Kunai","Oddly Smooth Stone","Cursed Key","Prayer Wheel","Meat on the Bone","MawBank","TeardropLocket","Question Card","PreservedInsect","Regal Pillow","Bronze Scales","Happy Flower","Torii","InkBottle","MutagenicStrength","Busted Crown","CloakClasp","Ornamental Fan","Girya","Ginger","Damaru","Nunchaku","Yang","Bottled Flame","Mummified Hand","Whetstone","Blood Vial","Darkstone Periapt"],"acts_visited":["Exordium","TheCity","TheBeyond"],"potions_floor_usage":[29,29,33,37,37,38,42,45,50,50,50],"damage_taken":[{"damage":0.0,"enemies":"2 Louse","floor":1.0,"turns":4.0},{"damage":0.0,"enemies":"Jaw Worm","floor":3.0,"turns":2.0},{"damage":0.0,"enemies":"Cultist","floor":4.0,"turns":2.0},{"damage":1.0,"enemies":"Exordium Wildlife","floor":5.0,"turns":3.0},{"damage":32.0,"enemies":"3 Sentries","floor":7.0,"turns":7.0},{"damage":0.0,"enemies":"Looter","floor":10.0,"turns":2.0},{"damage":0.0,"enemies":"Large Slime","floor":13.0,"turns":4.0},{"damage":13.0,"enemies":"Lagavulin","floor":14.0,"turns":5.0},{"damage":35.0,"enemies":"Hexaghost","floor":16.0,"turns":9.0},{"damage":10.0,"enemies":"2 Thieves","floor":18.0,"turns":3.0},{"damage":40.0,"enemies":"Spheric Guardian","floor":20.0,"turns":9.0},{"damage":0.0,"enemies":"Centurion and Healer","floor":21.0,"turns":8.0},{"damage":2.0,"enemies":"Cultist and Chosen","floor":23.0,"turns":4.0},{"damage":0.0,"enemies":"Shelled Parasite and Fungi","floor":25.0,"turns":4.0},{"damage":33,"enemies":"Snake Plant","floor":27,"turns":6},{"damage":0,"enemies":"Gremlin Leader","floor":29,"turns":5},{"damage":0,"enemies":"Colosseum Slavers","floor":30,"turns":4},{"damage":23,"enemies":"Colosseum Nobs","floor":30,"turns":5},{"damage":29,"enemies":"Collector","floor":33,"turns":9},{"damage":10,"enemies":"3 Shapes","floor":35,"turns":5},{"damage":0,"enemies":"3 Darklings","floor":36,"turns":6},{"damage":1,"enemies":"2 Orb Walkers","floor":37,"turns":5},{"damage":0,"enemies":"Sphere and 2 Shapes","floor":38,"turns":2},{"damage":0,"enemies":"Mind Bloom Boss Battle","floor":39,"turns":3},{"damage":21,"enemies":"Reptomancer","floor":40,"turns":7},{"damage":32,"enemies":"Nemesis","floor":42,"turns":5},{"damage":0,"enemies":"Spire Growth","floor":44,"turns":4},{"damage":7,"enemies":"3 Darklings","floor":45,"turns":3},{"damage":0,"enemies":"Writhing Mass","floor":46,"turns":4},{"damage":0,"enemies":"Jaw Worm Horde","floor":47,"turns":2},{"damage":0,"enemies":"3 Darklings","floor":48,"turns":4},{"damage":16,"enemies":"Awakened One","floor":50,"turns":12}],"seed_played":"-587577638262706789","potions_obtained":[{"floor":1.0,"key":"Fruit Juice"},{"floor":3.0,"key":"Weak Potion"},{"floor":4.0,"key":"Block Potion"},{"floor":14.0,"key":"BlessingOfTheForge"},{"floor":16.0,"key":"Fruit Juice"},{"floor":18.0,"key":"EssenceOfSteel"},{"floor":27,"key":"Block Potion"},{"floor":30,"key":"StancePotion"},{"floor":35,"key":"Energy Potion"},{"floor":36,"key":"EntropicBrew"},{"floor":39,"key":"FearPotion"},{"floor":44,"key":"StancePotion"},{"floor":47,"key":"Energy Potion"},{"floor":48,"key":"Swift Potion"}],"is_trial":false,"path_per_floor":["M","?","M","M","M","R","E","$","T","M","?","$","M","E","R","B",null,"M","?","M","M","$","M","R","M","T","M","R","E","?","?","R","B",null,"M","M","?","M","?","E","R","E","T","M","M","M","M","M","R","B",null],"character_chosen":"WATCHER","items_purchased":["FollowUp","Worship","Prostrate","CrushJoints","Wallop","Explosive Potion"],"campfire_rested":3,"item_purchase_floors":[8,8,12,22,22,22],"current_hp_per_floor":[72,72,77,77,76,76,49,49,49,49,49,49,49,41,41,11,82,72,72,32,44,44,42,42,42,42,21,60,70,47,47,82,58,82,72,72,81,82,82,61,61,46,46,46,44,44,44,46,82,71],"gold":614,"neow_bonus":"","is_daily":true,"chose_seed":false,"campfire_upgraded":4,"win_rate":0.0,"timestamp":1613127080,"path_taken":["M","?","M","M","M","R","E","$","T","M","?","?","?","E","R","BOSS","M","?","M","M","$","M","R","M","T","M","R","E","?","?","R","BOSS","M","M","?","M","?","E","R","E","T","M","M","M","M","M","R","BOSS"],"items_purchased_type":["Card","Card","Card","Card","Card","Potion"],"build_version":"2020-12-22","purchased_purges":0,"victory":true,"max_hp_per_floor":[72,72,77,77,77,77,77,77,77,77,77,77,77,77,77,77,82,82,82,82,82,82,82,82,82,82,82,82,82,82,82,82,82,82,82,82,82,82,82,82,82,82,82,82,82,82,82,82,82,82],"card_choices":[{"not_picked":["SandsOfTime"],"picked":"Consecrate","floor":7.0},{"not_picked":["Wireheading+1"],"picked":"ThirdEye","floor":14.0},{"not_picked":["Devotion+1"],"picked":"LessonLearned","floor":16.0},{"not_picked":["Study+1","SpiritShield"],"picked":"SandsOfTime","floor":29},{"not_picked":["Tantrum","Evaluate"],"picked":"TalkToTheHand+1","floor":30},{"not_picked":[],"picked":"Prostrate+1","floor":39},{"not_picked":["Vengeance"],"picked":"SKIP","floor":40},{"not_picked":[],"picked":"Consecrate+1","floor":42}],"player_experience":460255,"relics_obtained":[{"floor":1.0,"key":"Frozen Egg 2"},{"floor":3.0,"key":"Anchor"},{"floor":4.0,"key":"Art of War"},{"floor":5.0,"key":"Toy Ornithopter"},{"floor":7.0,"key":"Boot"},{"floor":9.0,"key":"Matryoshka"},{"floor":10.0,"key":"Akabeko"},{"floor":13.0,"key":"Kunai"},{"floor":14.0,"key":"Oddly Smooth Stone"},{"floor":18.0,"key":"Prayer Wheel"},{"floor":20.0,"key":"Meat on the Bone"},{"floor":21.0,"key":"MawBank"},{"floor":23.0,"key":"TeardropLocket"},{"floor":25.0,"key":"Question Card"},{"floor":26.0,"key":"PreservedInsect"},{"floor":26.0,"key":"Regal Pillow"},{"floor":27,"key":"Bronze Scales"},{"floor":29,"key":"Happy Flower"},{"floor":30,"key":"Torii"},{"floor":30,"key":"InkBottle"},{"floor":35,"key":"CloakClasp"},{"floor":36,"key":"Ornamental Fan"},{"floor":37,"key":"Girya"},{"floor":39,"key":"Ginger"},{"floor":40,"key":"Damaru"},{"floor":42,"key":"Nunchaku"},{"floor":43,"key":"Yang"},{"floor":43,"key":"Bottled Flame"},{"floor":44,"key":"Mummified Hand"},{"floor":45,"key":"Whetstone"},{"floor":47,"key":"Blood Vial"},{"floor":48,"key":"Darkstone Periapt"}],"event_choices":[{"damage_healed":0.0,"max_hp_gain":0.0,"max_hp_loss":0.0,"gold_gain":0.0,"event_name":"World of Goop","player_choice":"Left Gold","floor":2.0,"gold_loss":29.0,"damage_taken":0.0},{"damage_healed":0.0,"max_hp_gain":0.0,"max_hp_loss":0.0,"gold_gain":0.0,"event_name":"Shining Light","player_choice":"Ignored","floor":11.0,"gold_loss":0.0,"damage_taken":0.0},{"damage_healed":0.0,"max_hp_gain":0.0,"max_hp_loss":0.0,"gold_gain":0.0,"event_name":"Back to Basics","player_choice":"Simplicity","floor":19.0,"gold_loss":0.0,"damage_taken":0.0,"cards_upgraded":["Strike_P","Strike_P","Strike_P","Strike_P","Defend_P","Defend_P","Defend_P"]},{"damage_healed":0,"gold_gain":0,"player_choice":"Fight","damage_taken":0,"max_hp_gain":0,"max_hp_loss":0,"event_name":"Colosseum","floor":30,"gold_loss":0},{"damage_healed":0,"gold_gain":0,"player_choice":"Fought Nobs","damage_taken":0,"max_hp_gain":0,"max_hp_loss":0,"event_name":"Colosseum","floor":30,"gold_loss":0},{"damage_healed":0,"gold_gain":0,"player_choice":"Inject Mutagens","damage_taken":0,"relics_obtained":["MutagenicStrength"],"max_hp_gain":0,"max_hp_loss":0,"event_name":"Drug Dealer","floor":31,"gold_loss":0},{"damage_healed":0,"gold_gain":0,"player_choice":"Fight","damage_taken":0,"max_hp_gain":0,"max_hp_loss":0,"event_name":"Mysterious Sphere","floor":37,"gold_loss":0},{"damage_healed":0,"gold_gain":0,"player_choice":"Fight","damage_taken":0,"max_hp_gain":0,"max_hp_loss":0,"event_name":"MindBloom","floor":39,"gold_loss":0}],"is_beta":false,"boss_relics":[{"not_picked":["SlaversCollar","SacredBark"],"picked":"Cursed Key"},{"not_picked":["Coffee Dripper","Runic Dome"],"picked":"Busted Crown"}],"items_purged_floors":[],"is_endless":false,"potions_floor_spawned":[1,3,4,14,16,18,27,30,35,36,39,44,47,48],"ascension_level":0}}