{"host":"2yqfi47fogfu1ic4","time":1613168386,"event":{"mods":["AchievementEnabler","BaseMod","Colored Map","Colored Powertips","Highlight Path","Minty Spire (QoL Compilation)","Permanent Neow","Relic Stats","StSLib"],"gold_per_floor":[112,112,128,143,143,143,176,176,200,229,248,173,186,211,211,283,283,293,293,30,30,49,49,68,68,68,103,103,103,153,153,153,232,232,248,265,265,225,30,48,80,80,80,125,143,143,143,162,162,162,162,162,162,17,50,50],"floor_reached":57,"language":"DEU","playtime":6826,"items_purged":["Pain"],"score":2607,"play_id":"51513544-1fa9-4738-ad14-c13234c0d304","local_time":"20210212231946","is_ascension_mode":true,"campfire_choices":[{"data":"Skewer","floor":6.0,"key":"SMITH"},{"data":"All Out Attack","floor":8.0,"key":"SMITH"},{"data":"Venomology","floor":15.0,"key":"SMITH"},{"data":"Tools of the Trade","floor":23.0,"key":"SMITH"},{"data":"Malaise","floor":25.0,"key":"SMITH"},{"data":"Footwork","floor":32.0,"key":"SMITH"},{"data":"Wraith Form v2","floor":47.0,"key":"SMITH"},{"floor":49.0,"key":"RECALL"},{"data":"Leg Sweep","floor":53,"key":"SMITH"}],"circlet_count":0,"master_deck":["AscendersBane","Strike_G+1","Strike_G+1","Strike_G+1","Strike_G+1","Defend_G+1","Defend_G+1","Defend_G+1","Defend_G+1","Defend_G+1","Survivor","Neutralize","Skewer+1","Dagger Throw","All Out Attack+1","Tools of the Trade+1","Slice","Venomology+1","Malaise+1","Reflex","Footwork+1","Acrobatics","Leg Sweep+1","Wraith Form v2+1","Backstab+1","Acrobatics","Dodge and Roll+1","Escape Plan+1","Footwork+1","Sucker Punch","Well Laid Plans","Backflip","Underhanded Strike"],"relics":["Ring of the Snake","Akabeko","WarpedTongs","Anchor","Omamori","StoneCalendar","Coffee Dripper","Paper Crane","Art of War","Bottled Tornado","Potion Belt","Vajra","Eternal Feather","SlaversCollar","Oddly Smooth Stone","Happy Flower","Singing Bowl","Du-Vu Doll","CaptainsWheel"],"acts_visited":["Exordium","TheCity","TheBeyond","TheEnding"],"potions_floor_usage":[51,55,56,56,56,56],"damage_taken":[{"damage":0.0,"enemies":"Small Slimes","floor":1.0,"turns":4.0},{"damage":2.0,"enemies":"Cultist","floor":3.0,"turns":5.0},{"damage":2.0,"enemies":"2 Louse","floor":4.0,"turns":3.0},{"damage":9.0,"enemies":"Gremlin Nob","floor":7.0,"turns":3.0},{"damage":4.0,"enemies":"Lagavulin","floor":10.0,"turns":5.0},{"damage":0.0,"enemies":"Exordium Thugs","floor":11.0,"turns":2.0},{"damage":0.0,"enemies":"3 Louse","floor":13.0,"turns":2.0},{"damage":0.0,"enemies":"Gremlin Nob","floor":14.0,"turns":2.0},{"damage":13.0,"enemies":"Slime Boss","floor":16.0,"turns":7.0},{"damage":0.0,"enemies":"Shell Parasite","floor":18.0,"turns":1.0},{"damage":0.0,"enemies":"3 Byrds","floor":22.0,"turns":5.0},{"damage":0.0,"enemies":"Snake Plant","floor":24.0,"turns":2.0},{"damage":14.0,"enemies":"Book of Stabbing","floor":27.0,"turns":6.0},{"damage":23.0,"enemies":"Champ","floor":33.0,"turns":11.0},{"damage":1.0,"enemies":"3 Shapes","floor":35.0,"turns":7.0},{"damage":1.0,"enemies":"Orb Walker","floor":36.0,"turns":4.0},{"damage":0.0,"enemies":"4 Shapes","floor":40.0,"turns":7.0},{"damage":15.0,"enemies":"Giant Head","floor":41.0,"turns":10.0},{"damage":2.0,"enemies":"2 Orb Walkers","floor":44.0,"turns":7.0},{"damage":6.0,"enemies":"Transient","floor":45.0,"turns":6.0},{"damage":0.0,"enemies":"Maw","floor":48.0,"turns":9.0},{"damage":7.0,"enemies":"Donu and Deca","floor":50.0,"turns":22.0},{"damage":8,"enemies":"Awakened One","floor":51,"turns":33},{"damage":2,"enemies":"Shield and Spear","floor":55,"turns":20},{"damage":34,"enemies":"The Heart","floor":56,"turns":20}],"seed_played":"-761560684140872249","potions_obtained":[{"floor":1.0,"key":"ColorlessPotion"},{"floor":4.0,"key":"SmokeBomb"},{"floor":7.0,"key":"BlessingOfTheForge"},{"floor":14.0,"key":"Block Potion"},{"floor":22.0,"key":"Fruit Juice"},{"floor":24.0,"key":"Poison Potion"},{"floor":33.0,"key":"Block Potion"},{"floor":36.0,"key":"SkillPotion"},{"floor":38.0,"key":"GhostInAJar"},{"floor":38.0,"key":"FearPotion"},{"floor":45.0,"key":"DistilledChaos"}],"is_trial":false,"path_per_floor":["M","?","M","M","?","R","E","R","T","E","M","$","M","E","R","B",null,"M","?","$","?","M","R","M","R","T","E","?","?","?","T","R","B",null,"M","M","?","?","$","M","E","?","T","?","M","?","R","M","R","B","B",null,"R","$","E","B",null],"character_chosen":"THE_SILENT","items_purchased":["Paper Crane","Oddly Smooth Stone","Acrobatics","Well Laid Plans","Backflip"],"campfire_rested":0,"item_purchase_floors":[20,39,39,54,54],"current_hp_per_floor":[59,59,57,55,60,60,51,51,51,47,47,47,47,47,47,34,62,62,62,62,62,62,62,67,67,67,68,68,68,68,68,76,53,70,69,68,68,68,68,68,53,53,53,51,45,45,63,65,74,67,59,70,74,74,72,38],"gold":50,"neow_bonus":"RANDOM_COMMON_RELIC","is_daily":false,"chose_seed":false,"campfire_upgraded":8,"win_rate":0.0,"timestamp":1613168386,"path_taken":["M","?","?","M","?","R","E","R","T","E","M","?","M","E","R","BOSS","M","?","$","?","?","R","?","R","T","E","?","?","?","?","R","BOSS","M","M","?","?","$","?","E","?","T","?","M","?","R","?","R","BOSS","BOSS","R","$","E","BOSS"],"items_purchased_type":["Relic","Relic","Card","Card","Card"],"build_version":"2020-12-22","purchased_purges":1,"victory":true,"max_hp_per_floor":[66,66,66,66,71,71,71,71,71,71,71,71,71,71,71,71,71,71,71,71,71,71,71,76,76,76,76,76,76,76,76,76,76,76,76,76,72,72,72,72,72,72,72,72,72,72,72,74,74,74,74,74,74,74,74,74],"relic_stats":{"Happy Flower":[39],"Singing Bowl":2,"counters":[25,203],"StoneCalendar":[588],"Eternal Feather":39,"Art of War":[26],"obtain_stats":[{"Potion Belt":27,"Happy Flower":41,"Singing Bowl":43,"Vajra":29,"Oddly Smooth Stone":39,"StoneCalendar":14,"Eternal Feather":31,"Omamori":10,"Paper Crane":20,"Bottled Tornado":26,"Akabeko":0,"WarpedTongs":2,"Du-Vu Doll":44,"SlaversCollar":34,"Anchor":7,"CaptainsWheel":55,"Coffee Dripper":17,"Art of War":21,"Ring of the Snake":0},{"Potion Belt":13,"Happy Flower":18,"Singing Bowl":18,"Vajra":13,"Oddly Smooth Stone":16,"StoneCalendar":8,"Eternal Feather":13,"Omamori":5,"Paper Crane":10,"Bottled Tornado":12,"Akabeko":0,"WarpedTongs":1,"Du-Vu Doll":19,"SlaversCollar":14,"Anchor":4,"CaptainsWheel":24,"Coffee Dripper":9,"Art of War":10,"Ring of the Snake":0},{"Potion Belt":47,"Happy Flower":86,"Singing Bowl":86,"Vajra":47,"Oddly Smooth Stone":69,"StoneCalendar":26,"Eternal Feather":47,"Omamori":20,"Paper Crane":34,"Bottled Tornado":41,"Akabeko":0,"WarpedTongs":4,"Du-Vu Doll":93,"SlaversCollar":58,"Anchor":15,"CaptainsWheel":183,"Coffee Dripper":33,"Art of War":34,"Ring of the Snake":0}],"Ring of the Snake":[50],"WarpedTongs":[126]},"card_choices":[{"not_picked":["Caltrops","Infinite Blades","Quick Slash"],"picked":"SKIP","floor":1.0},{"not_picked":["All Out Attack","Finisher"],"picked":"Skewer","floor":3.0},{"not_picked":["Flying Knee","Blade Dance"],"picked":"Dagger Throw","floor":4.0},{"not_picked":["Dash","Outmaneuver"],"picked":"All Out Attack","floor":7.0},{"not_picked":["Finisher","Quick Slash"],"picked":"Tools of the Trade","floor":10.0},{"not_picked":["Quick Slash","Flying Knee"],"picked":"Slice","floor":11.0},{"not_picked":["Quick Slash","Deadly Poison"],"picked":"Venomology","floor":13.0},{"not_picked":["Crippling Poison","Backflip"],"picked":"Underhanded Strike","floor":14.0},{"not_picked":["Die Die Die","Tools of the Trade"],"picked":"Malaise","floor":16.0},{"not_picked":["Outmaneuver+1","Cloak And Dagger+1"],"picked":"Reflex","floor":18.0},{"not_picked":["Cloak And Dagger+1","Concentrate"],"picked":"Acrobatics","floor":22.0},{"not_picked":["Backflip","Underhanded Strike"],"picked":"Leg Sweep","floor":24.0},{"not_picked":["Choke","Bane+1","Die Die Die"],"picked":"SKIP","floor":27.0},{"not_picked":["Choke","Bane+1","Die Die Die"],"picked":"SKIP","floor":27.0},{"not_picked":["A Thousand Cuts","Night Terror"],"picked":"Wraith Form v2","floor":33.0},{"not_picked":["Concentrate","Predator","Dodge and Roll"],"picked":"SKIP","floor":35.0},{"not_picked":["Deadly Poison","Infinite Blades"],"picked":"Backstab+1","floor":36.0},{"not_picked":["Dagger Throw","Cloak And Dagger","Setup"],"picked":"SKIP","floor":40.0},{"not_picked":["Skewer+1","Poisoned Stab"],"picked":"Dodge and Roll+1","floor":41.0},{"not_picked":["Distraction","Outmaneuver"],"picked":"Escape Plan+1","floor":44.0},{"not_picked":["PiercingWail","Masterful Stab"],"picked":"Footwork+1","floor":45.0},{"not_picked":["Poisoned Stab","Dagger Spray","Calculated Gamble"],"picked":"Singing Bowl","floor":48.0},{"not_picked":["Backstab","Flying Knee"],"picked":"Underhanded Strike","floor":55}],"player_experience":1795995,"relics_obtained":[{"floor":7.0,"key":"Anchor"},{"floor":10.0,"key":"Omamori"},{"floor":14.0,"key":"StoneCalendar"},{"floor":26.0,"key":"Bottled Tornado"},{"floor":27.0,"key":"Potion Belt"},{"floor":31.0,"key":"Eternal Feather"},{"floor":41.0,"key":"Happy Flower"},{"floor":43.0,"key":"Singing Bowl"},{"floor":44.0,"key":"Du-Vu Doll"},{"floor":55,"key":"CaptainsWheel"}],"event_choices":[{"damage_healed":0.0,"max_hp_gain":0.0,"max_hp_loss":0.0,"gold_gain":0.0,"event_name":"Accursed Blacksmith","player_choice":"Rummage","floor":2.0,"gold_loss":0.0,"damage_taken":0.0,"relics_obtained":["WarpedTongs"],"cards_obtained":["Pain"]},{"damage_healed":0.0,"max_hp_gain":5.0,"max_hp_loss":0.0,"gold_gain":0.0,"event_name":"Big Fish","player_choice":"Donut","floor":5.0,"gold_loss":0.0,"damage_taken":0.0},{"damage_healed":0.0,"max_hp_gain":0.0,"max_hp_loss":0.0,"gold_gain":0.0,"event_name":"The Library","player_choice":"Read","floor":19.0,"gold_loss":0.0,"damage_taken":0.0,"cards_obtained":["Footwork"]},{"damage_healed":0.0,"max_hp_gain":0.0,"max_hp_loss":0.0,"gold_gain":0.0,"event_name":"Addict","player_choice":"Stole Relic","floor":21.0,"gold_loss":0.0,"damage_taken":0.0,"relics_obtained":["Art of War"],"cards_obtained":["Shame"]},{"damage_healed":0.0,"max_hp_gain":0.0,"max_hp_loss":0.0,"gold_gain":0.0,"event_name":"Back to Basics","player_choice":"Simplicity","floor":28.0,"gold_loss":0.0,"damage_taken":0.0,"cards_upgraded":["Strike_G","Strike_G","Strike_G","Strike_G","Strike_G","Defend_G","Defend_G","Defend_G","Defend_G","Defend_G"]},{"damage_healed":0.0,"max_hp_gain":0.0,"max_hp_loss":0.0,"gold_gain":0.0,"event_name":"The Mausoleum","player_choice":"Opened","floor":29.0,"gold_loss":0.0,"damage_taken":0.0,"relics_obtained":["Vajra"],"cards_obtained":["Writhe"]},{"damage_healed":0.0,"max_hp_gain":0.0,"max_hp_loss":0.0,"gold_gain":50.0,"event_name":"Nest","player_choice":"Stole From Cult","floor":30.0,"gold_loss":0.0,"damage_taken":0.0},{"damage_healed":0.0,"max_hp_gain":0.0,"max_hp_loss":4.0,"gold_gain":0.0,"event_name":"Winding Halls","player_choice":"Max HP","floor":37.0,"gold_loss":0.0,"damage_taken":0.0},{"damage_healed":0.0,"max_hp_gain":0.0,"max_hp_loss":0.0,"gold_gain":0.0,"event_name":"The Woman in Blue","player_choice":"Bought 3 Potions","floor":38.0,"gold_loss":0.0,"damage_taken":0.0},{"cards_removed":["Underhanded Strike"],"damage_healed":0.0,"max_hp_gain":0.0,"max_hp_loss":0.0,"gold_gain":0.0,"event_name":"Falling","player_choice":"Removed Attack","floor":42.0,"gold_loss":0.0,"damage_taken":0.0},{"damage_healed":0.0,"max_hp_gain":0.0,"max_hp_loss":0.0,"gold_gain":0.0,"event_name":"Mysterious Sphere","player_choice":"Fight","floor":44.0,"gold_loss":0.0,"damage_taken":0.0},{"damage_healed":0.0,"max_hp_gain":0.0,"max_hp_loss":0.0,"gold_gain":0.0,"cards_transformed":["Strike_G"],"event_name":"Transmorgrifier","player_choice":"Transformed","floor":46.0,"gold_loss":0.0,"damage_taken":0.0,"cards_obtained":["Sucker Punch"]}],"is_beta":false,"boss_relics":[{"not_picked":["Pandora\u0027s Box","Ring of the Serpent"],"picked":"Coffee Dripper"},{"not_picked":["Snecko Eye","Tiny House"],"picked":"SlaversCollar"}],"items_purged_floors":[12],"is_endless":false,"potions_floor_spawned":[1,4,7,14,22,24,33,36,40,45,55],"ascension_level":20}}