{"host":"hszimsrtxxc2k25w","time":1613104472,"event":{"mods":["AchievementEnabler","BaseMod","Colored Map","DeckTracker","Minty Spire (QoL Compilation)","Rare Cards Sparkle","SuperFastMode"],"gold_per_floor":[119,119,119,130,130,130,159,179,205,218,235,266,266,298,298,372,372,382,382,382,307,232,245,274,274,301,301,301,82,82,82,82,156,156,173,173,173,185,135,164,181,181,181,181,251,266,266,150,150,150,150],"floor_reached":52,"language":"KOR","playtime":1925,"items_purged":["Strike_G","Strike_G","Strike_G","Blade Dance"],"score":1949,"play_id":"1126d6e5-8489-493a-9c14-0ff70b302f9b","local_time":"20210212133432","is_ascension_mode":true,"campfire_choices":[{"data":"Predator","floor":6.0,"key":"SMITH"},{"floor":13.0,"key":"REST"},{"floor":15.0,"key":"REST"},{"data":"Reflex","floor":28.0,"key":"SMITH"},{"floor":32.0,"key":"REST"},{"floor":42.0,"key":"REST"},{"data":"Prepared","floor":49.0,"key":"SMITH"}],"circlet_count":0,"master_deck":["AscendersBane","Strike_G","Defend_G","Defend_G","Defend_G","Survivor","Neutralize","Predator+1","Noxious Fumes+1","Tactician","Escape Plan","Acrobatics+1","Glass Knife","Reflex+1","Grand Finale","Prepared+1","Footwork"],"relics":["Ring of the Snake","NeowsBlessing","Potion Belt","Ancient Tea Set","Bag of Marbles","Oddly Smooth Stone","Runic Pyramid","Paper Crane","Juzu Bracelet","Mercury Hourglass","Membership Card","Smiling Mask","SacredBark","Omamori","StoneCalendar","Mummified Hand"],"acts_visited":["Exordium","TheCity","TheBeyond"],"potions_floor_usage":[51],"damage_taken":[{"damage":0.0,"enemies":"2 Louse","floor":1.0,"turns":1.0},{"damage":0.0,"enemies":"Small Slimes","floor":4.0,"turns":1.0},{"damage":0.0,"enemies":"3 Sentries","floor":7.0,"turns":1.0},{"damage":1.0,"enemies":"Cultist","floor":8.0,"turns":3.0},{"damage":1.0,"enemies":"Looter","floor":10.0,"turns":3.0},{"damage":5.0,"enemies":"2 Fungi Beasts","floor":11.0,"turns":3.0},{"damage":38.0,"enemies":"Lagavulin","floor":12.0,"turns":6.0},{"damage":25.0,"enemies":"3 Sentries","floor":14.0,"turns":5.0},{"damage":9.0,"enemies":"Slime Boss","floor":16.0,"turns":7.0},{"damage":7.0,"enemies":"2 Thieves","floor":18.0,"turns":3.0},{"damage":0.0,"enemies":"Chosen","floor":23.0,"turns":3.0},{"damage":27.0,"enemies":"Gremlin Leader","floor":24.0,"turns":6.0},{"damage":28.0,"enemies":"Champ","floor":33.0,"turns":10.0},{"damage":5.0,"enemies":"3 Shapes","floor":35.0,"turns":6.0},{"damage":0.0,"enemies":"3 Darklings","floor":38.0,"turns":3.0},{"damage":49.0,"enemies":"Giant Head","floor":40.0,"turns":9.0},{"damage":0.0,"enemies":"Sphere and 2 Shapes","floor":41.0,"turns":3.0},{"damage":0.0,"enemies":"Transient","floor":46.0,"turns":6.0},{"damage":13.0,"enemies":"Time Eater","floor":50.0,"turns":8.0},{"damage":2,"enemies":"Donu and Deca","floor":51,"turns":5}],"seed_played":"3458577090890153197","potions_obtained":[{"floor":7.0,"key":"BlessingOfTheForge"},{"floor":8.0,"key":"BlessingOfTheForge"},{"floor":10.0,"key":"FearPotion"},{"floor":14.0,"key":"ColorlessPotion"},{"floor":18.0,"key":"GamblersBrew"},{"floor":23.0,"key":"FearPotion"},{"floor":33.0,"key":"Block Potion"},{"floor":38.0,"key":"PowerPotion"},{"floor":41.0,"key":"FearPotion"}],"is_trial":false,"path_per_floor":["M","?","?","M","?","R","E","M","T","M","M","E","R","E","R","B",null,"M","?","?","$","?","M","E","?","T","T","R","$","?","?","R","B",null,"M","?","?","M","$","E","M","R","T","?","T","M","?","$","R","B","B",null],"character_chosen":"THE_SILENT","items_purchased":["Membership Card","Footwork","Dexterity Potion"],"campfire_rested":4,"item_purchase_floors":[29,48,48],"current_hp_per_floor":[59,64,64,64,64,64,64,63,63,62,57,19,40,15,36,27,60,53,53,53,53,53,53,26,26,26,26,26,26,26,26,47,19,58,53,53,53,53,53,4,4,25,25,58,58,58,48,48,48,35,33],"gold":150,"neow_bonus":"THREE_ENEMY_KILL","is_daily":false,"chose_seed":false,"campfire_upgraded":3,"win_rate":0.0,"timestamp":1613104472,"path_taken":["M","?","?","M","?","R","E","?","T","M","M","E","R","E","R","BOSS","M","?","?","$","?","M","E","?","T","?","R","$","?","?","R","BOSS","M","?","?","M","$","E","M","R","T","?","?","M","?","$","R","BOSS","BOSS"],"items_purchased_type":["Relic","Card","Potion"],"build_version":"2020-12-22","purchased_purges":4,"victory":true,"max_hp_per_floor":[66,71,71,71,71,71,71,71,71,71,71,71,71,71,71,71,71,71,71,71,71,71,71,71,71,71,71,71,71,71,71,71,71,71,71,71,71,71,71,71,71,71,71,58,58,58,58,58,58,58,58],"card_choices":[{"not_picked":["Dodge and Roll","PiercingWail"],"picked":"Predator","floor":1.0},{"not_picked":["Dagger Spray","Cloak And Dagger"],"picked":"Noxious Fumes","floor":4.0},{"not_picked":["Well Laid Plans","Burst"],"picked":"Blade Dance","floor":7.0},{"not_picked":["Poisoned Stab","Backflip"],"picked":"Tactician","floor":8.0},{"not_picked":["Terror","Quick Slash"],"picked":"Escape Plan","floor":10.0},{"not_picked":["Bane","Crippling Poison"],"picked":"Acrobatics","floor":11.0},{"not_picked":["Slice","Masterful Stab"],"picked":"Glass Knife","floor":12.0},{"not_picked":["Quick Slash","Acrobatics"],"picked":"Reflex","floor":14.0},{"not_picked":["Tools of the Trade","Die Die Die"],"picked":"Grand Finale","floor":16.0},{"not_picked":["Sucker Punch","Poisoned Stab","Cloak And Dagger"],"picked":"SKIP","floor":18.0},{"not_picked":["Terror","Predator","Dagger Spray"],"picked":"SKIP","floor":23.0},{"not_picked":["Eviscerate+1","Quick Slash","Underhanded Strike+1"],"picked":"SKIP","floor":24.0},{"not_picked":["PiercingWail+1","Crippling Poison+1","Dodge and Roll"],"picked":"SKIP","floor":35.0},{"not_picked":["Dodge and Roll","Sucker Punch","PiercingWail"],"picked":"SKIP","floor":38.0},{"not_picked":["Die Die Die","PiercingWail","Sucker Punch"],"picked":"SKIP","floor":40.0},{"not_picked":["Tactician","PiercingWail+1"],"picked":"Prepared","floor":41.0},{"not_picked":["Dodge and Roll","Heel Hook+1","Eviscerate"],"picked":"SKIP","floor":46.0}],"player_experience":677250,"relics_obtained":[{"floor":7.0,"key":"Potion Belt"},{"floor":9.0,"key":"Ancient Tea Set"},{"floor":12.0,"key":"Bag of Marbles"},{"floor":14.0,"key":"Oddly Smooth Stone"},{"floor":24.0,"key":"Paper Crane"},{"floor":26.0,"key":"Juzu Bracelet"},{"floor":27.0,"key":"Mercury Hourglass"},{"floor":30.0,"key":"Smiling Mask"},{"floor":40.0,"key":"Omamori"},{"floor":43.0,"key":"StoneCalendar"},{"floor":45.0,"key":"Mummified Hand"}],"event_choices":[{"damage_healed":0.0,"max_hp_gain":5.0,"max_hp_loss":0.0,"gold_gain":0.0,"event_name":"Big Fish","player_choice":"Donut","floor":2.0,"gold_loss":0.0,"damage_taken":0.0},{"damage_healed":0.0,"max_hp_gain":0.0,"max_hp_loss":0.0,"gold_gain":0.0,"cards_transformed":["Strike_G"],"event_name":"Living Wall","player_choice":"Change","floor":3.0,"gold_loss":0.0,"damage_taken":0.0,"cards_obtained":["Slice"]},{"damage_healed":0.0,"max_hp_gain":0.0,"max_hp_loss":0.0,"gold_gain":0.0,"event_name":"Upgrade Shrine","player_choice":"Upgraded","floor":5.0,"gold_loss":0.0,"damage_taken":0.0,"cards_upgraded":["Noxious Fumes"]},{"damage_healed":0.0,"max_hp_gain":0.0,"max_hp_loss":0.0,"gold_gain":0.0,"event_name":"Ghosts","player_choice":"Ignored","floor":19.0,"gold_loss":0.0,"damage_taken":0.0},{"damage_healed":0.0,"max_hp_gain":0.0,"max_hp_loss":0.0,"gold_gain":0.0,"event_name":"Cursed Tome","player_choice":"Ignored","floor":20.0,"gold_loss":0.0,"damage_taken":0.0},{"cards_removed":["Defend_G"],"damage_healed":0.0,"max_hp_gain":0.0,"max_hp_loss":0.0,"gold_gain":0.0,"event_name":"Beggar","player_choice":"Gave Gold","floor":22.0,"gold_loss":75.0,"damage_taken":0.0},{"damage_healed":0.0,"max_hp_gain":0.0,"max_hp_loss":0.0,"gold_gain":0.0,"event_name":"Vampires","player_choice":"Ignored","floor":25.0,"gold_loss":0.0,"damage_taken":0.0},{"damage_healed":0.0,"max_hp_gain":0.0,"max_hp_loss":0.0,"gold_gain":0.0,"event_name":"Wheel of Change","player_choice":"Relic","floor":30.0,"gold_loss":0.0,"damage_taken":0.0},{"cards_removed":["Defend_G"],"damage_healed":0.0,"max_hp_gain":0.0,"max_hp_loss":0.0,"gold_gain":0.0,"event_name":"Back to Basics","player_choice":"Elegance","floor":31.0,"gold_loss":0.0,"damage_taken":0.0},{"cards_removed":["Slice"],"damage_healed":0.0,"max_hp_gain":0.0,"max_hp_loss":0.0,"gold_gain":0.0,"event_name":"Falling","player_choice":"Removed Attack","floor":36.0,"gold_loss":0.0,"damage_taken":0.0},{"damage_healed":0.0,"max_hp_gain":0.0,"max_hp_loss":0.0,"gold_gain":0.0,"event_name":"Upgrade Shrine","player_choice":"Upgraded","floor":37.0,"gold_loss":0.0,"damage_taken":0.0,"cards_upgraded":["Acrobatics"]},{"damage_healed":58.0,"max_hp_gain":0.0,"max_hp_loss":13.0,"gold_gain":0.0,"event_name":"The Moai Head","player_choice":"Heal","floor":44.0,"gold_loss":0.0,"damage_taken":0.0},{"damage_healed":0.0,"max_hp_gain":0.0,"max_hp_loss":0.0,"gold_gain":0.0,"event_name":"SensoryStone","player_choice":"Memory 3","floor":47.0,"gold_loss":0.0,"damage_taken":10.0}],"is_beta":false,"boss_relics":[{"not_picked":["Ring of the Serpent","Philosopher\u0027s Stone"],"picked":"Runic Pyramid"},{"not_picked":["Velvet Choker","Fusion Hammer"],"picked":"SacredBark"}],"items_purged_floors":[21,29,39,48],"is_endless":false,"potions_floor_spawned":[7,8,10,14,18,23,33,38,41],"ascension_level":20}}