{"host":"7ttbe3gzet1mthv0","time":1613159927,"event":{"mods":["AchievementEnabler","BaseMod","Bestiary","Better Match","Better Note","Better Sensory Stone","Better Third Choice","BetterRewards","CapriCore","Colored Map","Colored Powertips","Custom Start","Downfall","Fox Events","Hermit","Highlight Path","Infinite Spire","Jorbs\u0027s Wanderer Trilogy","Luminous","Marisa????????","Minty Spire (QoL Compilation)","Rare Cards Sparkle","Relic Stats","Spicy Shops","StSLib","The Alterego","The Bug Knight","The Cursed","The Hierophant","The Marked","Wandering Minibosses"],"gold_per_floor":[114,131,161,192,142,194,78,78,127,155,165,212,41,66,66,179,179,179],"floor_reached":17,"language":"SPA","playtime":1101,"items_purged":[],"score":169,"play_id":"6fad5c92-fd37-4777-b952-7dc190132e2a","local_time":"20210212205847","is_ascension_mode":false,"campfire_choices":[{"data":"FinalSpark","floor":8,"key":"SMITH"},{"floor":15,"key":"REST"}],"circlet_count":0,"master_deck":["Strike_MRS","Strike_MRS","Strike_MRS","Strike_MRS","Defend_MRS","Defend_MRS+1","Defend_MRS","Defend_MRS","MasterSpark","UpSweep","WitchOfGreed","BlazeAway","FinalSpark+1","DoubleSpark","ManaConvection+1","EnergyRecoil","PulseMagic","EventHorizon","SuperNova","WitchLeyline","GasGiant","UltimateShortwave"],"relics":["MiniHakkero","Happy Flower","AmplifyWand","War Paint","Oddly Smooth Stone","Coffee Dripper"],"acts_visited":["Exordium","TheCity"],"potions_floor_usage":[6,6,6,16,16],"damage_taken":[{"damage":0,"enemies":"Small Slimes","floor":1,"turns":3},{"damage":1,"enemies":"Jaw Worm","floor":2,"turns":4},{"damage":1,"enemies":"Cultist","floor":3,"turns":4},{"damage":1,"enemies":"2 Fungi Beasts","floor":4,"turns":4},{"damage":26,"enemies":"Gremlin Nob","floor":6,"turns":4},{"damage":0,"enemies":"Red Slaver","floor":10,"turns":3},{"damage":8,"enemies":"Gremlin Gang","floor":11,"turns":3},{"damage":10,"enemies":"3 Sentries","floor":12,"turns":4},{"damage":14,"enemies":"Exordium Wildlife","floor":14,"turns":3},{"damage":17,"enemies":"Hexaghost","floor":16,"turns":8}],"seed_played":"-101366939505012660","potions_obtained":[{"floor":2,"key":"BlessingOfTheForge"},{"floor":3,"key":"LiquidBronze"},{"floor":3,"key":"Strength Potion"},{"floor":6,"key":"AttackPotion"},{"floor":12,"key":"Strength Potion"},{"floor":14,"key":"Fire Potion"},{"floor":16,"key":"SneckoOil"},{"floor":16,"key":"Explosive Potion"}],"is_trial":false,"path_per_floor":["M","M","M","M","?","E","$","R","T","M","M","E","$","M","R","B",null],"character_chosen":"MARISA","items_purchased":["ManaConvection","SuperNova","WitchLeyline"],"campfire_rested":1,"item_purchase_floors":[7,13,13],"current_hp_per_floor":[75,74,73,72,72,46,46,46,46,46,38,28,28,14,36,19,75,75],"gold":179,"neow_bonus":"RANDOM_COMMON_RELIC","is_daily":false,"chose_seed":false,"campfire_upgraded":1,"win_rate":0.0,"timestamp":1613159927,"path_taken":["M","M","M","M","?","E","$","R","T","M","M","E","$","M","R","BOSS"],"items_purchased_type":["Card","Card","Card"],"build_version":"2020-12-22","purchased_purges":0,"victory":false,"max_hp_per_floor":[75,75,75,75,75,75,75,75,75,75,75,75,75,75,75,75,75,75],"relic_stats":{"Happy Flower":[13],"counters":[10,40],"War Paint":["Defend_MRS","ManaConvection"],"obtain_stats":[{"AmplifyWand":6,"Happy Flower":0,"Oddly Smooth Stone":12,"Coffee Dripper":17,"MiniHakkero":0,"War Paint":9},{"AmplifyWand":5,"Happy Flower":0,"Oddly Smooth Stone":8,"Coffee Dripper":10,"MiniHakkero":0,"War Paint":5},{"AmplifyWand":19,"Happy Flower":0,"Oddly Smooth Stone":29,"Coffee Dripper":40,"MiniHakkero":0,"War Paint":19}]},"card_choices":[{"not_picked":["EnergyFlow","AsteroidBelt"],"picked":"MysteriousBeam","floor":1},{"not_picked":["GalacticHalo","ChargingUp"],"picked":"WitchOfGreed","floor":2},{"not_picked":["WitchOfGreed","DoubleSpark"],"picked":"BlazeAway","floor":3},{"not_picked":["DragonMeteor","ChargingUp"],"picked":"FinalSpark","floor":4},{"not_picked":["AsteroidBelt","RefractionSpark"],"picked":"DoubleSpark","floor":6},{"not_picked":["GrandCross","GalacticHalo"],"picked":"EnergyRecoil","floor":10},{"not_picked":["NonDirectionalLaser","PowerUp"],"picked":"PulseMagic","floor":11},{"not_picked":["AsteroidBelt","GrandCross"],"picked":"EventHorizon","floor":12},{"not_picked":["WitchOfGreed","LuminesStrike"],"picked":"GasGiant","floor":14},{"not_picked":["StarDustReverie","FinalSpark"],"picked":"UltimateShortwave","floor":16}],"player_experience":61199,"relics_obtained":[{"floor":6,"key":"AmplifyWand"},{"floor":9,"key":"War Paint"},{"floor":12,"key":"Oddly Smooth Stone"}],"event_choices":[{"cards_removed":["MysteriousBeam"],"damage_healed":0,"gold_gain":0,"player_choice":"Card Removal","damage_taken":0,"max_hp_gain":0,"max_hp_loss":0,"event_name":"The Cleric","floor":5,"gold_loss":50}],"is_beta":false,"boss_relics":[{"not_picked":["Velvet Choker","Sozu"],"picked":"Coffee Dripper"}],"items_purged_floors":[],"is_endless":false,"potions_floor_spawned":[2,3,4,16],"ascension_level":0}}