{"host":"k7udt7atmcuzf6l0","time":1613097553,"event":{"mods":["AchievementEnabler","BaseMod","BetterRewards","Colored Map","Colored Powertips","Highlight Path","Minty Spire (QoL Compilation)","Quick Restart","Rare Cards Sparkle","Relic Stats","StSLib","UnlockEverythingMod"],"gold_per_floor":[114,89,89,89,264,264,291,306,385,385,400,400,417,417,417,513,513,529,539,165,165,165],"floor_reached":21,"language":"ZHS","playtime":398,"items_purged":[],"score":177,"play_id":"9d7265c8-bdab-4937-9fcc-00911fbc6211","local_time":"20210212103913","is_ascension_mode":false,"campfire_choices":[{"data":"Flex","floor":6,"key":"SMITH"},{"data":"Combust","floor":10,"key":"SMITH"},{"data":"Armaments","floor":15,"key":"SMITH"}],"circlet_count":0,"master_deck":["Strike_R","Strike_R","Strike_R","Strike_R","Strike_R","Defend_R","Defend_R","Defend_R","Bash","Wild Strike","Flex+1","Combust+1","Sword Boomerang","Headbutt","Armaments+1","Bludgeon","Clothesline+1","Flex","Spot Weakness"],"relics":["Burning Blood","Omamori","Vajra","InkBottle","Letter Opener","Tiny Chest","Cursed Key","Sling","Nunchaku"],"acts_visited":["Exordium","TheCity"],"potions_floor_usage":[11],"damage_taken":[{"damage":0,"enemies":"2 Louse","floor":1,"turns":2},{"damage":27,"enemies":"Gremlin Nob","floor":7,"turns":4},{"damage":1,"enemies":"Small Slimes","floor":8,"turns":2},{"damage":7,"enemies":"Jaw Worm","floor":11,"turns":2},{"damage":9,"enemies":"Exordium Wildlife","floor":13,"turns":4},{"damage":13,"enemies":"Slime Boss","floor":16,"turns":5},{"damage":15,"enemies":"3 Byrds","floor":18,"turns":4},{"damage":17,"enemies":"Shell Parasite","floor":19,"turns":3},{"damage":0,"enemies":"Centurion and Healer","floor":21,"turns":1}],"seed_played":"-8713642411671908223","potions_obtained":[{"floor":8,"key":"FearPotion"},{"floor":19,"key":"Dexterity Potion"}],"is_trial":false,"path_per_floor":["M","$","?","?","?","R","E","M","T","R","M","T","M","?","R","B",null,"M","M","$","M"],"character_chosen":"IRONCLAD","items_purchased":["Flex","Sling","Nunchaku","Spot Weakness"],"campfire_rested":0,"item_purchase_floors":[2,20,20,20],"current_hp_per_floor":[80,80,73,73,73,73,52,57,57,57,56,56,53,53,53,46,80,71,60,60,60,60],"gold":165,"neow_bonus":"RANDOM_COMMON_RELIC","is_daily":false,"chose_seed":false,"campfire_upgraded":3,"win_rate":0.0,"timestamp":1613097553,"path_taken":["M","$","?","?","?","R","E","?","T","R","M","?","M","?","R","BOSS","M","M","$","M"],"items_purchased_type":["Card","Relic","Relic","Card"],"build_version":"2020-12-22","purchased_purges":0,"victory":false,"max_hp_per_floor":[80,80,80,80,80,80,80,80,80,80,80,80,80,80,80,80,80,80,80,80,80,80],"relic_stats":{"Nunchaku":[0],"counters":[9,27],"Tiny Chest":0,"Letter Opener":[0],"Cursed Key":0,"obtain_stats":[{"Nunchaku":20,"Vajra":3,"Tiny Chest":12,"Omamori":0,"Letter Opener":9,"Cursed Key":17,"Sling":20,"Burning Blood":0,"InkBottle":7},{"Nunchaku":8,"Vajra":1,"Tiny Chest":4,"Omamori":0,"Letter Opener":3,"Cursed Key":6,"Sling":8,"Burning Blood":0,"InkBottle":2},{"Nunchaku":26,"Vajra":2,"Tiny Chest":10,"Omamori":0,"Letter Opener":8,"Cursed Key":19,"Sling":26,"Burning Blood":0,"InkBottle":6}],"Burning Blood":42,"InkBottle":[4]},"card_choices":[{"not_picked":["Battle Trance","Shrug It Off"],"picked":"Wild Strike","floor":1},{"not_picked":["Dropkick","Sever Soul"],"picked":"Combust","floor":7},{"not_picked":["True Grit","Dropkick"],"picked":"Sword Boomerang","floor":8},{"not_picked":["Heavy Blade","Rage"],"picked":"Headbutt","floor":11},{"not_picked":["Wild Strike","Body Slam"],"picked":"Armaments","floor":13},{"not_picked":["Demon Form","Double Tap"],"picked":"Bludgeon","floor":16},{"not_picked":["Sever Soul","Warcry"],"picked":"Clothesline+1","floor":18},{"not_picked":["Havoc","Disarm"],"picked":"Flex","floor":19}],"player_experience":103792,"relics_obtained":[{"floor":7,"key":"InkBottle"},{"floor":9,"key":"Letter Opener"},{"floor":12,"key":"Tiny Chest"}],"event_choices":[{"damage_healed":0,"gold_gain":0,"player_choice":"Success","damage_taken":7,"relics_obtained":["Vajra"],"max_hp_gain":0,"max_hp_loss":0,"event_name":"Scrap Ooze","floor":3,"gold_loss":0},{"damage_healed":0,"gold_gain":0,"player_choice":"Leave","damage_taken":0,"max_hp_gain":0,"max_hp_loss":0,"event_name":"The Cleric","floor":4,"gold_loss":0},{"damage_healed":0,"gold_gain":175,"player_choice":"AGREE","damage_taken":0,"max_hp_gain":0,"max_hp_loss":0,"event_name":"Liars Game","floor":5,"gold_loss":0,"cards_obtained":["Doubt"]},{"cards_removed":["Defend_R"],"damage_healed":0,"gold_gain":0,"player_choice":"Purged","damage_taken":0,"max_hp_gain":0,"max_hp_loss":0,"event_name":"Purifier","floor":14,"gold_loss":0}],"is_beta":false,"boss_relics":[{"not_picked":["Fusion Hammer","Runic Dome"],"picked":"Cursed Key"}],"items_purged_floors":[],"is_endless":false,"potions_floor_spawned":[8,19],"killed_by":"Centurion and Healer","ascension_level":0}}