{"host":"e4wnmsyty9uvvtwf","time":1613102488,"event":{"mods":["Act Like it!","BaseMod","Colored Map","Colored Powertips","Gensokyo","Koishi","Minty Spire (QoL Compilation)","StSLib"],"gold_per_floor":[113,193,212,86,103,103,138,65,65,292,63,63,63,79,79,155,155,167,91,91,109,122,148,148,176,176,176,217,230,245,273,273,360,360,370,370,393,405,405,434,454,488,488,329,329,329,29,69,69,69,69,69,10,10,10],"floor_reached":56,"language":"ZHS","playtime":3030,"items_purged":["Koishi:BasicStrike"],"score":1952,"play_id":"ca5c83c7-5171-4cc6-a554-8c1ef5ec1379","local_time":"20210212120128","is_ascension_mode":true,"campfire_choices":[{"data":"Sadistic Nature","floor":6.0,"key":"SMITH"},{"data":"Koishi:ConfinedInnocent","floor":12.0,"key":"SMITH"},{"data":"Koishi:BloodcurdlingScream","floor":15.0,"key":"SMITH"},{"data":"Koishi:ConfinedInnocent","floor":24.0,"key":"SMITH"},{"data":"Koishi:Heartbroken","floor":27.0,"key":"SMITH"},{"data":"Koishi:TerrifyingSpectre","floor":32,"key":"SMITH"},{"floor":46,"key":"RECALL"},{"data":"Koishi:HeartStoppingHorror","floor":49,"key":"SMITH"},{"data":"Koishi:VengefulSpirit","floor":52,"key":"SMITH"}],"circlet_count":0,"master_deck":["AscendersBane","Koishi:BasicStrike","Koishi:BasicStrike","Koishi:BasicStrike","Koishi:BasicDefend","Koishi:BasicDefend","Koishi:BasicDefend","Koishi:BasicDefend","Koishi:Provoke","Koishi:HauntingSlash","Sadistic Nature+1","Koishi:ConfinedInnocent+1","Koishi:BloodcurdlingScream+1","Koishi:TremblingHands","Koishi:ImGoingToCallYouNow+1","Koishi:UnansweredLove+1","Koishi:VengefulSpirit","Koishi:DanmakuParanoia+1","Koishi:UnansweredLove+1","Koishi:DanmakuParanoia+1","Koishi:YoukaiPolygraph","Koishi:Heartbroken+1","Koishi:GeneticsOfTheUnconscious+1","Koishi:TerrifyingSpectre+1","Koishi:ConditionedTeleport+1","Koishi:HeartStoppingHorror+1","Koishi:Untouchable","Thinking Ahead+1","Koishi:UnansweredLove+1","Koishi:SpiritedAway","Koishi:HeartfeltFancy+1","Koishi:VengefulSpirit+1"],"relics":["Koishi:ImaginaryFriend","TungstenRod","Calipers","Koishi:TeethAndClaws","Toxic Egg 2","Membership Card","Anchor","Gensokyo:Mercy","Black Star","Koishi:AHoleWhereASisterShouldBe","Sundial","Bag of Marbles","Lantern","Orichalcum","The Courier","CeramicFish","Bottled Lightning","Busted Crown","Gensokyo:TheCrow","Lizard Tail","Art of War","Koishi:EchoesOfADeadGirl","Koishi:BloodstainedWhiteRose","Orrery","HandDrill","TheAbacus","StrikeDummy","Pantograph","Medical Kit"],"acts_visited":["Exordium","Gensokyo:Gensokyo","Gensokyo:Gensokyoer","TheEnding"],"potions_floor_usage":[42,55],"damage_taken":[{"damage":0.0,"enemies":"Gensokyo:Python","floor":1.0,"turns":4.0},{"damage":5.0,"enemies":"Gensokyo:2_Kodama","floor":3.0,"turns":3.0},{"damage":6.0,"enemies":"Gensokyo:3_Fairies","floor":5.0,"turns":6.0},{"damage":8.0,"enemies":"Gensokyo:Mamizou","floor":7.0,"turns":9.0},{"damage":11.0,"enemies":"Gensokyo:Cirno","floor":10.0,"turns":7.0},{"damage":8.0,"enemies":"Gensokyo:3_Kodama","floor":14.0,"turns":3.0},{"damage":12.0,"enemies":"Gensokyo:Kokoro","floor":16.0,"turns":13.0},{"damage":0.0,"enemies":"Gensokyo:CosmicMonolith","floor":18.0,"turns":5.0},{"damage":11.0,"enemies":"Gensokyo:3_Dogs","floor":21.0,"turns":7.0},{"damage":7.0,"enemies":"Gensokyo:Slime_Group","floor":22.0,"turns":7.0},{"damage":11.0,"enemies":"Gensokyo:Tenshi","floor":23.0,"turns":8.0},{"damage":29.0,"enemies":"Gensokyo:Reisen","floor":25.0,"turns":9.0},{"damage":13,"enemies":"Gensokyo:Tenshi","floor":28,"turns":7},{"damage":0,"enemies":"Gensokyo:3_Gloops","floor":29,"turns":5},{"damage":33,"enemies":"Gensokyo:Swordslinger","floor":30,"turns":8},{"damage":0,"enemies":"Gensokyo:Slime_Group","floor":31,"turns":6},{"damage":9,"enemies":"Gensokyo:Eiki","floor":33,"turns":13},{"damage":0,"enemies":"Gensokyo:AncientGuardian","floor":35,"turns":6},{"damage":0,"enemies":"Gensokyo:3_Bats","floor":37,"turns":6},{"damage":0,"enemies":"Gensokyo:Dusk_and_Dawn","floor":38,"turns":6},{"damage":5,"enemies":"Gensokyo:Marisa","floor":40,"turns":6},{"damage":18,"enemies":"Gensokyo:4_Bats","floor":41,"turns":6},{"damage":0,"enemies":"Gensokyo:Kasen","floor":42,"turns":7},{"damage":0,"enemies":"Gensokyo:Doremy","floor":48,"turns":6},{"damage":10,"enemies":"Gensokyo:Shinki","floor":50,"turns":12},{"damage":0,"enemies":"Shield and Spear","floor":54,"turns":1},{"damage":29,"enemies":"The Heart","floor":55,"turns":10}],"seed_played":"4275039039281132367","potions_obtained":[{"floor":5.0,"key":"SpeedPotion"},{"floor":14.0,"key":"Explosive Potion"},{"floor":25.0,"key":"Ancient Potion"},{"floor":37,"key":"DistilledChaos"},{"floor":38,"key":"SkillPotion"},{"floor":48,"key":"LiquidBronze"}],"is_trial":false,"path_per_floor":["M","?","M","COS","M","R","E","$","T","E","$","R","?","M","R","B",null,"M","$","?","M","M","E","R","E","T","R","E","M","M","M","R","B",null,"M","?","M","M","?","E","M","E","T","$","?","R","COS","E","R","B",null,"R","$","E","B",null],"character_chosen":"KOISHI","items_purchased":["Koishi:TremblingHands","Membership Card","Anchor","Koishi:VengefulSpirit","Koishi:DanmakuParanoia+1","Koishi:UnansweredLove+1","Thinking Ahead+1","Koishi:UnansweredLove+1","Orrery","Medical Kit"],"campfire_rested":0,"item_purchase_floors":[8,11,11,19,19,19,44,44,44,53],"current_hp_per_floor":[54,54,54,54,49,49,54,54,54,45,45,45,45,38,38,47,52,54,54,50,50,46,50,50,37,37,37,40,50,36,50,50,50,50,50,50,50,50,50,50,33,50,50,50,50,50,50,50,50,50,50,50,50,50,45],"gold":10,"neow_bonus":"RANDOM_COLORLESS_2","is_daily":false,"chose_seed":false,"campfire_upgraded":8,"win_rate":0.0,"timestamp":1613102488,"path_taken":["M","?","M","COS","M","R","E","?","T","E","?","R","?","M","R","BOSS","M","?","?","M","M","E","R","E","T","R","E","M","M","?","R","BOSS","M","?","M","M","?","E","M","E","T","$","?","R","COS","E","R","BOSS","R","$","E","BOSS"],"items_purchased_type":["Card","Relic","Relic","Card","Card","Card","Card","Card","Relic","Relic"],"build_version":"2020-12-22","purchased_purges":1,"victory":true,"max_hp_per_floor":[54,54,54,54,54,54,54,54,54,54,54,54,54,54,54,54,54,54,54,50,50,50,50,50,50,50,50,50,50,50,50,50,50,50,50,50,50,50,50,50,50,50,50,50,50,50,50,50,50,50,50,50,50,50,50],"card_choices":[{"not_picked":["Master of Strategy","Violence"],"picked":"Sadistic Nature","floor":0.0},{"not_picked":["Koishi:FreudianInstinct","Koishi:SubconsciousSweep"],"picked":"Koishi:StingingMind","floor":1.0},{"not_picked":["Koishi:BloodcurdlingScream","Koishi:ReflexRadar","Koishi:GhostParty"],"picked":"SKIP","floor":3.0},{"not_picked":["Koishi:SubconsciousSweep","Koishi:SubterraneanRose","Koishi:PhantomStrike"],"picked":"SKIP","floor":5.0},{"not_picked":["Koishi:RollingInRichesHeart","Koishi:GrowingPain"],"picked":"Koishi:ConfinedInnocent","floor":7.0},{"not_picked":["Koishi:ConditionedTeleport","Koishi:MassHysteria"],"picked":"Koishi:BloodcurdlingScream","floor":7.0},{"not_picked":["Koishi:Jaunt","Koishi:SpiritedAway","Koishi:SubconsciousSweep"],"picked":"SKIP","floor":10.0},{"not_picked":["Koishi:Vanish+1","Koishi:StingingMind"],"picked":"Koishi:ImGoingToCallYouNow+1","floor":14.0},{"not_picked":["Koishi:RoseHell+1","Koishi:TerrifyingSpectre"],"picked":"Koishi:ConfinedInnocent","floor":16.0},{"not_picked":["Koishi:JumpScare+1","Koishi:UnseenTerror+1"],"picked":"Koishi:UnansweredLove+1","floor":18.0},{"not_picked":["Koishi:ApparitionsStalkTheNight+1","Koishi:FidgetySnatcher"],"picked":"Koishi:DanmakuParanoia+1","floor":21.0},{"not_picked":["Koishi:VengefulSpirit","Koishi:SpiritedAway"],"picked":"Koishi:YoukaiPolygraph","floor":22.0},{"not_picked":["Koishi:DanmakuParanoia+1","Koishi:BloodcurdlingScream"],"picked":"Koishi:Heartbroken","floor":23.0},{"not_picked":["Koishi:JumpScare+1","Koishi:DreadfulBlow"],"picked":"Koishi:GeneticsOfTheUnconscious+1","floor":25.0},{"not_picked":["Koishi:UnconsciousUprising+1","Koishi:UnconsciousUrges"],"picked":"Koishi:TerrifyingSpectre","floor":28},{"not_picked":["Koishi:StrangeCloudFist","Koishi:UnseenTerror","Koishi:BramblyRoseGarden"],"picked":"SKIP","floor":29},{"not_picked":["Koishi:Prune","Koishi:UnconsciousUprising+1","Koishi:ParalyzingFear"],"picked":"SKIP","floor":30},{"not_picked":["Koishi:UnconsciousUprising+1","Koishi:UnansweredLove+1"],"picked":"Koishi:ConditionedTeleport+1","floor":31},{"not_picked":["Koishi:SilentAndRestless","Koishi:FadingMemory+1"],"picked":"Koishi:HeartStoppingHorror","floor":33},{"not_picked":["Koishi:CatchAndRose+1"],"picked":"SKIP","floor":35},{"not_picked":[],"picked":"Koishi:Untouchable","floor":37},{"not_picked":["Koishi:SubconsciousSweep"],"picked":"SKIP","floor":38},{"not_picked":["Koishi:EmbryosDream+1"],"picked":"SKIP","floor":40},{"not_picked":["Koishi:FreudianInstinct"],"picked":"SKIP","floor":41},{"not_picked":["Koishi:BloodcurdlingScream"],"picked":"SKIP","floor":42},{"not_picked":[],"picked":"Koishi:SpiritedAway","floor":44},{"not_picked":[],"picked":"Koishi:HeartfeltFancy+1","floor":44},{"not_picked":[],"picked":"Koishi:VengefulSpirit","floor":48}],"player_experience":558976,"relics_obtained":[{"floor":7.0,"key":"TungstenRod"},{"floor":9.0,"key":"Calipers"},{"floor":10.0,"key":"Toxic Egg 2"},{"floor":23.0,"key":"Sundial"},{"floor":23.0,"key":"Bag of Marbles"},{"floor":25.0,"key":"Lantern"},{"floor":25.0,"key":"Orichalcum"},{"floor":26.0,"key":"The Courier"},{"floor":28,"key":"CeramicFish"},{"floor":28,"key":"Bottled Lightning"},{"floor":40,"key":"Lizard Tail"},{"floor":40,"key":"Art of War"},{"floor":42,"key":"Koishi:EchoesOfADeadGirl"},{"floor":42,"key":"Koishi:BloodstainedWhiteRose"},{"floor":48,"key":"StrikeDummy"},{"floor":48,"key":"Pantograph"}],"event_choices":[],"is_beta":false,"boss_relics":[{"not_picked":["Fusion Hammer","Astrolabe"],"picked":"Black Star"},{"not_picked":["Pandora\u0027s Box","Coffee Dripper"],"picked":"Busted Crown"}],"items_purged_floors":[44],"is_endless":false,"potions_floor_spawned":[5,14,16,18,25,28,30,31,37,38,48],"ascension_level":13}}