{"host":"wuernuywc9gl215o","time":1613149805,"event":{"mods":["2.2 Compatiblity","AchievementEnabler","BaseMod","Bestiary","Block Reminder","Displayed Cursed Tome","Highlight Path","Key Reminder","Minty Spire (QoL Compilation)","Permanent Neow","Potion Indicator Mod","Quick Restart","Rare Cards Sparkle","Relic Stats","ojb\u0027s Info Mod"],"gold_per_floor":[],"floor_reached":17,"language":"ENG","playtime":796,"items_purged":[],"score":305,"play_id":"df865e55-2f9c-4382-b15e-7efa903b2461","local_time":"20210212171005","is_ascension_mode":true,"campfire_choices":[],"circlet_count":0,"master_deck":["AscendersBane","Survivor","Neutralize+1","Dagger Spray","Bouncing Flask","Blade Dance+1","PiercingWail","Predator","Well Laid Plans","Blade Dance+1","Envenom","Backstab","Night Terror","Distraction","Choke","Reflex","After Image","Storm of Steel","Reflex","Envenom","Flying Knee","Predator","Doppelganger"],"relics":["Ring of the Snake","NeowsBlessing","Bottled Lightning","DollysMirror","Dead Branch","Golden Idol","Nunchaku","Pandora\u0027s Box"],"acts_visited":["Exordium","TheCity"],"potions_floor_usage":[],"damage_taken":[],"seed_played":"-2583704806157957336","potions_obtained":[],"is_trial":false,"path_per_floor":[],"character_chosen":"THE_SILENT","items_purchased":[],"campfire_rested":1,"item_purchase_floors":[],"current_hp_per_floor":[],"gold":140,"neow_bonus":"THREE_ENEMY_KILL","is_daily":false,"chose_seed":false,"campfire_upgraded":2,"win_rate":0.0,"timestamp":1613149805,"path_taken":[],"items_purchased_type":[],"build_version":"2020-12-22","purchased_purges":0,"victory":false,"max_hp_per_floor":[],"relic_stats":{"Nunchaku":[3],"counters":[8,31],"Golden Idol":28,"Dead Branch":[26],"Pandora\u0027s Box":["Distraction","Choke","Reflex","After Image","Storm of Steel","Reflex","Envenom","Flying Knee","Predator","Doppelganger"],"obtain_stats":[{"Nunchaku":13,"NeowsBlessing":0,"DollysMirror":10,"Golden Idol":12,"Dead Branch":11,"Pandora\u0027s Box":17,"Bottled Lightning":9,"Ring of the Snake":0},{"Nunchaku":7,"NeowsBlessing":0,"DollysMirror":5,"Golden Idol":6,"Dead Branch":6,"Pandora\u0027s Box":8,"Bottled Lightning":5,"Ring of the Snake":0},{"Nunchaku":23,"NeowsBlessing":0,"DollysMirror":13,"Golden Idol":17,"Dead Branch":17,"Pandora\u0027s Box":31,"Bottled Lightning":13,"Ring of the Snake":0}],"Ring of the Snake":[16]},"card_choices":[],"player_experience":931126,"relics_obtained":[],"event_choices":[],"is_beta":false,"boss_relics":[],"items_purged_floors":[],"is_endless":false,"potions_floor_spawned":[],"ascension_level":17}}