{"host":"u21q392b5xaj11fl","time":1613126600,"event":{"mods":["2.2 Compatiblity","Bard","BaseMod","Better Note","Colored Map","Colored Powertips","Conspire","Custom Start","Downfall","Faster Ascension Climbing","GifTheSpireLib","Gremlin Skip","Highlight Path","Hubris","Infinite Spire","Mad Scientist","Marisa????????","Mimic Mod","Minty Spire (QoL Compilation)","Monster B Gone","Permanent Neow","Potionbrewer","Quick Restart","READ ME - Guardian Mod","Relic Sorter","Replay The Spire","Shop Mod","Somnambulant","StSLib","Stuff the Spire","SuperFastMode","The Construct","The Disciple","The Servant 0.9.4"],"gold_per_floor":[214,232,232,232,232,232,265,42,91,91,106,138,149,231,231,302,302,339,339,339,384,14,72,72,127,199,244,289,289,289,358,358,496,496,581,666,761,850,850,850,975,975,1023,1175,772,873,992,1110,1110,1120,1120,1120,525,648,658],"floor_reached":56,"language":"ENG","playtime":7603,"items_purged":["potionbrewer:PotionbrewerStrike","potionbrewer:PotionbrewerStrike","potionbrewer:PotionbrewerStrike"],"score":2960,"play_id":"294e0261-bae3-4bcf-8562-5f0d0ab9b9d7","local_time":"20210212044320","is_ascension_mode":true,"campfire_choices":[{"data":"potionbrewer:ChemicalSpill","floor":6.0,"key":"SMITH"},{"data":"potionbrewer:BlindingSpray","floor":10.0,"key":"SMITH"},{"data":"potionbrewer:ChemicalRage","floor":15.0,"key":"SMITH"},{"data":"potionbrewer:PortableLab","floor":24.0,"key":"SMITH"},{"floor":29.0,"key":"REST"},{"data":"potionbrewer:RefinedProcess","floor":32.0,"key":"SMITH"},{"data":"potionbrewer:Refill","floor":40.0,"key":"SMITH"},{"data":"potionbrewer:ChainReaction","floor":42,"key":"SMITH"},{"floor":49,"key":"RECALL"},{"data":"potionbrewer:PrivateReserves","floor":52,"key":"SMITH"}],"circlet_count":0,"master_deck":["AscendersBane","potionbrewer:PotionbrewerDefend+1","potionbrewer:PotionbrewerDefend+1","potionbrewer:PotionbrewerDefend+1","potionbrewer:PotionbrewerDefend+1","potionbrewer:Collect","potionbrewer:ChemicalSpill+1","potionbrewer:ChainReaction+1","potionbrewer:PortableLab+1","potionbrewer:ChemicalWeapons+1","potionbrewer:BlindingSpray+1","potionbrewer:ChemicalRage+1","potionbrewer:Refill+1","potionbrewer:QuickStep+1","potionbrewer:ChemicalWeapons+1","potionbrewer:RefinedProcess+1","WitchOfGreed+1","potionbrewer:FlashPowder","potionbrewer:TestFormula+1","potionbrewer:Smokescreen+1","potionbrewer:Prototype","potionbrewer:Biohazard+1","potionbrewer:Prototype","infinitespire:Gouge","infinitespire:NeuralNetwork","potionbrewer:TwoForOne+1","potionbrewer:SpecialFormula+1","potionbrewer:LeftoverSpecimen+1","potionbrewer:DigDeep+1","potionbrewer:Prototype","potionbrewer:Prototype","potionbrewer:TwoForOne+1","potionbrewer:QuickStep+1","potionbrewer:CausticBarrier+1","potionbrewer:PrivateReserves+1","potionbrewer:HazardousMaterials+1","potionbrewer:Prototype","potionbrewer:Shovel","potionbrewer:Prototype"],"relics":["potionbrewer:PotionKit","champ:Barbells","Replay:Bottled Flurry","potionbrewer:MortarAndPestle","SacredBark","MerchantsRug","Toxic Egg 2","Kunai","Mirror","infinitespire:Broken Mirror","infinitespire:EvilPickle","Toy Ornithopter","Guardian:GemstoneGun","Pen Nib","Torii","StuffTheSpire:Tea","TheAbacus","Orichalcum","Simple Rune"],"acts_visited":["Exordium","TheCity","TheBeyond","TheEnding"],"potions_floor_usage":[41,41,44,46,46,46,46,47,47,47,48,48,48,50,50,50,53,54,54,54,55,55,55,55,55,55,55,55,55,55,55],"damage_taken":[{"damage":8.0,"enemies":"2 Louse","floor":1.0,"turns":5.0},{"damage":5.0,"enemies":"conspire:RoseBush","floor":2.0,"turns":5.0},{"damage":10.0,"enemies":"3 Sentries","floor":7.0,"turns":8.0},{"damage":5.0,"enemies":"Small Slimes","floor":11.0,"turns":7.0},{"damage":1.0,"enemies":"Lagavulin","floor":12.0,"turns":6.0},{"damage":2.0,"enemies":"Looter","floor":13.0,"turns":3.0},{"damage":9.0,"enemies":"Fading Forest","floor":16.0,"turns":11.0},{"damage":9.0,"enemies":"3 Byrds","floor":18.0,"turns":5.0},{"damage":8.0,"enemies":"Chosen","floor":21.0,"turns":7.0},{"damage":0.0,"enemies":"Gremlin Leader","floor":23.0,"turns":7.0},{"damage":14.0,"enemies":"Snecko","floor":25.0,"turns":7.0},{"damage":11.0,"enemies":"Centurion and Healer","floor":26.0,"turns":16.0},{"damage":4.0,"enemies":"Centurion and Healer","floor":27.0,"turns":10.0},{"damage":0.0,"enemies":"Chosen and Byrds","floor":28.0,"turns":5.0},{"damage":0.0,"enemies":"Replay:Snechameleon","floor":31.0,"turns":6.0},{"damage":3.0,"enemies":"Pondfish","floor":33.0,"turns":8.0},{"damage":25.0,"enemies":"3 Shapes","floor":35.0,"turns":6.0},{"damage":48.0,"enemies":"3 Darklings","floor":36.0,"turns":7.0},{"damage":0.0,"enemies":"Sphere and 2 Shapes","floor":37.0,"turns":3.0},{"damage":0.0,"enemies":"Writhing Mass","floor":38.0,"turns":5.0},{"damage":0,"enemies":"Nemesis","floor":41,"turns":8},{"damage":2,"enemies":"R_Hoarder","floor":44,"turns":7},{"damage":1,"enemies":"Transient","floor":46,"turns":5},{"damage":0,"enemies":"Nemesis","floor":47,"turns":6},{"damage":1,"enemies":"Sphere and 2 Shapes","floor":48,"turns":9},{"damage":0,"enemies":"Donu and Deca","floor":50,"turns":6},{"damage":6,"enemies":"Shield and Spear","floor":54,"turns":5},{"damage":27,"enemies":"The Heart","floor":55,"turns":6}],"seed_played":"-8377993249137573476","potions_obtained":[{"floor":1.0,"key":"potionbrewer:SplittingPotion"},{"floor":7.0,"key":"Regen Potion"},{"floor":12.0,"key":"potionbrewer:CleansingPotion"},{"floor":16.0,"key":"FearPotion"},{"floor":21.0,"key":"sneckomod:MuddlingPotion"},{"floor":21.0,"key":"Elixir"},{"floor":23.0,"key":"Toxic Potion"},{"floor":23.0,"key":"LiquidMemories"},{"floor":25.0,"key":"Fire Potion"},{"floor":26.0,"key":"Reflective Coating"},{"floor":27.0,"key":"champ:CounterPotion"},{"floor":28.0,"key":"potionbrewer:CleansingPotion"},{"floor":31.0,"key":"Energy Potion"},{"floor":33.0,"key":"AttackPotion"},{"floor":35.0,"key":"potionbrewer:CleansingPotion"},{"floor":36.0,"key":"FearPotion"},{"floor":36.0,"key":"SneckoOil"},{"floor":37.0,"key":"potionbrewer:DiscountPotion"},{"floor":37.0,"key":"BlessingOfTheForge"},{"floor":38.0,"key":"Explosive Potion"},{"floor":44,"key":"Slimebound:ThreeZeroPotion"},{"floor":44,"key":"FearPotion"},{"floor":44,"key":"Languid Potion"},{"floor":46,"key":"AttackPotion"},{"floor":47,"key":"Adrenaline Potion"}],"is_trial":false,"path_per_floor":["M","M","?","?","?","R","E","$","T","R","M","E","M","T","R","B",null,"M","?","?","M","$","E","R","M","MIM","M","M","R","AVR","E","R","B",null,"M","M","M","M","?","R","E","R","T","E","$","M","E","M","R","B",null,"R","$","E","B",null],"character_chosen":"POTIONBREWER","items_purchased":["champ:Barbells","potionbrewer:ChemicalRage","MerchantsRug","Toxic Egg 2","potionbrewer:TestFormula+1","potionbrewer:Smokescreen+1","Torii","potionbrewer:QuickStep+1","potionbrewer:CausticBarrier+1","potionbrewer:PrivateReserves","Fruit Juice","Dexterity Potion","TheAbacus","Orichalcum","potionbrewer:Shovel"],"campfire_rested":1,"item_purchase_floors":[8,8,22,22,22,22,45,45,45,45,53,53,53,53,53],"current_hp_per_floor":[55,50,50,55,55,55,49,49,49,49,59,58,56,56,56,55,73,64,64,64,56,56,56,56,42,31,27,27,50,50,50,50,47,71,51,13,23,43,43,43,53,53,53,66,66,79,79,79,79,79,79,79,89,88,89],"gold":658,"neow_bonus":"HUNDRED_GOLD","is_daily":false,"chose_seed":false,"campfire_upgraded":8,"win_rate":0.0,"timestamp":1613126600,"path_taken":["M","M","?","?","?","R","E","$","T","R","M","E","M","?","R","BOSS","M","?","?","M","$","E","R","M","MIM","M","M","R","AVR","E","R","BOSS","M","M","M","M","?","R","E","R","T","E","$","M","E","M","R","BOSS","R","$","E","BOSS"],"items_purchased_type":["Relic","Card","Relic","Relic","Card","Card","Relic","Card","Card","Card","Potion","Potion","Relic","Relic","Card"],"build_version":"2020-12-22","purchased_purges":3,"victory":true,"max_hp_per_floor":[70,70,70,75,75,75,79,79,79,79,79,79,79,79,79,79,79,79,79,79,79,79,79,79,79,79,79,79,79,79,79,79,79,79,79,79,79,79,79,79,79,79,79,79,79,79,79,79,79,79,79,79,89,89,89],"card_choices":[{"not_picked":["potionbrewer:CausticBarrier","potionbrewer:PrivateReserves"],"picked":"potionbrewer:ChainReaction","floor":1.0},{"not_picked":["potionbrewer:Experimentation","potionbrewer:ChemicalShroud"],"picked":"potionbrewer:PortableLab","floor":2.0},{"not_picked":["potionbrewer:CrossReference","potionbrewer:Spark"],"picked":"potionbrewer:BlindingSpray","floor":7.0},{"not_picked":["potionbrewer:Shovel","potionbrewer:LabAccident"],"picked":"potionbrewer:Refill","floor":11.0},{"not_picked":["potionbrewer:PotentialEnergy","potionbrewer:BlindingSpray"],"picked":"potionbrewer:QuickStep","floor":12.0},{"not_picked":["potionbrewer:CrossReference","potionbrewer:VolatileSolution"],"picked":"potionbrewer:ChemicalWeapons","floor":13.0},{"not_picked":["potionbrewer:BottomlessFlask","potionbrewer:PotentialEnergy"],"picked":"potionbrewer:RefinedProcess","floor":16.0},{"not_picked":["potionbrewer:Brandish","potionbrewer:Biohazard","potionbrewer:Shovel+1"],"picked":"SKIP","floor":18.0},{"not_picked":["potionbrewer:Toxicity","potionbrewer:ChokingPowder"],"picked":"potionbrewer:FlashPowder","floor":21.0},{"not_picked":["potionbrewer:Biohazard+1","potionbrewer:TwoForOne+1","potionbrewer:OneTwoPunch"],"picked":"potionbrewer:Prototype","floor":23.0},{"not_picked":["potionbrewer:BalancedFormula","potionbrewer:UnstableFormula","potionbrewer:Brandish+1"],"picked":"SKIP","floor":25.0},{"not_picked":["potionbrewer:Contingency","potionbrewer:Toxicity+1"],"picked":"potionbrewer:Biohazard+1","floor":26.0},{"not_picked":["potionbrewer:ChemicalWeapons","potionbrewer:Refill+1","potionbrewer:UnstableFormula+1"],"picked":"potionbrewer:Prototype","floor":27.0},{"not_picked":["potionbrewer:VolatileSolution","potionbrewer:TestFormula+1","potionbrewer:Spark"],"picked":"SKIP","floor":28.0},{"not_picked":["potionbrewer:FortifiedSerum+1","potionbrewer:Discombobulate+1"],"picked":"potionbrewer:TwoForOne+1","floor":31.0},{"not_picked":["potionbrewer:TwoForOne+1","potionbrewer:HazardousWaste+1","potionbrewer:Prototype"],"picked":"potionbrewer:SpecialFormula+1","floor":33.0},{"not_picked":["potionbrewer:ExplosiveReaction+1","potionbrewer:FortifiedSerum+1","potionbrewer:Prototype"],"picked":"potionbrewer:LeftoverSpecimen+1","floor":35.0},{"not_picked":["potionbrewer:FortifiedSerum+1","potionbrewer:BlindingMist+1","potionbrewer:Prototype"],"picked":"potionbrewer:DigDeep+1","floor":36.0},{"not_picked":["potionbrewer:BlindingMist+1","potionbrewer:UnstableFormula","potionbrewer:QuickStep+1"],"picked":"potionbrewer:Prototype","floor":37.0},{"not_picked":["potionbrewer:AnotherRound+1","potionbrewer:Brandish+1","potionbrewer:ChainReaction"],"picked":"SKIP","floor":38.0},{"not_picked":["potionbrewer:TimeBomb","potionbrewer:ChemicalRage","potionbrewer:Biohazard+1"],"picked":"potionbrewer:Prototype","floor":41},{"not_picked":["potionbrewer:TimeBomb","potionbrewer:CrossReference+1"],"picked":"potionbrewer:TwoForOne+1","floor":44},{"not_picked":["potionbrewer:Contingency","potionbrewer:TimeBomb","potionbrewer:Prototype"],"picked":"potionbrewer:HazardousMaterials+1","floor":46},{"not_picked":["potionbrewer:TestFormula+1","potionbrewer:IronFist","potionbrewer:BlindingMist+1"],"picked":"potionbrewer:Prototype","floor":47},{"not_picked":["potionbrewer:QuickStep+1","potionbrewer:IronFist","potionbrewer:Biohazard+1"],"picked":"SKIP","floor":48},{"not_picked":["potionbrewer:Smokescreen+1","potionbrewer:LabJournal+1","potionbrewer:FortifiedSerum+1"],"picked":"potionbrewer:Prototype","floor":54}],"player_experience":258290,"relics_obtained":[{"floor":7.0,"key":"StuffTheSpire:Rhapsscallions"},{"floor":9.0,"key":"Potion Belt"},{"floor":12.0,"key":"Replay:Bottled Flurry"},{"floor":14.0,"key":"potionbrewer:MortarAndPestle"},{"floor":26.0,"key":"Kunai"},{"floor":31.0,"key":"infinitespire:Broken Mirror"},{"floor":41,"key":"Guardian:GemstoneGun"},{"floor":44,"key":"Pen Nib"},{"floor":47,"key":"StuffTheSpire:Tea"},{"floor":54,"key":"Simple Rune"}],"event_choices":[{"damage_healed":0.0,"max_hp_gain":0.0,"max_hp_loss":0.0,"gold_gain":0.0,"event_name":"Liars Game","player_choice":"Ignored","floor":3.0,"gold_loss":0.0,"damage_taken":0.0},{"damage_healed":0.0,"max_hp_gain":5.0,"max_hp_loss":0.0,"gold_gain":0.0,"event_name":"Big Fish","player_choice":"Donut","floor":4.0,"gold_loss":0.0,"damage_taken":0.0},{"cards_removed":["potionbrewer:ChainReaction"],"damage_healed":0.0,"max_hp_gain":0.0,"max_hp_loss":0.0,"gold_gain":0.0,"event_name":"betterNote:BetterNote","player_choice":"Take \u0026 Give","floor":19.0,"gold_loss":0.0,"damage_taken":0.0,"cards_obtained":["WitchOfGreed"]}],"is_beta":false,"boss_relics":[{"not_picked":["hubris:TerracottaHorce","StuffTheSpire:ModemDavis"],"picked":"SacredBark"},{"not_picked":["expansioncontent:StudyCardRelic","Replay:Drink Me"],"picked":"hubris:Backtick"}],"items_purged_floors":[30,45,53],"is_endless":false,"potions_floor_spawned":[1,7,12,16,21,23,28,31,36,37,44],"ascension_level":14}}