{"host":"1poy056mauca3bbh","time":1613165083,"event":{"mods":["Ascension Unlocker","BaseMod","Bestiary","Block Reminder","Colored Map","Colored Powertips","Curses Come First","Highlight Path","Minty Spire (QoL Compilation)","Permanent Neow","Quick Restart","Rare Cards Sparkle","Relic Stats","Smile Girya","StSLib","UnlockEverythingMod"],"gold_per_floor":[112,112,124,144,63,28,28,44,44,72,72,72,43,118,118,118,118],"floor_reached":16,"language":"ENG","playtime":929,"items_purged":[],"score":196,"play_id":"52145179-3aec-43bd-965c-a7a90069116b","local_time":"20210212162443","is_ascension_mode":true,"campfire_choices":[{"data":"Gash","floor":7.0,"key":"SMITH"},{"floor":12,"key":"REST"},{"floor":15,"key":"REST"}],"circlet_count":0,"master_deck":["AscendersBane","Strike_B","Strike_B","Strike_B","Strike_B","Defend_B","Defend_B","Defend_B","Defend_B","Zap","Dualcast","Gash+1","Chill","Cold Snap","FTL","Auto Shields","Skim","Sweeping Beam+1"],"relics":["Cracked Core","Vajra","Molten Egg 2","Singing Bowl"],"acts_visited":["Exordium"],"potions_floor_usage":[16],"damage_taken":[{"damage":1.0,"enemies":"Cultist","floor":1.0,"turns":3.0},{"damage":0.0,"enemies":"Jaw Worm","floor":3.0,"turns":3.0},{"damage":10.0,"enemies":"2 Louse","floor":4.0,"turns":3.0},{"damage":7.0,"enemies":"Blue Slaver","floor":8.0,"turns":3.0},{"damage":26,"enemies":"Gremlin Nob","floor":10,"turns":4},{"damage":83,"enemies":"Hexaghost","floor":16,"turns":11}],"seed_played":"4257726819265733719","potions_obtained":[{"floor":1.0,"key":"LiquidBronze"},{"floor":3.0,"key":"PotionOfCapacity"}],"is_trial":false,"path_per_floor":["M","?","M","M","$","?","R","M","T","E","?","R","$","?","R","B"],"character_chosen":"DEFECT","items_purchased":["FTL","Sweeping Beam+1"],"campfire_rested":2,"item_purchase_floors":[5,13],"current_hp_per_floor":[63,68,68,58,58,76,76,69,69,43,43,65,65,54,76,0,0],"gold":118,"neow_bonus":"RANDOM_COMMON_RELIC","is_daily":false,"chose_seed":false,"campfire_upgraded":1,"win_rate":0.0,"timestamp":1613165083,"path_taken":["M","?","M","M","$","?","R","M","T","E","?","R","?","?","R","BOSS"],"items_purchased_type":["Card","Card"],"build_version":"2020-12-22","purchased_purges":0,"victory":false,"max_hp_per_floor":[71,76,76,76,76,76,76,76,76,76,76,76,76,76,76,76,76],"relic_stats":{"Singing Bowl":0,"counters":[6,27],"obtain_stats":[{"Singing Bowl":10,"Vajra":0,"Molten Egg 2":9,"Cracked Core":0},{"Singing Bowl":5,"Vajra":0,"Molten Egg 2":4,"Cracked Core":0},{"Singing Bowl":16,"Vajra":0,"Molten Egg 2":12,"Cracked Core":0}]},"card_choices":[{"not_picked":["Capacitor","Ball Lightning"],"picked":"Gash","floor":1.0},{"not_picked":["Go for the Eyes","Amplify"],"picked":"Chill","floor":3.0},{"not_picked":["Coolheaded","Go for the Eyes"],"picked":"Cold Snap","floor":4.0},{"not_picked":["Fusion","Compile Driver"],"picked":"Auto Shields","floor":8.0},{"not_picked":["Compile Driver+1","Conserve Battery"],"picked":"Skim","floor":10}],"player_experience":143822,"relics_obtained":[{"floor":9.0,"key":"Molten Egg 2"},{"floor":10,"key":"Singing Bowl"}],"event_choices":[{"damage_healed":0.0,"max_hp_gain":5.0,"max_hp_loss":0.0,"gold_gain":0.0,"event_name":"Big Fish","player_choice":"Donut","floor":2.0,"gold_loss":0.0,"damage_taken":0.0},{"damage_healed":19.0,"max_hp_gain":0.0,"max_hp_loss":0.0,"gold_gain":0.0,"event_name":"The Cleric","player_choice":"Healed","floor":6.0,"gold_loss":35.0,"damage_taken":0.0},{"damage_healed":0,"gold_gain":0,"player_choice":"Ignored","damage_taken":0,"max_hp_gain":0,"max_hp_loss":0,"event_name":"Golden Wing","floor":11,"gold_loss":0},{"damage_healed":0,"gold_gain":75,"player_choice":"Gather Gold","damage_taken":11,"max_hp_gain":0,"max_hp_loss":0,"event_name":"World of Goop","floor":14,"gold_loss":0}],"is_beta":false,"boss_relics":[],"items_purged_floors":[],"is_endless":false,"potions_floor_spawned":[1,3],"killed_by":"Hexaghost","ascension_level":20}}