{"host":"0mk07bycsqo1qk03","time":1613150208,"event":{"mods":["BaseMod","Downfall","Hermit","Hubris","Minty Spire (QoL Compilation)","Reliquary","Replay The Spire","StSLib","The Cursed"],"gold_per_floor":[112,112,132,132,152,152,152,152,181,181,181,33,33,33,33,46,132,232,232,252,252,26,26,26,26,54,72,72,72,72,85,85,85],"floor_reached":32,"language":"ENG","playtime":924,"items_purged":["ReplayTheSpireMod:Splinters"],"score":381,"play_id":"93ced561-7259-4622-9269-cfc92a57440c","local_time":"20210212181648","is_ascension_mode":true,"campfire_choices":[{"data":"Reprogram","floor":6,"key":"SMITH"},{"floor":10,"key":"REST"},{"data":"Fission","floor":13,"key":"SMITH"},{"data":"BootSequence","floor":15,"key":"SMITH"},{"data":"Zap","floor":25,"key":"SMITH"},{"data":"Conserve Battery","floor":29,"key":"SMITH"}],"circlet_count":0,"master_deck":["AscendersBane","Strike_B+1","Strike_B","Strike_B","Strike_B","Defend_B","Defend_B","Defend_B","Defend_B","Zap+1","Dualcast","FTL+1","Reprogram+1","Fission+1","BootSequence+1","Leap","Fission","Conserve Battery+1","Leap","Shame","Echo Form"],"relics":["Cracked Core","NeowsBlessing","Replay:Accelerometer","Replay:Bottled Steam","reliquary:RoseTintedGlasses","ReplayTheSpireMod:Ring of Challenge","ReplayTheSpireMod:Ring of Collecting","hubris:RunicObelisk","Eternal Feather","Centennial Puzzle","Geode","hubris:SlimyHat","ReplayTheSpireMod:Ring of Addiction","White Beast Statue","Chameleon Ring","Replay:Antivirus Software"],"acts_visited":["Exordium","TheCity"],"potions_floor_usage":[18,26,31,31,32],"damage_taken":[{"damage":0,"enemies":"Jaw Worm","floor":1,"turns":1},{"damage":0,"enemies":"Cultist","floor":3,"turns":1},{"damage":0,"enemies":"2 Louse","floor":5,"turns":1},{"damage":28,"enemies":"3 Sentries","floor":9,"turns":10},{"damage":0,"enemies":"Exordium Wildlife","floor":16,"turns":2},{"damage":17,"enemies":"Fading Forest","floor":18,"turns":11},{"damage":19,"enemies":"3 Byrds","floor":20,"turns":8},{"damage":8,"enemies":"Slavers","floor":26,"turns":10},{"damage":27,"enemies":"Spheric Guardian","floor":27,"turns":6},{"damage":26,"enemies":"Cultist and Chosen","floor":31,"turns":10},{"damage":8,"enemies":"Replay:Snechameleon","floor":32,"turns":2}],"seed_played":"5046713343560185297","potions_obtained":[{"floor":5,"key":"hexamod:SoulburnPotion"},{"floor":16,"key":"Elixir"},{"floor":18,"key":"Block Potion"},{"floor":20,"key":"SneckoOil"},{"floor":26,"key":"Explosive Potion"},{"floor":27,"key":"Venom Potion"},{"floor":28,"key":"LiquidMemories"},{"floor":28,"key":"Block Potion"},{"floor":28,"key":"FearPotion"},{"floor":31,"key":"sneckomod:MuddlingPotion"}],"is_trial":false,"path_per_floor":["M","?","M","?","M","R","PTL","PTL","E","R","T","$","R","?","R","M","R","B",null,"M","?","$","?","$","R","E","M","T","R","?","M","E"],"character_chosen":"DEFECT","items_purchased":["reliquary:RoseTintedGlasses","Centennial Puzzle"],"campfire_rested":1,"item_purchase_floors":[12,22],"current_hp_per_floor":[68,61,61,46,46,46,46,46,18,40,40,40,40,40,40,40,40,39,66,47,47,47,47,47,56,48,21,21,30,30,4,0,0],"gold":85,"neow_bonus":"THREE_ENEMY_KILL","is_daily":false,"chose_seed":false,"campfire_upgraded":5,"win_rate":0.0,"timestamp":1613150208,"path_taken":["M","?","?","?","M","R","PTL","PTL","E","R","T","?","R","?","R","M","R","BOSS","M","?","$","?","$","R","E","?","T","R","?","M","E"],"items_purchased_type":["Relic","Relic"],"build_version":"2020-12-22","purchased_purges":1,"victory":false,"max_hp_per_floor":[75,75,75,75,75,75,75,75,75,75,75,75,75,75,75,75,75,75,75,75,75,75,75,75,75,75,75,75,75,75,75,75,75],"card_choices":[{"not_picked":["BasicCrystalCard","Streamline"],"picked":"FTL","floor":1},{"not_picked":["Rebound","Streamline"],"picked":"Reprogram","floor":3},{"not_picked":["ReplayTheSpireMod:GoodbyeWorld","Heatsinks"],"picked":"Fission","floor":5},{"not_picked":["Time Bomb","Conserve Battery"],"picked":"BootSequence","floor":9},{"not_picked":["Chaos","Barrage"],"picked":"Leap","floor":16},{"not_picked":["hubris:SpecializedCircuitry","Electrodynamics"],"picked":"Fission","floor":18},{"not_picked":["Storm","Defragment","Crystallizer+1"],"picked":"SKIP","floor":20},{"not_picked":["Ball Lightning","BasicCrystalCard"],"picked":"Leap","floor":26},{"not_picked":["Fusion","ReplayTheSpireMod:System Scan+1","Rebound"],"picked":"SKIP","floor":27},{"not_picked":["Redo","Go for the Eyes"],"picked":"Echo Form","floor":31}],"player_experience":1047796,"relics_obtained":[{"floor":9,"key":"Replay:Accelerometer"},{"floor":11,"key":"Replay:Bottled Steam"},{"floor":14,"key":"ReplayTheSpireMod:Ring of Challenge"},{"floor":14,"key":"ReplayTheSpireMod:Ring of Collecting"},{"floor":26,"key":"Geode"},{"floor":28,"key":"hubris:SlimyHat"},{"floor":28,"key":"ReplayTheSpireMod:Ring of Addiction"},{"floor":28,"key":"White Beast Statue"},{"floor":28,"key":"Chameleon Ring"}],"event_choices":[{"damage_healed":0,"gold_gain":0,"player_choice":"Damaged","damage_taken":7,"max_hp_gain":0,"max_hp_loss":0,"event_name":"Wheel of Change","floor":2,"gold_loss":0},{"damage_healed":0,"gold_gain":0,"player_choice":"Entered Light","damage_taken":15,"max_hp_gain":0,"max_hp_loss":0,"event_name":"Shining Light","floor":4,"gold_loss":0,"cards_upgraded":["FTL","Strike_B"]},{"damage_healed":0,"gold_gain":0,"player_choice":"Read","damage_taken":0,"max_hp_gain":0,"max_hp_loss":0,"event_name":"The Library","floor":23,"gold_loss":0,"cards_obtained":["Conserve Battery"]},{"damage_healed":0,"gold_gain":0,"player_choice":"Stole Relic","damage_taken":0,"relics_obtained":["Replay:Antivirus Software"],"max_hp_gain":0,"max_hp_loss":0,"event_name":"Addict","floor":30,"gold_loss":0,"cards_obtained":["Shame"]}],"is_beta":false,"boss_relics":[{"not_picked":["Pandora\u0027s Box","hubris:BlackHole"],"picked":"hubris:RunicObelisk"}],"items_purged_floors":[22],"is_endless":false,"potions_floor_spawned":[5,16,18,20,26,27,31],"killed_by":"Replay:Snechameleon","ascension_level":10}}