{"host":"usru02jcpe2a942d","time":1613109346,"event":{"mods":["Act Like it!","BaseMod","Colored Powertips","GifTheSpireLib","Highlight Path","Hubris","Hunter 猎人","Infinite Spire","Minty Spire (QoL Compilation)","MostiFishMod","Quick Restart","Relic Stats","RumiaBox-露米娅的神秘盒子","StSLib","[IsaacMod]以撒尖塔","noobMod","【遗物卡牌】REMEMod","篝火指南"],"gold_per_floor":[145,162,226,226,242,242,288,40,66,100,163,163,180,197,197,325,325,345,395,395,395,404,440,440,514,514,514,549,583,6,6,6,146,146,169,228,23,72,123,48,96,143,143,180,40,49,138,363,24,24],"floor_reached":51,"language":"ZHS","playtime":2351,"items_purged":["Strike_Giant","Strike_Giant","HPGrowth_Giant","Encourage_Giant","GhostForm_Giant"],"score":1111,"play_id":"8f80a306-2902-4754-aba9-a53be682942c","local_time":"20210212135546","is_ascension_mode":false,"campfire_choices":[{"data":"Commander_Giant","floor":12.0,"key":"SMITH"},{"data":"BettingIsNotGood","floor":15.0,"key":"SMITH"},{"data":"Sacrifice Summons","floor":27.0,"key":"SMITH"},{"data":"hubris:ReadiedAction","floor":32.0,"key":"SMITH"}],"circlet_count":0,"master_deck":["Defend_Giant+1","Defend_Giant+1","Defend_Giant+1","Defend_Giant+1","CultistPetCall+1","EagleFirst+1","EagleFirst+1","EagleSecond","BettingIsNotGood+1","LeftHookFist","Combo Defend","Infinite Combo","SpikerPetCall+1","Death Explode","Commander_Giant+1","Double Mana","Burning Pact Giant","Combo Defend","hubris:ReadiedAction+1","Flash of Steel","Sacrifice Summons+1","Flash of Steel","Seek Combo+1","Violence","Death Prophecy+1","Infinite Combo+1","Seek Pet+1","infinitespire:Collect","Forethought","Retain Combo+1","infinitespire:Collect","Hunter Bow+1","infinitespire:SevenWalls","MostiFishMod:Mottled","infinitespire:Collect","Madness"],"relics":["GiantSoulBox","REME_ComplimentaryCards","DaveBox","ice","HushsDoor","ShadowXiaoBlade","PokeGo","SynthV:TestCard","hubris:Towel","DeathBook","Bronze Scales","infinitespire:Satchel","GiantSoulStone","JellyFishMachine","UnicornStump","Oddly Smooth Stone","HandDrill","REME_LowDesire","PreservedInsect","CeramicFish","Centennial Puzzle","MutagenicStrength","Potion Belt","Mummified Hand","Toy Ornithopter","Strange Spoon","hubris:CrystalStatue","RhineCircuit","Turnip","SteamSale","CaptainsWheel","Civilization","infinitespire:WardingShard","SalivaCoin","REME_PuzzleBoxRelic","Juzu Bracelet","hubris:CuriousFeather","War Paint","Boot","Toolbox"],"acts_visited":["Exordium","TheCity","TheBeyond"],"potions_floor_usage":[50,50,50,50],"damage_taken":[{"damage":0.0,"enemies":"Small Slimes","floor":1.0,"turns":2.0},{"damage":0.0,"enemies":"Cultist","floor":2.0,"turns":3.0},{"damage":0.0,"enemies":"2 Louse","floor":5.0,"turns":1.0},{"damage":13.0,"enemies":"Exordium Thugs","floor":7.0,"turns":5.0},{"damage":4.0,"enemies":"Blue Slaver","floor":10.0,"turns":3.0},{"damage":0.0,"enemies":"3 Sentries","floor":11.0,"turns":2.0},{"damage":8.0,"enemies":"Lots of Slimes","floor":13.0,"turns":2.0},{"damage":3.0,"enemies":"Large Slime","floor":14.0,"turns":3.0},{"damage":32.0,"enemies":"Slime Boss","floor":16.0,"turns":5.0},{"damage":0.0,"enemies":"Spheric Guardian","floor":18.0,"turns":1.0},{"damage":9.0,"enemies":"Hiden Room Battle","floor":19.0,"turns":4.0},{"damage":24.0,"enemies":"Book of Stabbing","floor":23.0,"turns":5.0},{"damage":22.0,"enemies":"Nightmare","floor":25.0,"turns":4.0},{"damage":14.0,"enemies":"2 Thieves","floor":28.0,"turns":3.0},{"damage":0.0,"enemies":"Slavers","floor":29.0,"turns":1.0},{"damage":29.0,"enemies":"Automaton","floor":33.0,"turns":5.0},{"damage":21.0,"enemies":"3 Shapes","floor":35.0,"turns":3.0},{"damage":19.0,"enemies":"Mind Bloom Boss Battle","floor":36.0,"turns":5.0},{"damage":4.0,"enemies":"2 Orb Walkers","floor":38.0,"turns":4.0},{"damage":6.0,"enemies":"Orb Walker","floor":39.0,"turns":2.0},{"damage":25.0,"enemies":"Nightmare","floor":41.0,"turns":3.0},{"damage":0.0,"enemies":"Jaw Worm Horde","floor":42.0,"turns":3.0},{"damage":19.0,"enemies":"Transient","floor":44.0,"turns":5.0},{"damage":0.0,"enemies":"Giant Head","floor":47.0,"turns":4.0},{"damage":0.0,"enemies":"infinitespire:Three Voidlings","floor":48.0,"turns":2.0},{"damage":112.0,"enemies":"Nightmare_Alpha","floor":48.0,"turns":6.0},{"damage":0,"enemies":"hubris:GrandSnecko","floor":50,"turns":2}],"seed_played":"1989665542860633381","potions_obtained":[{"floor":2.0,"key":"Swift Potion"},{"floor":5.0,"key":"SteroidPotion"},{"floor":14.0,"key":"FearPotion"},{"floor":16.0,"key":"DistilledChaos"},{"floor":18.0,"key":"PowerPotion"},{"floor":28.0,"key":"Weak Potion"},{"floor":29.0,"key":"Ancient Potion"},{"floor":38.0,"key":"ColorlessPotion"},{"floor":41.0,"key":"SkillPotion"},{"floor":42.0,"key":"SteroidPotion"},{"floor":44.0,"key":"Energy Potion"},{"floor":48,"key":"SteroidPotion"}],"is_trial":false,"path_per_floor":["M","M","?","?","M","?","M","$","T","M","E","R","M","M","R","B",null,"M","?","?","AVR","?","E","?","NM","T","R","M","E","$","?","R","B",null,"M","?","$","?","M","R","NM","M","T","M","$","?","E","?","R","B",null],"character_chosen":"Giant","items_purchased":["DeathBook","Strange Spoon","hubris:CrystalStatue","EntropicBrew","SteamSale","Civilization","REME_PuzzleBoxRelic","War Paint","Boot","Madness","Toolbox"],"campfire_rested":0,"item_purchase_floors":[8,30,30,30,37,40,45,49,49,49,49],"current_hp_per_floor":[71,71,56,56,56,56,53,53,53,49,54,54,46,43,43,26,86,86,62,62,62,62,58,58,41,41,41,27,27,27,27,27,43,96,75,56,56,52,51,51,56,61,61,51,51,51,61,129,129,134],"gold":24,"neow_bonus":"TEN_PERCENT_HP_BONUS","is_daily":false,"chose_seed":false,"campfire_upgraded":4,"win_rate":0.0,"timestamp":1613109346,"path_taken":["M","M","?","?","M","?","M","$","T","M","E","R","?","M","R","BOSS","M","?","?","AVR","?","E","?","NM","T","R","?","E","$","?","R","BOSS","M","?","$","?","M","R","NM","?","T","M","?","?","E","?","R","BOSS"],"items_purchased_type":["Relic","Relic","Relic","Potion","Relic","Relic","Relic","Relic","Relic","Card","Relic"],"build_version":"2020-12-22","purchased_purges":5,"victory":true,"max_hp_per_floor":[71,71,71,71,71,71,76,76,76,76,81,81,81,81,81,86,86,86,86,86,86,86,86,86,91,91,91,91,91,91,91,91,96,96,96,96,96,96,96,96,99,104,104,109,109,109,119,129,129,134],"relic_stats":{"counters":[27,88],"CeramicFish":171,"PreservedInsect":442,"Juzu Bracelet":1,"War Paint":["SpikerPetCall","CultistPetCall"],"Boot":[0],"Strange Spoon":[39],"Centennial Puzzle":[30],"Mummified Hand":[31],"Bronze Scales":[238],"Turnip":[0],"HandDrill":[28],"obtain_stats":[{"UnicornStump":19,"hubris:CrystalStatue":30,"DaveBox":0,"CeramicFish":21,"ice":0,"Juzu Bracelet":47,"Boot":49,"DeathBook":8,"Civilization":40,"Centennial Puzzle":23,"PokeGo":0,"Mummified Hand":26,"Toolbox":49,"hubris:CuriousFeather":48,"HandDrill":21,"REME_LowDesire":21,"KeepersGift":0,"Potion Belt":25,"JellyFishMachine":17,"Oddly Smooth Stone":19,"ShadowXiaoBlade":0,"PreservedInsect":21,"hubris:Towel":4,"War Paint":49,"SteamSale":37,"RhineCircuit":34,"Strange Spoon":30,"CaptainsWheel":38,"SynthV:TestCard":1,"infinitespire:WardingShard":41,"Bronze Scales":9,"GiantSoulStone":16,"MutagenicStrength":24,"infinitespire:Satchel":11,"Turnip":36,"SalivaCoin":43,"GiantSoulBox":0,"REME_PuzzleBoxRelic":45,"HushsDoor":0,"Toy Ornithopter":29,"REME_ComplimentaryCards":0},{"UnicornStump":11,"hubris:CrystalStatue":15,"DaveBox":0,"CeramicFish":11,"ice":0,"Juzu Bracelet":24,"Boot":26,"DeathBook":4,"Civilization":20,"Centennial Puzzle":12,"PokeGo":0,"Mummified Hand":13,"Toolbox":26,"hubris:CuriousFeather":26,"HandDrill":11,"REME_LowDesire":11,"KeepersGift":0,"Potion Belt":13,"JellyFishMachine":9,"Oddly Smooth Stone":11,"ShadowXiaoBlade":0,"PreservedInsect":11,"hubris:Towel":2,"War Paint":26,"SteamSale":18,"RhineCircuit":16,"Strange Spoon":15,"CaptainsWheel":19,"SynthV:TestCard":1,"infinitespire:WardingShard":21,"Bronze Scales":4,"GiantSoulStone":9,"MutagenicStrength":12,"infinitespire:Satchel":6,"Turnip":18,"SalivaCoin":22,"GiantSoulBox":0,"REME_PuzzleBoxRelic":23,"HushsDoor":0,"Toy Ornithopter":15,"REME_ComplimentaryCards":0},{"UnicornStump":31,"hubris:CrystalStatue":44,"DaveBox":0,"CeramicFish":31,"ice":0,"Juzu Bracelet":78,"Boot":86,"DeathBook":11,"Civilization":63,"Centennial Puzzle":36,"PokeGo":0,"Mummified Hand":40,"Toolbox":86,"hubris:CuriousFeather":86,"HandDrill":31,"REME_LowDesire":31,"KeepersGift":0,"Potion Belt":40,"JellyFishMachine":26,"Oddly Smooth Stone":31,"ShadowXiaoBlade":0,"PreservedInsect":31,"hubris:Towel":5,"War Paint":86,"SteamSale":57,"RhineCircuit":49,"Strange Spoon":44,"CaptainsWheel":61,"SynthV:TestCard":2,"infinitespire:WardingShard":66,"Bronze Scales":11,"GiantSoulStone":26,"MutagenicStrength":36,"infinitespire:Satchel":16,"Turnip":57,"SalivaCoin":69,"GiantSoulBox":0,"REME_PuzzleBoxRelic":74,"HushsDoor":0,"Toy Ornithopter":44,"REME_ComplimentaryCards":0}],"Toy Ornithopter":40},"card_choices":[{"not_picked":[],"picked":"BettingIsNotGood","floor":0.0},{"not_picked":["Mana Growth","Clone Minion"],"picked":"LeftHookFist","floor":1.0},{"not_picked":["Protect_Giant","Combo Recycle","CultistPetCall","Struggle Attack"],"picked":"Combo Defend","floor":2.0},{"not_picked":["Pummel Giant","Resurrection Giant","HealerPetCall","Fanatic Cultist"],"picked":"Infinite Combo","floor":5.0},{"not_picked":["Clone Minion","EagleSecond","Discover Combo","Calmness Giant"],"picked":"SpikerPetCall","floor":7.0},{"not_picked":["Struggle Attack","Clone Minion","Pummel Giant","Retain Combo"],"picked":"Death Explode","floor":10.0},{"not_picked":["One Blood","Rupture Giant","Clone Minion","LeftHookFist"],"picked":"Commander_Giant","floor":11.0},{"not_picked":["Combo Recycle","Trace_Giant","Giant Prayer","Mana Growth"],"picked":"Encourage_Giant","floor":13.0},{"not_picked":["Fanatic Cultist","Mana Growth","Random Death Rattle","Retain Combo"],"picked":"GhostForm_Giant","floor":14.0},{"not_picked":["GhostForm_Giant","Beast Master","One Blood","Upgrade_Giant"],"picked":"Double Mana","floor":16.0},{"not_picked":["EagleThird+1","Pummel Giant","Blood Defend","Heal Wind"],"picked":"Burning Pact Giant","floor":18.0},{"not_picked":["Seek Pet","Fanatic Cultist","Hunter Bow","Calmness Giant+1"],"picked":"Combo Defend","floor":19.0},{"not_picked":["Discover Combo+1","HealerPetCall","Blood Defend","One Blood","Random Death Rattle"],"picked":"Flash of Steel","floor":23.0},{"not_picked":["GremlinTsunderePetCall","ByrdPetCall+1","Calmness Giant","EagleThird","Chrysalis"],"picked":"Sacrifice Summons","floor":25.0},{"not_picked":["Combo Recycle","Death Explode","GremlinTsunderePetCall","Mana Growth+1","Bloody Giant"],"picked":"Flash of Steel","floor":28.0},{"not_picked":["Ready_Giant","Combo Defend","Beast Master","Backward Giant","hubris:Ssssneak"],"picked":"Seek Combo+1","floor":29.0},{"not_picked":["Echo Attack","One Blood","TakeAll_Giant","MultiTurn_Giant","Double Mana"],"picked":"Violence","floor":33.0},{"not_picked":["Beast Master","Fanatic Cultist","EagleSecond+1","GremlinTsunderePetCall","MostiFishMod:Kaleido"],"picked":"Death Prophecy+1","floor":35.0},{"not_picked":["GremlinTsunderePetCall","Trace_Giant+1","Burning Pact Giant","Death Explode","REME_BuildACard"],"picked":"Infinite Combo+1","floor":36.0},{"not_picked":["TakeAction_Giant+1","Heal Wind","Mana Growth","Echo Defend Giant","REME_WheelOfFate"],"picked":"Seek Pet+1","floor":39.0},{"not_picked":["infinitespire:NeuralNetwork","infinitespire:Oblivion"],"picked":"infinitespire:Collect","floor":41.0},{"not_picked":["Giant Prayer","Combo Recycle+1","HealerPetCall+1","The End Giant","Burning Pact Giant+1"],"picked":"Battery","floor":41.0},{"not_picked":["Fanatic Cultist+1","Random Death Rattle+1","TakeAll_Giant","Mana Growth+1","Pummel Giant"],"picked":"Forethought","floor":42.0},{"not_picked":["Echo Defend Giant+1","Death Prophecy+1","Mana Growth+1","Discover Pet+1","REME_ProfessionalPlagiarism"],"picked":"Retain Combo+1","floor":44.0},{"not_picked":["Double Mana","GremlinTsunderePetCall","Echo Defend Giant+1","Trace_Giant","REME_BattleFury"],"picked":"Hunter Bow+1","floor":47.0},{"not_picked":["hubris:Rewind","infinitespire:DeathsTouch"],"picked":"infinitespire:SevenWalls","floor":48},{"not_picked":["Struggle Attack","EagleThird+1","Clone Minion","Recover HP","Backflip Giant"],"picked":"MostiFishMod:Mottled","floor":48}],"player_experience":244312,"relics_obtained":[{"floor":1.0,"key":"SynthV:TestCard"},{"floor":9.0,"key":"Bronze Scales"},{"floor":11.0,"key":"infinitespire:Satchel"},{"floor":16.0,"key":"GiantSoulStone"},{"floor":19.0,"key":"UnicornStump"},{"floor":19.0,"key":"Oddly Smooth Stone"},{"floor":21.0,"key":"PreservedInsect"},{"floor":21.0,"key":"CeramicFish"},{"floor":23.0,"key":"Centennial Puzzle"},{"floor":25.0,"key":"Potion Belt"},{"floor":26.0,"key":"Mummified Hand"},{"floor":29.0,"key":"Toy Ornithopter"},{"floor":36.0,"key":"Turnip"},{"floor":38.0,"key":"CaptainsWheel"},{"floor":41.0,"key":"infinitespire:WardingShard"},{"floor":43.0,"key":"SalivaCoin"},{"floor":47.0,"key":"Juzu Bracelet"},{"floor":48,"key":"hubris:CuriousFeather"}],"event_choices":[{"cards_removed":["Discover Pet"],"damage_healed":0.0,"max_hp_gain":0.0,"max_hp_loss":0.0,"gold_gain":0.0,"event_name":"Living Wall","player_choice":"Forget","floor":6.0,"gold_loss":0.0,"damage_taken":0.0},{"damage_healed":0.0,"max_hp_gain":0.0,"max_hp_loss":0.0,"gold_gain":0.0,"event_name":"HidenRoomEvent","player_choice":"Fight","floor":19.0,"gold_loss":0.0,"damage_taken":0.0},{"damage_healed":0.0,"max_hp_gain":0.0,"max_hp_loss":0.0,"gold_gain":0.0,"event_name":"The Library","player_choice":"Read","floor":22.0,"gold_loss":0.0,"damage_taken":0.0,"cards_obtained":["hubris:ReadiedAction"]},{"damage_healed":0.0,"max_hp_gain":0.0,"max_hp_loss":0.0,"gold_gain":0.0,"event_name":"Drug Dealer","player_choice":"Inject Mutagens","floor":24.0,"gold_loss":0.0,"damage_taken":0.0,"relics_obtained":["MutagenicStrength"]},{"damage_healed":0.0,"max_hp_gain":0.0,"max_hp_loss":0.0,"gold_gain":0.0,"event_name":"Back to Basics","player_choice":"Simplicity","floor":31.0,"gold_loss":0.0,"damage_taken":0.0,"cards_upgraded":["Defend_Giant","Defend_Giant","Defend_Giant","Defend_Giant","EagleFirst","EagleFirst"]},{"damage_healed":0.0,"max_hp_gain":0.0,"max_hp_loss":0.0,"gold_gain":0.0,"event_name":"MindBloom","player_choice":"Fight","floor":36.0,"gold_loss":0.0,"damage_taken":0.0},{"damage_healed":0.0,"max_hp_gain":0.0,"max_hp_loss":0.0,"gold_gain":0.0,"event_name":"Mysterious Sphere","player_choice":"Fight","floor":38.0,"gold_loss":0.0,"damage_taken":0.0},{"damage_healed":0.0,"max_hp_gain":0.0,"max_hp_loss":0.0,"gold_gain":0.0,"event_name":"Duplicator","player_choice":"Copied","floor":46.0,"gold_loss":0.0,"damage_taken":0.0,"cards_obtained":["infinitespire:Collect"]},{"damage_healed":0,"gold_gain":0,"player_choice":"Copied","damage_taken":0,"max_hp_gain":0,"max_hp_loss":0,"event_name":"Duplicator","floor":48,"gold_loss":0,"cards_obtained":["infinitespire:Collect"]}],"is_beta":false,"boss_relics":[{"not_picked":["EE1DDrone","Fusion Hammer"],"picked":"JellyFishMachine"},{"not_picked":[]},{"not_picked":["hubris:ScarierMask","ExusiaiGun"],"picked":"RhineCircuit"},{"not_picked":[]}],"items_purged_floors":[21,30,37,45,49],"is_endless":false,"potions_floor_spawned":[2,5,14,16,18,28,29,38,41,42,44,48],"ascension_level":0}}