{"host":"19r1ww88x2tc73i0","time":1613112693,"event":{"mods":["BaseMod","Bestiary","BetterRewards","Colored Map","Minty Spire (QoL Compilation)","Relic Stats","StSLib","SuperFastMode","slay the spire mod where everything is the same but ironclad has a cowboy hat"],"gold_per_floor":[364,439,120,178,192,192,192,192],"floor_reached":7,"language":"ENG","playtime":232,"items_purged":["Decay"],"score":78,"play_id":"afa4b455-7ead-4d14-9bd9-7ea94fc7dddc","local_time":"25640212135133","is_ascension_mode":true,"campfire_choices":[{"data":"Bouncing Flask","floor":6,"key":"SMITH"}],"circlet_count":0,"master_deck":["AscendersBane","Strike_G","Strike_G+1","Strike_G","Strike_G","Strike_G","Defend_G","Defend_G","Defend_G","Defend_G","Defend_G","Survivor","Neutralize","Noxious Fumes","Backstab+1","Bouncing Flask+1"],"relics":["Ring of the Snake","Whetstone"],"acts_visited":["Exordium"],"potions_floor_usage":[7],"damage_taken":[{"damage":22,"enemies":"Jaw Worm","floor":1,"turns":9},{"damage":0,"enemies":"Small Slimes","floor":5,"turns":3},{"damage":27,"enemies":"3 Sentries","floor":7,"turns":6}],"seed_played":"8863530534447181201","potions_obtained":[{"floor":1,"key":"SkillPotion"}],"is_trial":false,"path_per_floor":["M","?","$","?","M","R","E"],"character_chosen":"THE_SILENT","items_purchased":["Backstab","Whetstone"],"campfire_rested":0,"item_purchase_floors":[3,3],"current_hp_per_floor":[37,26,26,26,26,26,0,0],"gold":192,"neow_bonus":"TWO_FIFTY_GOLD","is_daily":false,"chose_seed":false,"campfire_upgraded":1,"win_rate":0.0,"timestamp":1613112693,"path_taken":["M","?","$","?","M","R","E"],"items_purchased_type":["Card","Relic"],"build_version":"2020-12-22","purchased_purges":1,"victory":false,"max_hp_per_floor":[66,66,66,66,66,66,66,66],"relic_stats":{"counters":[3,18],"Whetstone":["Backstab","Strike_G"],"obtain_stats":[{"Whetstone":3,"Ring of the Snake":0},{"Whetstone":1,"Ring of the Snake":0},{"Whetstone":9,"Ring of the Snake":0}],"Ring of the Snake":[6]},"card_choices":[{"not_picked":["Flying Knee","Choke"],"picked":"Noxious Fumes","floor":1},{"not_picked":["Dodge and Roll","Underhanded Strike"],"picked":"Bouncing Flask","floor":5}],"player_experience":1051573,"relics_obtained":[],"event_choices":[{"damage_healed":0,"gold_gain":75,"player_choice":"Gather Gold","damage_taken":11,"max_hp_gain":0,"max_hp_loss":0,"event_name":"World of Goop","floor":2,"gold_loss":0},{"damage_healed":0,"gold_gain":58,"player_choice":"Gained Gold","damage_taken":0,"max_hp_gain":0,"max_hp_loss":0,"event_name":"Golden Wing","floor":4,"gold_loss":0}],"is_beta":false,"boss_relics":[],"items_purged_floors":[3],"is_endless":false,"potions_floor_spawned":[1],"killed_by":"3 Sentries","ascension_level":20}}