{"host":"2dp3t1i5s6bd92af","time":1613140447,"event":{"mods":["ATMod(ªü½@Mod)","BaseMod","Colored Powertips","Minty Spire (QoL Compilation)","StSLib","The Animator"],"gold_per_floor":[129,229,259,16,16,45,108,125,151,151,245,245,314,377,377,504,504,597,641,740,740,808,868,868,868,868,578,762,762,805,869,869,1039,1064,1149,1149,1274],"floor_reached":38,"language":"ZHS","playtime":2674,"items_purged":["animator:Strike"],"score":722,"play_id":"3091f8eb-a197-4bef-952d-074495904cc7","local_time":"20210212223407","is_ascension_mode":false,"campfire_choices":[{"data":"animator:Nanami","floor":10.0,"key":"SMITH"},{"data":"AT_WindFlip","floor":12.0,"key":"SMITH"},{"data":"animator:Saber","floor":15.0,"key":"SMITH"},{"data":"animator:Biyorigo","floor":24.0,"key":"SMITH"},{"data":"animator:TanyaDegurechaff","floor":29.0,"key":"SMITH"},{"data":"animator:Defend_Konosuba","floor":32.0,"key":"SMITH"}],"circlet_count":0,"master_deck":["animator:Strike_Konosuba","animator:Defend_Konosuba+1","animator:Defend","animator:Defend","animator:Kazuma","animator:Aqua","AT_WindFlip+1","animator:Darkness","animator:Nanami+1","animator:KotoriKanbe","animator:Eris","animator:UneriGinkaku","animator:Saber+1","animator:Togame","animator:Biyorigo+1","animator:Emonzaemon","Necronomicurse","animator:TsurugaMeisai+1","animator:Assassin","animator:Guren","animator:NagisaMomoe","animator:TanyaDegurechaff+1","animator:Saber","animator:Gilgamesh+2","animator:Kyubey","animator:Illya"],"relics":["animator:LivingPicture","animator:TheMissingPiece","AT_ATBox","NeowsBlessing","Membership Card","The Courier","AT_SeraphEmbrace","AT_MibuBalloonWealth","Red Skull","AT_TrinityForce","Necronomicon","CaptainsWheel","Bottled Tornado","ClockworkSouvenir","Juzu Bracelet","Runic Dome"],"acts_visited":["Exordium","TheCity","TheBeyond"],"potions_floor_usage":[37,37],"damage_taken":[{"damage":0.0,"enemies":"Jaw Worm","floor":1.0,"turns":1.0},{"damage":0.0,"enemies":"Cultist","floor":3.0,"turns":1.0},{"damage":0.0,"enemies":"3 Sentries","floor":6.0,"turns":1.0},{"damage":16.0,"enemies":"Lagavulin Event","floor":7.0,"turns":6.0},{"damage":0.0,"enemies":"Small Slimes","floor":8.0,"turns":6.0},{"damage":0.0,"enemies":"3 Louse","floor":11.0,"turns":6.0},{"damage":0.0,"enemies":"Large Slime","floor":13.0,"turns":6.0},{"damage":21.0,"enemies":"Gremlin Nob","floor":14.0,"turns":5.0},{"damage":13.0,"enemies":"Hexaghost","floor":16.0,"turns":11.0},{"damage":8.0,"enemies":"2 Thieves","floor":18.0,"turns":2.0},{"damage":4.0,"enemies":"Chosen","floor":19.0,"turns":4.0},{"damage":6.0,"enemies":"Centurion and Healer","floor":22.0,"turns":4.0},{"damage":19.0,"enemies":"Book of Stabbing","floor":23.0,"turns":5.0},{"damage":0.0,"enemies":"animator:HornedBat","floor":28.0,"turns":1.0},{"damage":27.0,"enemies":"Snecko","floor":30.0,"turns":5.0},{"damage":0.0,"enemies":"Sentry and Sphere","floor":31.0,"turns":5.0},{"damage":16.0,"enemies":"Automaton","floor":33.0,"turns":6.0},{"damage":17.0,"enemies":"3 Shapes","floor":35.0,"turns":2.0},{"damage":53,"enemies":"Awakened One","floor":37,"turns":6}],"seed_played":"-2139761433729055052","potions_obtained":[{"floor":3.0,"key":"Fire Potion"},{"floor":7.0,"key":"Weak Potion"},{"floor":8.0,"key":"Strength Potion"},{"floor":16.0,"key":"animator:FalseLifePotion"},{"floor":18.0,"key":"Ancient Potion"},{"floor":31.0,"key":"PowerPotion"}],"is_trial":false,"path_per_floor":["M","?","M","$","?","E","?","M","T","R","M","R","M","E","R","B",null,"M","M","?","?","M","E","R","?","T","$","E","R","M","M","R","B",null,"M","?","B",null],"character_chosen":"THE_ANIMATOR","items_purchased":["Membership Card","animator:KotoriKanbe","ClockworkSouvenir","animator:TanyaDegurechaff","animator:Saber","animator:Gilgamesh"],"campfire_rested":0,"item_purchase_floors":[4,4,27,27,27,27],"current_hp_per_floor":[66,66,66,66,59,60,49,55,55,55,60,60,65,47,47,40,69,61,62,62,46,47,33,33,33,33,33,33,33,11,14,14,3,71,56,56,8],"gold":1274,"neow_bonus":"THREE_ENEMY_KILL","is_daily":false,"chose_seed":false,"campfire_upgraded":6,"win_rate":0.0,"timestamp":1613140447,"path_taken":["M","?","?","$","?","E","?","M","T","R","M","R","M","E","R","BOSS","M","M","?","?","M","E","R","?","T","$","E","R","M","M","R","BOSS","M","?","BOSS"],"items_purchased_type":["Relic","Card","Relic","Card","Card","Card"],"build_version":"2020-12-22","purchased_purges":1,"victory":true,"max_hp_per_floor":[66,66,66,66,66,67,67,68,68,68,68,68,68,68,68,69,69,69,69,69,69,71,71,71,71,71,71,71,71,71,71,71,71,71,71,71,71],"card_choices":[{"not_picked":["animator:DolaCouronne","animator:Yoichi"],"picked":"animator:Darkness","floor":1.0},{"not_picked":["animator:Mikaela","animator:DolaCouronne"],"picked":"animator:Nanami","floor":3.0},{"not_picked":["animator:Bozes","animator:Rider"],"picked":"animator:Eris","floor":6.0},{"not_picked":["animator:FielNirvalen","animator:OrikoMikuni"],"picked":"animator:UneriGinkaku","floor":8.0},{"not_picked":["animator:TukaLunaMarceau","animator:UneriGinkaku","animator:Shichika"],"picked":"SKIP","floor":11.0},{"not_picked":["animator:Berserker","animator:Mitsurugi"],"picked":"animator:Saber","floor":13.0},{"not_picked":["animator:UneriGinkaku","animator:TsurugaMeisai"],"picked":"animator:Togame","floor":14.0},{"not_picked":["animator:ItamiYouji","animator:FeridBathory"],"picked":"animator:Biyorigo","floor":16.0},{"not_picked":["animator:Verdia+1","animator:Shigure"],"picked":"animator:Emonzaemon","floor":18.0},{"not_picked":["animator:Shigure","animator:Shinoa+1","animator:RoryMercury"],"picked":"SKIP","floor":19.0},{"not_picked":["animator:ShinjiMatou","animator:Kazuma"],"picked":"animator:TsurugaMeisai+1","floor":22.0},{"not_picked":["animator:Alexander","animator:Berserker"],"picked":"animator:Assassin","floor":23.0},{"not_picked":["animator:NagisaMomoe+1","animator:Verdia","animator:Konayuki+1"],"picked":"SKIP","floor":28.0},{"not_picked":["animator:NagisaMomoe+1","animator:Verdia","animator:Konayuki+1"],"picked":"SKIP","floor":28.0},{"not_picked":["animator:Togame+1","animator:FielNirvalen+1","animator:Kuribayashi"],"picked":"SKIP","floor":30.0},{"not_picked":["animator:Caster","animator:HiiragiShinya","animator:Tyuule"],"picked":"SKIP","floor":31.0},{"not_picked":["animator:FeridBathory","animator:Biyorigo"],"picked":"animator:Kyubey","floor":33.0},{"not_picked":["animator:Assassin","animator:SakuraMatou"],"picked":"animator:Illya","floor":35.0}],"player_experience":446808,"relics_obtained":[{"floor":6.0,"key":"The Courier"},{"floor":7.0,"key":"AT_ArchangelStaff"},{"floor":9.0,"key":"AT_MibuBalloonWealth"},{"floor":14.0,"key":"Red Skull"},{"floor":21.0,"key":"Necronomicon"},{"floor":23.0,"key":"CaptainsWheel"},{"floor":26.0,"key":"Bottled Tornado"},{"floor":28.0,"key":"Juzu Bracelet"}],"event_choices":[{"damage_healed":0.0,"max_hp_gain":0.0,"max_hp_loss":0.0,"gold_gain":100.0,"event_name":"Golden Shrine","player_choice":"Pray","floor":2.0,"gold_loss":0.0,"damage_taken":0.0},{"cards_removed":["animator:Strike"],"damage_healed":0.0,"max_hp_gain":0.0,"max_hp_loss":0.0,"gold_gain":0.0,"event_name":"Golden Wing","player_choice":"Card Removal","floor":5.0,"gold_loss":0.0,"damage_taken":7.0},{"damage_healed":0.0,"max_hp_gain":0.0,"max_hp_loss":0.0,"gold_gain":30.0,"event_name":"Dead Adventurer","player_choice":"Searched \u00272\u0027 times","floor":7.0,"gold_loss":0.0,"damage_taken":0.0},{"damage_healed":0.0,"max_hp_gain":0.0,"max_hp_loss":0.0,"gold_gain":99.0,"event_name":"Nest","player_choice":"Stole From Cult","floor":20.0,"gold_loss":0.0,"damage_taken":0.0},{"damage_healed":0.0,"max_hp_gain":0.0,"max_hp_loss":0.0,"gold_gain":0.0,"event_name":"Cursed Tome","player_choice":"Obtained Book","floor":21.0,"gold_loss":0.0,"damage_taken":16.0},{"damage_healed":0.0,"max_hp_gain":0.0,"max_hp_loss":0.0,"gold_gain":0.0,"cards_transformed":["animator:Strike","animator:Defend"],"event_name":"Drug Dealer","player_choice":"Became Test Subject","floor":25.0,"gold_loss":0.0,"damage_taken":0.0,"cards_obtained":["animator:Guren","animator:NagisaMomoe"]},{"damage_healed":0.0,"max_hp_gain":0.0,"max_hp_loss":0.0,"gold_gain":0.0,"event_name":"SecretPortal","player_choice":"Took Portal","floor":36.0,"gold_loss":0.0,"damage_taken":0.0}],"is_beta":false,"boss_relics":[{"not_picked":["AT_MortalBlade","animator:CursedBlade"],"picked":"AT_TrinityForce"},{"not_picked":["Fusion Hammer","animator:VividPicture"],"picked":"Runic Dome"}],"items_purged_floors":[27],"is_endless":false,"potions_floor_spawned":[3,7,8,16,18,23,31],"ascension_level":0}}