{"host":"wyloba13dxa5qu9d","time":1613154233,"event":{"mods":["100% Spire Juice","AchievementEnabler","BaseMod","Bestiary","Colored Map","Colored Powertips","Curses Come First","Downfall","Lobotomy","Marked Mod","Minty Spire (QoL Compilation)","Quick Restart","Reliquary","StSLib","SuperFastMode"],"gold_per_floor":[99,109,22,122,136,36,36,49,64,84,100,114,114,114,114],"floor_reached":13,"language":"ZHS","playtime":580,"items_purged":[],"score":79,"play_id":"82bbbd95-f5e0-4570-a083-0ae2fec9ef2c","local_time":"20210213022353","is_ascension_mode":false,"campfire_choices":[{"floor":1.0,"key":"RECALL"},{"data":"hexamod:EmpoweredFlame","floor":6.0,"key":"SMITH"}],"circlet_count":0,"master_deck":["hexamod:Strike","hexamod:Strike","hexamod:Strike","hexamod:Strike","hexamod:Defend","hexamod:Defend","hexamod:Defend","hexamod:Defend","hexamod:Sear","hexamod:Float","hexamod:ThirdSeal","hexamod:BurningTouch","hexamod:Firestarter","hexamod:EmpoweredFlame+1","hexamod:HeatMetal","hexamod:BurningTouch","hexamod:ExtraCrispy","hexamod:Firestarter","hexamod:HeatCrush","hexamod:HeatShield","hexamod:BurningTouch","hexamod:VolcanoVisage","hexamod:SoulSteal"],"relics":["hexamod:SpiritBrand","downfall:HeartBlessingRed"],"acts_visited":["Exordium"],"potions_floor_usage":[],"damage_taken":[{"damage":1.0,"enemies":"Cultist","floor":2.0,"turns":3.0},{"damage":0.0,"enemies":"downfall:FleeingMerchant","floor":3.0,"turns":4.0},{"damage":11.0,"enemies":"2 Louse","floor":5.0,"turns":4.0},{"damage":3.0,"enemies":"Jaw Worm","floor":8.0,"turns":3.0},{"damage":34.0,"enemies":"Exordium Thugs","floor":9.0,"turns":4.0},{"damage":4.0,"enemies":"Blue Slaver","floor":10.0,"turns":4.0},{"damage":1,"enemies":"2 Fungi Beasts","floor":11,"turns":4},{"damage":7,"enemies":"3 Louse","floor":12,"turns":4},{"damage":18,"enemies":"Lagavulin","floor":13,"turns":4}],"seed_played":"7994079327219776715","potions_obtained":[{"floor":5.0,"key":"champ:CounterPotion"},{"floor":8.0,"key":"EssenceOfSteel"},{"floor":9.0,"key":"Fire Potion"},{"floor":11,"key":"PowerPotion"}],"is_trial":false,"path_per_floor":["R","M","$","?","M","R","T","M","M","M","M","M","E"],"character_chosen":"THE_SPIRIT","items_purchased":["hexamod:EmpoweredFlame"],"campfire_rested":0,"item_purchase_floors":[3],"current_hp_per_floor":[77,76,76,76,65,65,65,62,28,24,23,16,0,0,0],"gold":114,"neow_bonus":"TEN_PERCENT_HP_BONUS","is_daily":false,"chose_seed":false,"campfire_upgraded":1,"win_rate":0.0,"timestamp":1613154233,"path_taken":["R","M","?","?","M","R","T","M","M","M","M","?","E"],"items_purchased_type":["Card"],"build_version":"2020-12-22","purchased_purges":0,"victory":false,"max_hp_per_floor":[77,77,77,77,77,77,77,77,77,77,77,77,77,77,77],"card_choices":[{"not_picked":["hexamod:Hexaguard","hexamod:NightmareGuise"],"picked":"hexamod:ThirdSeal","floor":2.0},{"not_picked":["hexamod:Again","hexamod:HeatMetal"],"picked":"hexamod:BurningTouch","floor":3.0},{"not_picked":["hexamod:GhostflameBarrier","hexamod:FastForward"],"picked":"hexamod:Firestarter","floor":3.0},{"not_picked":["hexamod:SpectersWail","hexamod:SwordOfDarkness"],"picked":"hexamod:HeatMetal","floor":5.0},{"not_picked":["hexamod:AdvancingGuard","hexamod:GhostShield","hexamod:Hexaguard"],"picked":"SKIP","floor":5.0},{"not_picked":["hexamod:NightmareStrike","hexamod:Rewind"],"picked":"hexamod:BurningTouch","floor":8.0},{"not_picked":["hexamod:EmpoweredFlame","hexamod:GhostLash"],"picked":"hexamod:ExtraCrispy","floor":8.0},{"not_picked":["hexamod:SpectralAdrenaline","hexamod:UnleashSpirits"],"picked":"hexamod:Firestarter","floor":9.0},{"not_picked":["hexamod:GhostShield","hexamod:GhostOfSpireFuture"],"picked":"hexamod:HeatCrush","floor":9.0},{"not_picked":["hexamod:RadiantFlame","hexamod:HauntingEcho"],"picked":"hexamod:HeatShield","floor":10.0},{"not_picked":["hexamod:NightmareGuise","hexamod:NightmareStrike"],"picked":"hexamod:BurningTouch","floor":11},{"not_picked":["hexamod:HauntingEcho","hexamod:Firestarter"],"picked":"hexamod:VolcanoVisage","floor":11},{"not_picked":["hexamod:Firestarter","hexamod:GhostShield"],"picked":"hexamod:SoulSteal","floor":12},{"not_picked":["hexamod:CatchUp","hexamod:GhostShield","hexamod:BacktrackSmack"],"picked":"SKIP","floor":12}],"player_experience":154276,"relics_obtained":[],"event_choices":[],"is_beta":false,"boss_relics":[],"items_purged_floors":[],"is_endless":false,"potions_floor_spawned":[5,8,9,11],"killed_by":"Lagavulin","ascension_level":0}}