{"host":"lv7etzzgwahaenh9","time":1613156507,"event":{"mods":["AchievementEnabler","BaseMod","Colored Map","Colored Powertips","Highlight Path","Minty Spire (QoL Compilation)","Permanent Neow","Quick Restart","Random Character Button","StSLib"],"gold_per_floor":[10,22,42,60,60,98,122,122,122,122,160,184,184,222,222,343,343,366,34,65,80,80,116,116,31,109,142,142,178,178,213,213,336,336,359,159,175,538,562,596,614,75,75,109,128,33,33,48,48,48,48],"floor_reached":50,"language":"ENG","playtime":2887,"items_purged":["Strike_R","Strike_R","Strike_R"],"score":892,"play_id":"195f14ba-9afa-4d01-aa95-03dca4422da2","local_time":"20210212110147","is_ascension_mode":true,"campfire_choices":[{"data":"Bash","floor":13.0,"key":"SMITH"},{"data":"Intimidate","floor":15.0,"key":"SMITH"},{"floor":24.0,"key":"REST"},{"data":"Corruption","floor":28.0,"key":"SMITH"},{"data":"Fiend Fire","floor":30.0,"key":"SMITH"},{"floor":32.0,"key":"REST"},{"floor":47,"key":"RECALL"},{"data":"Fiend Fire","floor":49,"key":"SMITH"}],"circlet_count":0,"master_deck":["Strike_R+1","Defend_R","Defend_R","Defend_R","Defend_R","Bash+1","Anger","Shockwave+1","Cleave","Pommel Strike","Second Wind","Carnage","Dark Shackles","Intimidate","Intimidate+1","Shrug It Off","Fiend Fire+1","Uppercut","Clothesline+1","Dark Embrace","Corruption+1","Shrug It Off","Exhume","Power Through","Armaments","Burning Pact","Power Through+1","Apotheosis","Seeing Red","Madness","Fiend Fire+1"],"relics":["Burning Blood","Lizard Tail","Golden Idol","Orichalcum","Self Forming Clay","Potion Belt","Champion Belt","Snecko Eye","Mummified Hand","Red Mask","HornCleat","Boot","Bottled Lightning","Vajra","Whetstone","Pen Nib","Runic Pyramid","Old Coin","Smiling Mask","Ancient Tea Set","Happy Flower","Torii"],"acts_visited":["Exordium","TheCity","TheBeyond"],"potions_floor_usage":[44,50,50],"damage_taken":[{"damage":6.0,"enemies":"2 Louse","floor":1.0,"turns":4.0},{"damage":7.0,"enemies":"Jaw Worm","floor":2.0,"turns":2.0},{"damage":0.0,"enemies":"Cultist","floor":3.0,"turns":3.0},{"damage":5.0,"enemies":"2 Fungi Beasts","floor":4.0,"turns":3.0},{"damage":12.0,"enemies":"Gremlin Nob","floor":6.0,"turns":3.0},{"damage":0.0,"enemies":"Large Slime","floor":7.0,"turns":5.0},{"damage":14.0,"enemies":"3 Sentries","floor":11.0,"turns":5.0},{"damage":0.0,"enemies":"3 Louse","floor":12.0,"turns":2.0},{"damage":14.0,"enemies":"Gremlin Nob","floor":14.0,"turns":4.0},{"damage":35.0,"enemies":"Hexaghost","floor":16.0,"turns":10.0},{"damage":5.0,"enemies":"Shell Parasite","floor":18.0,"turns":3.0},{"damage":29.0,"enemies":"Masked Bandits","floor":20.0,"turns":5.0},{"damage":11.0,"enemies":"2 Thieves","floor":21.0,"turns":3.0},{"damage":24.0,"enemies":"Book of Stabbing","floor":23.0,"turns":5.0},{"damage":14.0,"enemies":"Gremlin Leader","floor":27.0,"turns":5.0},{"damage":5.0,"enemies":"Book of Stabbing","floor":29.0,"turns":4.0},{"damage":2.0,"enemies":"Gremlin Leader","floor":31.0,"turns":4.0},{"damage":44.0,"enemies":"Automaton","floor":33.0,"turns":10.0},{"damage":6.0,"enemies":"3 Shapes","floor":35.0,"turns":2.0},{"damage":0.0,"enemies":"Orb Walker","floor":37.0,"turns":2.0},{"damage":11.0,"enemies":"2 Orb Walkers","floor":38.0,"turns":4.0},{"damage":9.0,"enemies":"4 Shapes","floor":39.0,"turns":4.0},{"damage":4,"enemies":"Giant Head","floor":40,"turns":6},{"damage":1,"enemies":"3 Darklings","floor":41,"turns":5},{"damage":15,"enemies":"Nemesis","floor":44,"turns":5},{"damage":0,"enemies":"Transient","floor":45,"turns":5},{"damage":12,"enemies":"Maw","floor":48,"turns":10},{"damage":143,"enemies":"Awakened One","floor":50,"turns":11}],"seed_played":"7374775271250537961","potions_obtained":[{"floor":3.0,"key":"Energy Potion"},{"floor":4.0,"key":"SkillPotion"},{"floor":6.0,"key":"DuplicationPotion"},{"floor":7.0,"key":"LiquidMemories"},{"floor":11.0,"key":"BloodPotion"},{"floor":16.0,"key":"Fire Potion"},{"floor":21.0,"key":"SteroidPotion"},{"floor":31.0,"key":"EssenceOfSteel"},{"floor":35.0,"key":"Fruit Juice"},{"floor":39.0,"key":"Fire Potion"},{"floor":41,"key":"Dexterity Potion"},{"floor":45,"key":"Weak Potion"}],"is_trial":false,"path_per_floor":["M","M","M","M","?","E","M","?","T","?","E","M","R","E","R","B",null,"M","$","?","M","?","E","R","?","T","E","R","E","R","E","R","B",null,"M","$","M","?","M","E","M","$","T","E","M","$","R","M","R","B"],"character_chosen":"IRONCLAD","items_purchased":["Mummified Hand","Armaments","Explosive Potion","Apotheosis","Ancient Tea Set","Happy Flower","Madness"],"campfire_rested":2,"item_purchase_floors":[19,36,36,42,42,42,46],"current_hp_per_floor":[72,71,77,78,58,52,58,58,58,58,50,56,56,48,48,19,65,66,66,43,38,38,20,44,44,44,36,36,37,37,41,65,27,67,67,67,73,68,65,67,72,72,72,63,69,69,69,63,63,0,0],"gold":48,"neow_bonus":"ONE_RARE_RELIC","is_daily":false,"chose_seed":false,"campfire_upgraded":5,"win_rate":0.0,"timestamp":1613156507,"path_taken":["M","M","M","M","?","E","M","?","T","?","E","M","R","E","R","BOSS","M","?","?","M","?","E","R","?","T","E","R","E","R","E","R","BOSS","M","$","M","?","M","E","M","$","T","E","M","$","R","M","R","BOSS"],"items_purchased_type":["Relic","Card","Potion","Card","Relic","Relic","Card"],"build_version":"2020-12-22","purchased_purges":3,"victory":false,"max_hp_per_floor":[80,80,80,80,80,80,80,80,80,80,80,80,80,80,80,80,80,80,80,80,80,80,80,80,80,80,80,80,80,80,80,80,80,80,80,80,80,80,80,80,80,80,80,80,80,80,80,80,80,85,85],"card_choices":[{"not_picked":["Flex","True Grit"],"picked":"Anger","floor":1.0},{"not_picked":["Seeing Red","Burning Pact"],"picked":"Shockwave","floor":2.0},{"not_picked":["Sword Boomerang","Anger"],"picked":"Cleave","floor":3.0},{"not_picked":["Iron Wave","Sword Boomerang"],"picked":"Pommel Strike","floor":4.0},{"not_picked":["Juggernaut","Iron Wave"],"picked":"Second Wind","floor":6.0},{"not_picked":["Warcry","Bloodletting"],"picked":"Carnage","floor":7.0},{"not_picked":["Flex","Pummel"],"picked":"Intimidate","floor":11.0},{"not_picked":["Armaments","Sword Boomerang"],"picked":"Intimidate","floor":12.0},{"not_picked":["Sword Boomerang","Heavy Blade"],"picked":"Shrug It Off","floor":14.0},{"not_picked":["Reaper","Brutality"],"picked":"Fiend Fire","floor":16.0},{"not_picked":["Twin Strike","Shrug It Off+1"],"picked":"Uppercut","floor":18.0},{"not_picked":["Headbutt","Armaments"],"picked":"Clothesline","floor":20.0},{"not_picked":["Flex","Body Slam+1"],"picked":"Dark Embrace","floor":21.0},{"not_picked":["Rampage","Dark Embrace","Sword Boomerang"],"picked":"SKIP","floor":23.0},{"not_picked":["Pommel Strike","Immolate"],"picked":"Corruption","floor":27.0},{"not_picked":["Infernal Blade","Perfected Strike+1","Warcry"],"picked":"SKIP","floor":29.0},{"not_picked":["Cleave","Offering"],"picked":"Shrug It Off","floor":31.0},{"not_picked":["Reaper","Berserk"],"picked":"Exhume","floor":33.0},{"not_picked":["Body Slam+1","Sentinel+1"],"picked":"Power Through","floor":35.0},{"not_picked":["Pommel Strike+1","Pummel","Headbutt+1"],"picked":"SKIP","floor":37.0},{"not_picked":["Metallicize","Sword Boomerang"],"picked":"Burning Pact","floor":38.0},{"not_picked":["Body Slam","Anger+1","Havoc"],"picked":"SKIP","floor":39.0},{"not_picked":["Clash+1","Whirlwind+1","Iron Wave"],"picked":"SKIP","floor":40},{"not_picked":["Rampage+1","Warcry"],"picked":"Power Through+1","floor":41},{"not_picked":["Metallicize","Warcry","Body Slam+1"],"picked":"SKIP","floor":44},{"not_picked":["Perfected Strike+1","Thunderclap"],"picked":"Seeing Red","floor":45},{"not_picked":["Havoc+1","Infernal Blade+1"],"picked":"Fiend Fire","floor":48}],"player_experience":340261,"relics_obtained":[{"floor":6.0,"key":"Orichalcum"},{"floor":9.0,"key":"Self Forming Clay"},{"floor":11.0,"key":"Potion Belt"},{"floor":14.0,"key":"Champion Belt"},{"floor":20.0,"key":"Red Mask"},{"floor":23.0,"key":"HornCleat"},{"floor":26.0,"key":"Bottled Lightning"},{"floor":27.0,"key":"Vajra"},{"floor":29.0,"key":"Whetstone"},{"floor":31.0,"key":"Pen Nib"},{"floor":38.0,"key":"Old Coin"},{"floor":40,"key":"Smiling Mask"},{"floor":44,"key":"Torii"}],"event_choices":[{"damage_healed":0.0,"max_hp_gain":0.0,"max_hp_loss":0.0,"gold_gain":0.0,"event_name":"Golden Idol","player_choice":"Take Damage","floor":5.0,"gold_loss":0.0,"damage_taken":20.0,"relics_obtained":["Golden Idol"]},{"damage_healed":0.0,"max_hp_gain":0.0,"max_hp_loss":0.0,"gold_gain":0.0,"event_name":"Living Wall","player_choice":"Grow","floor":8.0,"gold_loss":0.0,"damage_taken":0.0,"cards_upgraded":["Shockwave"]},{"damage_healed":0.0,"max_hp_gain":0.0,"max_hp_loss":0.0,"gold_gain":0.0,"event_name":"Match and Keep!","player_choice":"1 cards matched","floor":10.0,"gold_loss":0.0,"damage_taken":0.0,"cards_obtained":["Dark Shackles"]},{"damage_healed":0.0,"max_hp_gain":0.0,"max_hp_loss":0.0,"gold_gain":0.0,"event_name":"Masked Bandits","player_choice":"Fought Bandits","floor":20.0,"gold_loss":0.0,"damage_taken":0.0},{"cards_removed":["Strike_R"],"damage_healed":0.0,"max_hp_gain":0.0,"max_hp_loss":0.0,"gold_gain":0.0,"event_name":"Back to Basics","player_choice":"Elegance","floor":22.0,"gold_loss":0.0,"damage_taken":0.0},{"damage_healed":0.0,"max_hp_gain":0.0,"max_hp_loss":0.0,"gold_gain":0.0,"event_name":"Addict","player_choice":"Obtained Relic","floor":25.0,"gold_loss":85.0,"damage_taken":0.0,"relics_obtained":["Boot"]},{"damage_healed":0.0,"max_hp_gain":0.0,"max_hp_loss":0.0,"gold_gain":0.0,"event_name":"Mysterious Sphere","player_choice":"Fight","floor":38.0,"gold_loss":0.0,"damage_taken":0.0}],"is_beta":false,"boss_relics":[{"not_picked":["Tiny House","SacredBark"],"picked":"Snecko Eye"},{"not_picked":["Cursed Key","Velvet Choker"],"picked":"Runic Pyramid"}],"items_purged_floors":[19,36,42],"is_endless":false,"potions_floor_spawned":[3,4,6,7,11,16,21,31,35,39,41,45],"killed_by":"Awakened One","ascension_level":9}}