{"host":"p8bnstsjdxjza4jm","time":1613133447,"event":{"mods":["BaseMod","Colored Powertips","Marisa£¨Ùöéë¡¡Øª×âÞÞ£©","Minty Spire (QoL Compilation)","Quick Restart","StSLib"],"gold_per_floor":[114,131,131,131,149,149,74,117,117,117,117,158,171,185,185,309,309,325,325,336,349,212,212,238,238,238,258,358,358,374,390,390,495,495,515,515,530,249,296,296,326,326,399,399,413,111,0,10,10,10],"floor_reached":51,"language":"KOR","playtime":2515,"items_purged":["Strike_R","Strike_R","Strike_R","Strike_R"],"score":788,"play_id":"8c7159d0-bae1-4971-bc9a-4ace3fbe5baa","local_time":"20210212213727","is_ascension_mode":true,"campfire_choices":[{"data":"Bloodletting","floor":6.0,"key":"SMITH"},{"floor":15.0,"key":"REST"},{"data":"Rupture","floor":23.0,"key":"SMITH"},{"data":"Blood for Blood","floor":25.0,"key":"SMITH"},{"floor":29.0,"key":"REST"},{"data":"Whirlwind","floor":32.0,"key":"SMITH"},{"floor":40.0,"key":"REST"},{"data":"Offering","floor":42.0,"key":"SMITH"},{"data":"Double Tap","floor":44.0,"key":"SMITH"},{"floor":49.0,"key":"REST"}],"circlet_count":0,"master_deck":["Strike_R","Defend_R","Defend_R","Defend_R","Defend_R","Bash","Hemokinesis+1","Bloodletting+1","Rage","Whirlwind+1","Double Tap+1","Warcry+1","Blood for Blood+1","Rupture+1","Offering+1","Blood for Blood+1"],"relics":["Burning Blood","NeowsBlessing","Bloody Idol","CaptainsWheel","Letter Opener","Prayer Wheel","Singing Bowl","Runic Cube","Calipers","Pear","Lizard Tail","Question Card","Philosopher\u0027s Stone","DollysMirror","Magic Flower","Lantern","Gremlin Horn","Chemical X","Red Mask"],"acts_visited":["Exordium","TheCity","TheBeyond"],"potions_floor_usage":[50,50,50],"damage_taken":[{"damage":0.0,"enemies":"Small Slimes","floor":1.0,"turns":1.0},{"damage":2.0,"enemies":"Cultist","floor":2.0,"turns":1.0},{"damage":0.0,"enemies":"2 Louse","floor":5.0,"turns":1.0},{"damage":24.0,"enemies":"3 Sentries","floor":8.0,"turns":6.0},{"damage":11.0,"enemies":"Lagavulin","floor":12.0,"turns":6.0},{"damage":14.0,"enemies":"Exordium Wildlife","floor":13.0,"turns":3.0},{"damage":2.0,"enemies":"2 Fungi Beasts","floor":14.0,"turns":2.0},{"damage":50.0,"enemies":"The Guardian","floor":16.0,"turns":9.0},{"damage":4.0,"enemies":"Spheric Guardian","floor":18.0,"turns":4.0},{"damage":5.0,"enemies":"3 Byrds","floor":20.0,"turns":3.0},{"damage":12.0,"enemies":"Cultist and Chosen","floor":21.0,"turns":2.0},{"damage":44.0,"enemies":"Gremlin Leader","floor":24.0,"turns":5.0},{"damage":17.0,"enemies":"Centurion and Healer","floor":27.0,"turns":3.0},{"damage":13.0,"enemies":"Colosseum Slavers","floor":28.0,"turns":3.0},{"damage":11.0,"enemies":"Colosseum Nobs","floor":28.0,"turns":5.0},{"damage":19.0,"enemies":"Snake Plant","floor":30.0,"turns":4.0},{"damage":14.0,"enemies":"Sentry and Sphere","floor":31.0,"turns":3.0},{"damage":32.0,"enemies":"Collector","floor":33.0,"turns":4.0},{"damage":25.0,"enemies":"3 Darklings","floor":35.0,"turns":2.0},{"damage":43.0,"enemies":"3 Shapes","floor":37.0,"turns":3.0},{"damage":36.0,"enemies":"2 Orb Walkers","floor":39.0,"turns":3.0},{"damage":21.0,"enemies":"Reptomancer","floor":41.0,"turns":2.0},{"damage":32.0,"enemies":"Writhing Mass","floor":45.0,"turns":2.0},{"damage":14.0,"enemies":"Maw","floor":48.0,"turns":3.0},{"damage":38,"enemies":"Awakened One","floor":50,"turns":5}],"seed_played":"8360082062710504773","potions_obtained":[{"floor":1.0,"key":"Explosive Potion"},{"floor":8.0,"key":"Explosive Potion"},{"floor":13.0,"key":"Explosive Potion"},{"floor":14.0,"key":"EntropicBrew"},{"floor":16.0,"key":"FearPotion"},{"floor":18.0,"key":"PowerPotion"},{"floor":27.0,"key":"Block Potion"},{"floor":28.0,"key":"Block Potion"},{"floor":30.0,"key":"Swift Potion"},{"floor":39.0,"key":"BlessingOfTheForge"},{"floor":45.0,"key":"Block Potion"},{"floor":48.0,"key":"Energy Potion"}],"is_trial":false,"path_per_floor":["M","M","?","?","M","R","$","E","T","T","?","E","M","M","R","B",null,"M","?","M","M","$","R","E","R","T","M","?","R","M","M","R","B",null,"M","?","M","$","?","R","E","R","T","R","M","$","?","M","R","B",null],"character_chosen":"IRONCLAD","items_purchased":["Rupture","DollysMirror","Chemical X"],"campfire_rested":4,"item_purchase_floors":[22,38,46],"current_hp_per_floor":[80,80,60,60,66,66,66,48,48,48,48,45,39,45,70,28,88,90,90,92,95,95,95,64,64,74,72,67,101,97,98,98,77,122,112,114,86,86,63,103,98,98,103,103,89,89,89,93,136,107],"gold":10,"neow_bonus":"THREE_ENEMY_KILL","is_daily":false,"chose_seed":false,"campfire_upgraded":6,"win_rate":0.0,"timestamp":1613133447,"path_taken":["M","M","?","?","?","R","$","E","T","?","?","E","M","M","R","BOSS","M","?","M","M","$","R","E","R","T","M","?","R","M","M","R","BOSS","M","?","M","$","?","R","E","R","T","R","M","$","?","M","R","BOSS"],"items_purchased_type":["Card","Relic","Relic"],"build_version":"2020-12-22","purchased_purges":4,"victory":true,"max_hp_per_floor":[80,80,80,80,80,80,80,80,80,80,80,82,84,86,86,88,88,90,90,92,96,96,96,98,98,108,112,114,114,118,122,122,122,122,126,128,132,132,134,134,136,136,136,136,140,140,140,144,144,144],"card_choices":[{"not_picked":["Spot Weakness","Iron Wave"],"picked":"Hemokinesis","floor":1.0},{"not_picked":["Headbutt","Iron Wave"],"picked":"Bloodletting","floor":2.0},{"not_picked":["Spot Weakness","Flex","Iron Wave"],"picked":"SKIP","floor":5.0},{"not_picked":["Perfected Strike","Carnage"],"picked":"Rage","floor":8.0},{"not_picked":["Dark Embrace","Entrench","Thunderclap"],"picked":"Singing Bowl","floor":12.0},{"not_picked":["Sever Soul","Armaments","Body Slam"],"picked":"Singing Bowl","floor":13.0},{"not_picked":["Sword Boomerang","Thunderclap"],"picked":"Whirlwind","floor":13.0},{"not_picked":["Twin Strike","Anger","Wild Strike"],"picked":"Singing Bowl","floor":14.0},{"not_picked":["Shrug It Off","Warcry"],"picked":"Double Tap","floor":14.0},{"not_picked":["Bludgeon","Reaper","Barricade"],"picked":"Singing Bowl","floor":16.0},{"not_picked":["Thunderclap+1","Sever Soul"],"picked":"Warcry+1","floor":18.0},{"not_picked":["Heavy Blade","Spot Weakness","Wild Strike+1"],"picked":"Singing Bowl","floor":18.0},{"not_picked":["Perfected Strike+1","Twin Strike+1","Havoc+1"],"picked":"Singing Bowl","floor":20.0},{"not_picked":["Thunderclap","Battle Trance"],"picked":"Blood for Blood","floor":20.0},{"not_picked":["Flame Barrier+1","Flex","Searing Blow"],"picked":"Singing Bowl","floor":21.0},{"not_picked":["Thunderclap","Pummel","Perfected Strike"],"picked":"Singing Bowl","floor":21.0},{"not_picked":["Sword Boomerang","Uppercut","Anger"],"picked":"Singing Bowl","floor":24.0},{"not_picked":["Flex","Armaments","True Grit"],"picked":"Singing Bowl","floor":27.0},{"not_picked":["Headbutt+1","Heavy Blade","Perfected Strike"],"picked":"Singing Bowl","floor":27.0},{"not_picked":["True Grit","Infernal Blade","Heavy Blade"],"picked":"Singing Bowl","floor":28.0},{"not_picked":["Shockwave","Second Wind","True Grit+1","Wild Strike"],"picked":"Singing Bowl","floor":30.0},{"not_picked":["Perfected Strike","Bludgeon","Disarm+1","Armaments+1"],"picked":"Singing Bowl","floor":30.0},{"not_picked":["Hemokinesis","Second Wind+1","Cleave","Searing Blow"],"picked":"Singing Bowl","floor":31.0},{"not_picked":["Wild Strike","Havoc","Infernal Blade+1","Rage"],"picked":"Singing Bowl","floor":31.0},{"not_picked":["Demon Form","Corruption","Immolate"],"picked":"Offering","floor":33.0},{"not_picked":["Flame Barrier+1","Reckless Charge+1","Rupture","Perfected Strike+1"],"picked":"Singing Bowl","floor":35.0},{"not_picked":["Cleave+1","Rampage","Pommel Strike","Shrug It Off"],"picked":"Singing Bowl","floor":35.0},{"not_picked":["Impatience","Enlightenment","Secret Technique","Apotheosis"],"picked":"Singing Bowl","floor":36.0},{"not_picked":["Anger+1","Perfected Strike+1","Warcry+1","Rupture+1"],"picked":"Singing Bowl","floor":37.0},{"not_picked":["Perfected Strike","Wild Strike","Offering","Sword Boomerang"],"picked":"Singing Bowl","floor":37.0},{"not_picked":["Warcry","Perfected Strike+1","Feel No Pain+1","Uppercut+1"],"picked":"Singing Bowl","floor":39.0},{"not_picked":["Clothesline","Perfected Strike","Thunderclap","Carnage+1"],"picked":"Singing Bowl","floor":41.0},{"not_picked":["Battle Trance+1","Warcry+1","Shrug It Off","Sentinel+1"],"picked":"Singing Bowl","floor":45.0},{"not_picked":["Offering","Perfected Strike+1","Armaments","Anger"],"picked":"Singing Bowl","floor":45.0},{"not_picked":["True Grit+1","Warcry+1","Power Through","Anger+1"],"picked":"Singing Bowl","floor":48.0},{"not_picked":["Perfected Strike+1","Shrug It Off","Infernal Blade","Flex"],"picked":"Singing Bowl","floor":48.0}],"player_experience":96379,"relics_obtained":[{"floor":8.0,"key":"CaptainsWheel"},{"floor":9.0,"key":"Letter Opener"},{"floor":10.0,"key":"Prayer Wheel"},{"floor":12.0,"key":"Singing Bowl"},{"floor":24.0,"key":"Calipers"},{"floor":26.0,"key":"Pear"},{"floor":28.0,"key":"Lizard Tail"},{"floor":28.0,"key":"Question Card"},{"floor":39.0,"key":"Magic Flower"},{"floor":41.0,"key":"Lantern"},{"floor":43.0,"key":"Gremlin Horn"}],"event_choices":[{"damage_healed":0.0,"max_hp_gain":0.0,"max_hp_loss":0.0,"gold_gain":0.0,"event_name":"Golden Idol","player_choice":"Take Damage","floor":3.0,"gold_loss":0.0,"damage_taken":20.0,"relics_obtained":["Golden Idol"]},{"damage_healed":0.0,"max_hp_gain":0.0,"max_hp_loss":0.0,"gold_gain":0.0,"event_name":"Upgrade Shrine","player_choice":"Upgraded","floor":4.0,"gold_loss":0.0,"damage_taken":0.0,"cards_upgraded":["Hemokinesis"]},{"damage_healed":0.0,"max_hp_gain":0.0,"max_hp_loss":0.0,"gold_gain":0.0,"event_name":"Liars Game","player_choice":"Ignored","floor":11.0,"gold_loss":0.0,"damage_taken":0.0},{"damage_healed":0.0,"max_hp_gain":0.0,"max_hp_loss":0.0,"gold_gain":0.0,"event_name":"Forgotten Altar","player_choice":"Gave Idol","floor":19.0,"relics_lost":["Golden Idol"],"gold_loss":0.0,"damage_taken":0.0,"relics_obtained":["Bloody Idol"]},{"damage_healed":0.0,"max_hp_gain":0.0,"max_hp_loss":0.0,"gold_gain":0.0,"event_name":"Colosseum","player_choice":"Fight","floor":28.0,"gold_loss":0.0,"damage_taken":0.0},{"damage_healed":0.0,"max_hp_gain":0.0,"max_hp_loss":0.0,"gold_gain":0.0,"event_name":"Colosseum","player_choice":"Fought Nobs","floor":28.0,"gold_loss":0.0,"damage_taken":0.0},{"damage_healed":0.0,"max_hp_gain":0.0,"max_hp_loss":0.0,"gold_gain":0.0,"event_name":"SensoryStone","player_choice":"Memory 1","floor":36.0,"gold_loss":0.0,"damage_taken":0.0},{"damage_healed":0.0,"max_hp_gain":0.0,"max_hp_loss":0.0,"gold_gain":0.0,"event_name":"Mysterious Sphere","player_choice":"Fight","floor":39.0,"gold_loss":0.0,"damage_taken":0.0},{"damage_healed":0.0,"max_hp_gain":0.0,"max_hp_loss":0.0,"gold_gain":0.0,"event_name":"Tomb of Lord Red Mask","player_choice":"Paid","floor":47.0,"gold_loss":111.0,"damage_taken":0.0,"relics_obtained":["Red Mask"]}],"is_beta":false,"boss_relics":[{"not_picked":["Calling Bell","Astrolabe"],"picked":"Runic Cube"},{"not_picked":["Fusion Hammer","Pandora\u0027s Box"],"picked":"Philosopher\u0027s Stone"}],"items_purged_floors":[7,22,38,46],"is_endless":false,"potions_floor_spawned":[1,8,13,14,16,18,27,28,30,39,45,48],"ascension_level":1}}