{"host":"xi9hztp74zq5zdao","time":1613108377,"event":{"mods":["2.2 Compatiblity","BaseMod","Beaked The Cultist","Colored Map","Googly Eyes","Minty Spire (QoL Compilation)","Relic Sorter","StSLib","The Construct","The Gatherer","everything is the same but u backflip on backflip"],"gold_per_floor":[111,111,111,111,127,127,52,67,67,67,67,80,106,118,118,217,217,235,250,264,281,311,311,329,329,410,410,410,428,447,21,21,117,117,128,350,365,365,122,122,122,20,20,71,88,88,108,127,127,127],"floor_reached":51,"language":"ENG","playtime":3004,"items_purged":["Gatherer:Nutrients","Gatherer:Defend_Gatherer"],"score":794,"play_id":"14d4f8f0-1ea9-493f-bbfd-6b0d5f231d2c","local_time":"20210212003937","is_ascension_mode":true,"metric_token":721,"campfire_choices":[{"data":"Gatherer:FlowerPower+2","floor":6,"key":"SMITH"},{"data":"Gatherer:FlowerWhip+1","floor":10,"key":"SMITH"},{"data":"Gatherer:FlowerWhip+2","floor":15,"key":"SMITH"},{"data":"Gatherer:SmartManeuver","floor":23,"key":"SMITH"},{"data":"Gatherer:Centralize","floor":25,"key":"SMITH"},{"data":"Gatherer:Snatch","floor":28,"key":"SMITH"},{"data":"Gatherer:WoolGloves","floor":32,"key":"SMITH"},{"data":"Gatherer:UpgradeBag","floor":40,"key":"SMITH"},{"data":"Gatherer:BlackTea","floor":46,"key":"SMITH"},{"data":"Gatherer:Snatch","floor":49,"key":"SMITH"}],"circlet_count":0,"master_deck":["Gatherer:Strike_Gatherer","Gatherer:Strike_Gatherer+1","Gatherer:Defend_Gatherer","Gatherer:Defend_Gatherer+1","Gatherer:Defend_Gatherer","Gatherer:Defend_Gatherer","Gatherer:Centralize+1","Gatherer:FlowerWhip+3","Gatherer:FlowerPower+3","Gatherer:QuickSynthesis+1","Gatherer:SmartManeuver+1","Gatherer:StoneFence","Gatherer:WoolGloves+1","Gatherer:BlackTea+1","Gatherer:Snatch+1","Gatherer:WoolGloves","Gatherer:Snatch+1","Gatherer:WitheringStrike","Master of Strategy","Gatherer:UpgradeBag+1","Deep Breath","Swift Strike","Gatherer:Snatch+1","Gatherer:Liquidism+1","Gatherer:EchoOfNature"],"relics":["Gatherer:AlchemyBag","Mercury Hourglass","Shuriken","Bird Faced Urn","Busted Crown","Red Mask","InkBottle","OrangePellets","construct:ClawGrip","War Paint","HornCleat","Prayer Wheel"],"acts_visited":["Exordium","TheCity","TheBeyond"],"potions_floor_usage":[16,29,50,50,50],"damage_taken":[{"damage":3,"enemies":"2 Louse","floor":1,"turns":2},{"damage":2,"enemies":"Jaw Worm","floor":5,"turns":3},{"damage":0,"enemies":"Cultist","floor":8,"turns":3},{"damage":3,"enemies":"2 Fungi Beasts","floor":12,"turns":2},{"damage":11,"enemies":"Gremlin Nob","floor":13,"turns":3},{"damage":0,"enemies":"Gremlin Gang","floor":14,"turns":4},{"damage":0,"enemies":"Hexaghost","floor":16,"turns":7},{"damage":0,"enemies":"Chosen","floor":18,"turns":3},{"damage":0,"enemies":"Shell Parasite","floor":19,"turns":3},{"damage":0,"enemies":"3 Cultists","floor":20,"turns":3},{"damage":0,"enemies":"Sentry and Sphere","floor":21,"turns":3},{"damage":18,"enemies":"Masked Bandits","floor":22,"turns":3},{"damage":0,"enemies":"Snake Plant","floor":24,"turns":4},{"damage":0,"enemies":"3 Cultists","floor":29,"turns":3},{"damage":0,"enemies":"Snecko","floor":30,"turns":3},{"damage":0,"enemies":"Collector","floor":33,"turns":8},{"damage":0,"enemies":"Orb Walker","floor":35,"turns":2},{"damage":0,"enemies":"3 Shapes","floor":37,"turns":3},{"damage":0,"enemies":"2 Orb Walkers","floor":44,"turns":3},{"damage":0,"enemies":"Transient","floor":45,"turns":5},{"damage":0,"enemies":"Sphere and 2 Shapes","floor":47,"turns":3},{"damage":10,"enemies":"3 Darklings","floor":48,"turns":3},{"damage":32,"enemies":"Donu and Deca","floor":50,"turns":7}],"seed_played":"-393543791708302071","potions_obtained":[{"floor":1,"key":"CultistPotion"},{"floor":13,"key":"Weak Potion"},{"floor":14,"key":"LiquidBronze"},{"floor":20,"key":"Energy Potion"},{"floor":29,"key":"ColorlessPotion"},{"floor":45,"key":"Fruit Juice"}],"is_trial":false,"path_per_floor":["M","?","?","?","M","R","$","M","T","R","?","M","E","M","R","B",null,"M","M","M","M","?","R","M","R","T","?","R","M","M","$","R","B",null,"M","?","M","?","$","R","?","$","T","?","M","R","M","M","R","B",null],"character_chosen":"THE_GATHERER","items_purchased":["OrangePellets","Master of Strategy","Deep Breath","War Paint","Gatherer:Snatch","Strength Potion"],"campfire_rested":0,"item_purchase_floors":[31,31,39,39,42,42],"current_hp_per_floor":[69,55,52,45,43,43,43,43,43,43,43,40,29,37,37,41,72,72,72,72,72,56,56,62,62,62,62,62,68,72,72,72,72,72,72,72,72,68,68,68,68,68,68,68,68,68,68,64,64,44],"gold":127,"neow_bonus":"TRANSFORM_CARD","is_daily":false,"chose_seed":false,"campfire_upgraded":10,"win_rate":0.0,"timestamp":1613108377,"path_taken":["M","?","?","?","M","R","?","?","T","R","?","M","E","M","R","BOSS","M","M","?","M","?","R","M","R","T","?","R","M","M","$","R","BOSS","M","?","M","?","$","R","?","$","T","?","M","R","M","?","R","BOSS"],"items_purchased_type":["Relic","Card","Card","Relic","Card","Potion"],"build_version":"2020-12-22","purchased_purges":2,"victory":true,"max_hp_per_floor":[72,72,72,72,72,72,72,72,72,72,72,72,72,72,72,72,72,72,72,72,72,72,72,72,72,72,72,72,72,72,72,72,72,72,72,72,72,68,68,68,68,68,68,68,68,68,68,68,68,73],"card_choices":[{"not_picked":["Gatherer:RecipeChange","Gatherer:AromaProtection"],"picked":"Gatherer:QuickSynthesis","floor":1},{"not_picked":["Gatherer:FlowerShield","Gatherer:EnergyBasket"],"picked":"Gatherer:Nutrients","floor":5},{"not_picked":["Gatherer:FragileHammer","Gatherer:FlowerShield","Gatherer:SaveValuables"],"picked":"SKIP","floor":8},{"not_picked":["Gatherer:BalancedGrowth","Gatherer:FlowerShield","Gatherer:CarefulStrike"],"picked":"SKIP","floor":12},{"not_picked":["Gatherer:CollectorsShot","Gatherer:EnergyBasket"],"picked":"Gatherer:StoneFence","floor":13},{"not_picked":["Gatherer:RecipeChange","Gatherer:EnergyBasket"],"picked":"Gatherer:WoolGloves","floor":14},{"not_picked":["Gatherer:LuckyClover","Gatherer:CursedBlade"],"picked":"Gatherer:BlackTea","floor":16},{"not_picked":[],"picked":"Gatherer:Snatch+1","floor":18},{"not_picked":["Gatherer:FragileHammer"],"picked":"SKIP","floor":19},{"not_picked":["Gatherer:SealedBomb"],"picked":"SKIP","floor":20},{"not_picked":["Gatherer:TreeGrowth"],"picked":"SKIP","floor":21},{"not_picked":[],"picked":"Gatherer:WoolGloves","floor":22},{"not_picked":[],"picked":"Gatherer:Snatch","floor":24},{"not_picked":["Gatherer:ScherryThrow"],"picked":"SKIP","floor":29},{"not_picked":["Gatherer:CarefulStrike"],"picked":"SKIP","floor":30},{"not_picked":[],"picked":"Gatherer:UpgradeBag","floor":35},{"not_picked":["Gatherer:TreeGrowth"],"picked":"SKIP","floor":37},{"not_picked":[],"picked":"Swift Strike","floor":41},{"not_picked":["Gatherer:ScentOfRosmari"],"picked":"SKIP","floor":45},{"not_picked":["Gatherer:CollectorsShot+1"],"picked":"SKIP","floor":45},{"not_picked":[],"picked":"Gatherer:Liquidism+1","floor":47},{"not_picked":[],"picked":"Gatherer:EchoOfNature","floor":47},{"not_picked":["Gatherer:AromaProtection+1"],"picked":"SKIP","floor":48},{"not_picked":["Gatherer:ScherryThrow+1"],"picked":"SKIP","floor":48}],"player_experience":1264553,"relics_obtained":[{"floor":9,"key":"Shuriken"},{"floor":13,"key":"Bird Faced Urn"},{"floor":22,"key":"Red Mask"},{"floor":26,"key":"InkBottle"},{"floor":43,"key":"HornCleat"},{"floor":44,"key":"Prayer Wheel"}],"event_choices":[{"damage_healed":0,"gold_gain":0,"player_choice":"Entered Light","damage_taken":14,"max_hp_gain":0,"max_hp_loss":0,"event_name":"Shining Light","floor":2,"gold_loss":0,"cards_upgraded":["Gatherer:Strike_Gatherer","Gatherer:FlowerPower"]},{"damage_healed":0,"gold_gain":0,"player_choice":"Success","damage_taken":3,"relics_obtained":["Mercury Hourglass"],"max_hp_gain":0,"max_hp_loss":0,"event_name":"Scrap Ooze","floor":3,"gold_loss":0},{"cards_removed":["Gatherer:Strike_Gatherer"],"damage_healed":0,"gold_gain":0,"player_choice":"Card Removal","damage_taken":7,"max_hp_gain":0,"max_hp_loss":0,"event_name":"Golden Wing","floor":4,"gold_loss":0},{"damage_healed":0,"gold_gain":0,"cards_transformed":["Gatherer:Strike_Gatherer"],"player_choice":"Transformed","damage_taken":0,"max_hp_gain":0,"max_hp_loss":0,"event_name":"Transmorgrifier","floor":11,"gold_loss":0,"cards_obtained":["Gatherer:SmartManeuver"]},{"damage_healed":0,"gold_gain":0,"player_choice":"Fought Bandits","damage_taken":0,"max_hp_gain":0,"max_hp_loss":0,"event_name":"Masked Bandits","floor":22,"gold_loss":0},{"damage_healed":0,"gold_gain":0,"player_choice":"Read","damage_taken":0,"max_hp_gain":0,"max_hp_loss":0,"event_name":"The Library","floor":27,"gold_loss":0,"cards_obtained":["Gatherer:WitheringStrike"]},{"damage_healed":0,"gold_gain":222,"player_choice":"Wore Mask","damage_taken":0,"max_hp_gain":0,"max_hp_loss":0,"event_name":"Tomb of Lord Red Mask","floor":36,"gold_loss":0},{"damage_healed":0,"gold_gain":0,"player_choice":"Max HP","damage_taken":0,"max_hp_gain":0,"max_hp_loss":4,"event_name":"Winding Halls","floor":38,"gold_loss":0},{"damage_healed":0,"gold_gain":0,"player_choice":"Memory 1","damage_taken":0,"max_hp_gain":0,"max_hp_loss":0,"event_name":"SensoryStone","floor":41,"gold_loss":0},{"damage_healed":0,"gold_gain":0,"player_choice":"Fight","damage_taken":0,"max_hp_gain":0,"max_hp_loss":0,"event_name":"Mysterious Sphere","floor":44,"gold_loss":0}],"is_beta":false,"boss_relics":[{"not_picked":["Cursed Key","Runic Dome"],"picked":"Busted Crown"},{"not_picked":["Calling Bell","Fusion Hammer"],"picked":"construct:ClawGrip"}],"items_purged_floors":[7,31],"is_endless":false,"potions_floor_spawned":[1,13,14,20,24,29,33,35,44,45],"ascension_level":2}}