{"host":"vxxgntm1odai56nh","time":1613093733,"event":{"mods":["AchievementEnabler","BaseMod","Colored Map","Colored Powertips","Highlight Path","Minty Spire (QoL Compilation)","Permanent Neow","Rare Cards Sparkle","Relic Stats","StSLib"],"gold_per_floor":[109,8,28,28,28,69,69,84,84,102,137,137,153,328,328,451,451,465,213,213,88,112,153,174,174,200,200,223,247,262,280,280,280,280],"floor_reached":33,"language":"ENG","playtime":1010,"items_purged":["Strike_B","Doubt","Pain"],"score":347,"play_id":"e71daef9-fcbd-4c06-b26b-9ee1e4bb1c34","local_time":"20210211203533","is_ascension_mode":true,"campfire_choices":[{"data":"Zap","floor":7,"key":"SMITH"},{"floor":15,"key":"REST"},{"data":"Dualcast","floor":25,"key":"SMITH"},{"data":"Scrape","floor":27,"key":"SMITH"},{"floor":32,"key":"REST"}],"circlet_count":0,"master_deck":["Strike_B","Strike_B","Strike_B","Defend_B","Defend_B+1","Zap+1","Dualcast+1","Sweeping Beam","Gash+1","Go for the Eyes","Gash+1","Ball Lightning","Genetic Algorithm","Sweeping Beam","Coolheaded","Chill","Reinforced Body","Thunder Strike+1","Meteor Strike+1","Doom and Gloom+1","Echo Form+1","Hologram+1","Coolheaded+1","Scrape+1","Consume","Cold Snap+1","Seek","Reprogram","Skim+1"],"relics":["Cracked Core","NeowsBlessing","Golden Idol","StrikeDummy","Prayer Wheel","White Beast Statue","Mercury Hourglass","Astrolabe","OrangePellets","WarpedTongs","Toy Ornithopter","Whetstone","MealTicket"],"acts_visited":["Exordium","TheCity"],"potions_floor_usage":[11,13,16,23,23,28,29,30,31,33],"damage_taken":[{"damage":0,"enemies":"Small Slimes","floor":1,"turns":1},{"damage":0,"enemies":"2 Louse","floor":3,"turns":1},{"damage":0,"enemies":"Gremlin Nob","floor":6,"turns":1},{"damage":0,"enemies":"Cultist","floor":8,"turns":2},{"damage":13,"enemies":"Exordium Thugs","floor":10,"turns":3},{"damage":12,"enemies":"3 Sentries","floor":11,"turns":4},{"damage":0,"enemies":"2 Fungi Beasts","floor":13,"turns":2},{"damage":27,"enemies":"Slime Boss","floor":16,"turns":9},{"damage":5,"enemies":"Spheric Guardian","floor":18,"turns":5},{"damage":14,"enemies":"Slavers","floor":23,"turns":3},{"damage":0,"enemies":"Chosen","floor":24,"turns":4},{"damage":9,"enemies":"Snake Plant","floor":28,"turns":4},{"damage":27,"enemies":"Cultist and Chosen","floor":29,"turns":5},{"damage":15,"enemies":"Centurion and Healer","floor":30,"turns":3},{"damage":10,"enemies":"Chosen and Byrds","floor":31,"turns":4},{"damage":52,"enemies":"Collector","floor":33,"turns":6}],"seed_played":"-4514226811621845002","potions_obtained":[{"floor":3,"key":"Fire Potion"},{"floor":6,"key":"Dexterity Potion"},{"floor":10,"key":"ColorlessPotion"},{"floor":11,"key":"LiquidBronze"},{"floor":13,"key":"Explosive Potion"},{"floor":16,"key":"Weak Potion"},{"floor":18,"key":"Energy Potion"},{"floor":23,"key":"SteroidPotion"},{"floor":24,"key":"ColorlessPotion"},{"floor":28,"key":"Swift Potion"},{"floor":29,"key":"FearPotion"},{"floor":30,"key":"FearPotion"},{"floor":31,"key":"Energy Potion"}],"is_trial":false,"path_per_floor":["M","$","M","?","?","E","R","M","T","M","E","?","M","?","R","B",null,"M","$","?","$","T","E","M","R","T","R","M","M","M","M","R","B"],"character_chosen":"DEFECT","items_purchased":["Gash","OrangePellets"],"campfire_rested":2,"item_purchase_floors":[2,19],"current_hp_per_floor":[75,75,75,57,54,54,54,54,54,41,29,14,14,14,36,9,75,70,70,70,70,70,66,66,66,66,66,62,40,30,25,47,0,0],"gold":280,"neow_bonus":"THREE_ENEMY_KILL","is_daily":false,"chose_seed":false,"campfire_upgraded":3,"win_rate":0.0,"timestamp":1613093733,"path_taken":["M","$","M","?","?","E","R","M","T","M","E","?","M","?","R","BOSS","M","$","?","$","?","E","M","R","T","R","M","M","?","M","R","BOSS"],"items_purchased_type":["Card","Relic"],"build_version":"2020-12-22","purchased_purges":3,"victory":false,"max_hp_per_floor":[75,75,75,75,75,75,75,75,75,75,75,75,75,75,75,75,75,75,75,75,75,75,75,75,75,75,75,75,75,75,75,75,75,75],"relic_stats":{"OrangePellets":[0],"counters":[16,57],"Golden Idol":82,"Astrolabe":["Meteor Strike","Doom and Gloom","Echo Form"],"Prayer Wheel":9,"MealTicket":0,"Whetstone":["Thunder Strike","Gash"],"obtain_stats":[{"NeowsBlessing":0,"Golden Idol":4,"Astrolabe":17,"Whetstone":23,"White Beast Statue":9,"Mercury Hourglass":11,"WarpedTongs":20,"OrangePellets":19,"Prayer Wheel":6,"MealTicket":26,"Cracked Core":0,"StrikeDummy":5,"Toy Ornithopter":22},{"NeowsBlessing":0,"Golden Idol":2,"Astrolabe":8,"Whetstone":10,"White Beast Statue":4,"Mercury Hourglass":6,"WarpedTongs":9,"OrangePellets":9,"Prayer Wheel":3,"MealTicket":11,"Cracked Core":0,"StrikeDummy":2,"Toy Ornithopter":9},{"NeowsBlessing":0,"Golden Idol":2,"Astrolabe":23,"Whetstone":31,"White Beast Statue":5,"Mercury Hourglass":12,"WarpedTongs":28,"OrangePellets":28,"Prayer Wheel":3,"MealTicket":35,"Cracked Core":0,"StrikeDummy":2,"Toy Ornithopter":28}],"Toy Ornithopter":35,"Mercury Hourglass":[214],"WarpedTongs":[29]},"card_choices":[{"not_picked":["Barrage","Ball Lightning"],"picked":"Sweeping Beam","floor":1},{"not_picked":["Steam","Redo"],"picked":"Go for the Eyes","floor":3},{"not_picked":["Creative AI","Steam"],"picked":"Gash","floor":6},{"not_picked":["Stack","Compile Driver"],"picked":"Ball Lightning","floor":8},{"not_picked":["Hologram","Conserve Battery"],"picked":"Genetic Algorithm","floor":8},{"not_picked":["Beam Cell","Stack"],"picked":"Sweeping Beam","floor":10},{"not_picked":["Hello World","Echo Form"],"picked":"Defragment","floor":10},{"not_picked":["Beam Cell","Static Discharge"],"picked":"Coolheaded","floor":11},{"not_picked":["Leap","Tempest"],"picked":"Chill","floor":13},{"not_picked":["Rebound","Coolheaded"],"picked":"Reinforced Body","floor":13},{"not_picked":["Buffer","Creative AI"],"picked":"Thunder Strike","floor":16},{"not_picked":["Fusion","Compile Driver+1"],"picked":"Hologram+1","floor":18},{"not_picked":["Reinforced Body","Leap"],"picked":"Coolheaded+1","floor":18},{"not_picked":["Ball Lightning+1","Echo Form"],"picked":"Scrape","floor":23},{"not_picked":["Rebound","Hyperbeam"],"picked":"Consume","floor":24},{"not_picked":["Melter+1","Conserve Battery","Streamline"],"picked":"SKIP","floor":24},{"not_picked":["Melter+1","Conserve Battery","Streamline"],"picked":"SKIP","floor":24},{"not_picked":["Redo+1","Steam"],"picked":"Cold Snap+1","floor":28},{"not_picked":["Streamline","Lockon","Barrage"],"picked":"SKIP","floor":28},{"not_picked":["Reinforced Body","Ball Lightning"],"picked":"Seek","floor":29},{"not_picked":["Compile Driver","Rebound","Go for the Eyes"],"picked":"SKIP","floor":29},{"not_picked":["Conserve Battery","Reinforced Body"],"picked":"Reprogram","floor":30},{"not_picked":["Gash","Ball Lightning","Cold Snap+1"],"picked":"SKIP","floor":30},{"not_picked":["Tempest+1","White Noise"],"picked":"Skim+1","floor":31},{"not_picked":["Leap","Hello World","Recycle"],"picked":"SKIP","floor":31}],"player_experience":136493,"relics_obtained":[{"floor":6,"key":"Prayer Wheel"},{"floor":9,"key":"White Beast Statue"},{"floor":11,"key":"Mercury Hourglass"},{"floor":22,"key":"Toy Ornithopter"},{"floor":23,"key":"Whetstone"},{"floor":26,"key":"MealTicket"}],"event_choices":[{"damage_healed":0,"gold_gain":0,"player_choice":"Take Damage","damage_taken":18,"relics_obtained":["Golden Idol"],"max_hp_gain":0,"max_hp_loss":0,"event_name":"Golden Idol","floor":4,"gold_loss":0},{"damage_healed":0,"gold_gain":0,"player_choice":"Success","damage_taken":3,"relics_obtained":["StrikeDummy"],"max_hp_gain":0,"max_hp_loss":0,"event_name":"Scrap Ooze","floor":5,"gold_loss":0},{"damage_healed":0,"gold_gain":0,"player_choice":"Entered Light","damage_taken":15,"max_hp_gain":0,"max_hp_loss":0,"event_name":"Shining Light","floor":12,"gold_loss":0,"cards_upgraded":["Gash","Defend_B"]},{"damage_healed":0,"gold_gain":175,"player_choice":"AGREE","damage_taken":0,"max_hp_gain":0,"max_hp_loss":0,"event_name":"Liars Game","floor":14,"gold_loss":0,"cards_obtained":["Doubt"]},{"damage_healed":0,"gold_gain":0,"player_choice":"Rummage","damage_taken":0,"relics_obtained":["WarpedTongs"],"max_hp_gain":0,"max_hp_loss":0,"event_name":"Accursed Blacksmith","floor":20,"gold_loss":0,"cards_obtained":["Pain"]}],"is_beta":false,"boss_relics":[{"not_picked":["Snecko Eye","Pandora\u0027s Box"],"picked":"Astrolabe"}],"items_purged_floors":[2,19,21],"is_endless":false,"potions_floor_spawned":[3,6,10,11,13,16,18,23,24,28,29,30,31],"killed_by":"Collector","ascension_level":3}}