{"host":"dl909bjyolgrn2uw","time":1613152213,"event":{"mods":["2.2 Compatiblity","AlwaysNeverKeys","BaseMod","Bestiary","Better Altar","Better Note","Better Sensory Stone","Better Skull","Better Third Choice","Better Vampires","Better-Laid Plans","BetterRewards","Colored Powertips","Curses Come First","Disable Question Mark Monsters","Displayed Cursed Tome","Emptier Cage","Evolution","Minty Spire (QoL Compilation)","Morshu Shopkeeper","Permanent Neow","Quick Restart","Rare Cards Sparkle","Relic Stats","Shop Mod","Spicy Shops","StSLib","SuperFastMode","Transform Curses"],"gold_per_floor":[112,122,137,155,155,155,181,181,181,200,423,423,87,107,107,203,203,217,217,0,11,29,29,49,49,49,49,69,81,81,110,110,214,214,232,242,258,268,70,95,95,122,122,138,156,156,190,243,243,243,243,243,16,49,49],"floor_reached":56,"language":"ENG","playtime":5226,"items_purged":["Strike_B","Strike_B","Strike_B","Writhe"],"score":2504,"play_id":"23e4c5a0-0a54-41e0-997b-f23142794efd","local_time":"20210212115013","is_ascension_mode":true,"campfire_choices":[{"data":"Streamline","floor":6,"key":"SMITH"},{"data":"Defragment","floor":8,"key":"SMITH"},{"data":"Loop","floor":12,"key":"SMITH"},{"floor":15,"key":"REST"},{"data":"Loop","floor":23,"key":"SMITH"},{"data":"Buffer","floor":25,"key":"SMITH"},{"data":"Barrage","floor":27,"key":"SMITH"},{"data":"Rainbow","floor":30,"key":"SMITH"},{"data":"Capacitor","floor":32,"key":"SMITH"},{"data":"Static Discharge","floor":41,"key":"SMITH"},{"floor":49,"key":"RECALL"},{"data":"Hologram","floor":52,"key":"SMITH"}],"circlet_count":0,"master_deck":["AscendersBane","Zap","Dualcast","Rainbow+1","Sweeping Beam","Streamline+1","Lockon","Loop+1","Defragment+1","Machine Learning","Capacitor+1","Cold Snap","Buffer+1","Capacitor+1","Loop+1","Glacier","Barrage+1","Glacier","Cold Snap+1","Compile Driver+1","Cold Snap+1","Tempest+1","Recycle","Meteor Strike","Scrape","Hologram+1","Ball Lightning","Doom and Gloom","Static Discharge+1","Reinforced Body+1","Defragment+1","Meteor Strike","Barrage+1","Echo Form","Turbo"],"relics":["Cracked Core","EVO:Axolotl","Membership Card","Anchor","HornCleat","Pantograph","Shuriken","Lizard Tail","Lantern","CaptainsWheel","Snecko Eye","Blood Vial","WingedGreaves","PreservedInsect","Pandora\u0027s Box","Mummified Hand","Chemical X","DataDisk","Juzu Bracelet","Akabeko","Ice Cream","Medical Kit","Toy Ornithopter","Happy Flower"],"acts_visited":["Exordium","TheCity","TheBeyond","TheEnding"],"potions_floor_usage":[7,16,16,16,20,22,31,42,55,55,55],"damage_taken":[{"damage":0,"enemies":"2 Louse","floor":1,"turns":2},{"damage":0,"enemies":"Jaw Worm","floor":2,"turns":2},{"damage":0,"enemies":"Cultist","floor":3,"turns":3},{"damage":1,"enemies":"Looter","floor":4,"turns":3},{"damage":7,"enemies":"Lagavulin","floor":7,"turns":6},{"damage":8,"enemies":"Large Slime","floor":10,"turns":4},{"damage":11,"enemies":"Lots of Slimes","floor":14,"turns":3},{"damage":0,"enemies":"Slime Boss","floor":16,"turns":5},{"damage":0,"enemies":"Shell Parasite","floor":18,"turns":3},{"damage":7,"enemies":"2 Thieves","floor":21,"turns":4},{"damage":14,"enemies":"3 Cultists","floor":22,"turns":6},{"damage":0,"enemies":"Snecko","floor":24,"turns":5},{"damage":0,"enemies":"Shelled Parasite and Fungi","floor":28,"turns":4},{"damage":0,"enemies":"3 Cultists","floor":29,"turns":4},{"damage":19,"enemies":"Slavers","floor":31,"turns":5},{"damage":0,"enemies":"Champ","floor":33,"turns":9},{"damage":0,"enemies":"Orb Walker","floor":35,"turns":3},{"damage":0,"enemies":"3 Shapes","floor":36,"turns":3},{"damage":0,"enemies":"Writhing Mass","floor":37,"turns":7},{"damage":0,"enemies":"Maw","floor":38,"turns":5},{"damage":0,"enemies":"Reptomancer","floor":40,"turns":3},{"damage":0,"enemies":"Giant Head","floor":42,"turns":3},{"damage":0,"enemies":"Jaw Worm Horde","floor":44,"turns":3},{"damage":0,"enemies":"4 Shapes","floor":45,"turns":3},{"damage":0,"enemies":"Nemesis","floor":47,"turns":5},{"damage":2,"enemies":"2 Orb Walkers","floor":48,"turns":3},{"damage":0,"enemies":"Time Eater","floor":50,"turns":8},{"damage":10,"enemies":"Shield and Spear","floor":54,"turns":2},{"damage":3,"enemies":"The Heart","floor":55,"turns":8}],"seed_played":"5481689163999422628","potions_obtained":[{"floor":2,"key":"Block Potion"},{"floor":3,"key":"SteroidPotion"},{"floor":7,"key":"SmokeBomb"},{"floor":18,"key":"Fruit Juice"},{"floor":31,"key":"BlessingOfTheForge"},{"floor":33,"key":"Swift Potion"},{"floor":36,"key":"EntropicBrew"},{"floor":44,"key":"DuplicationPotion"}],"is_trial":false,"path_per_floor":["M","M","M","M","?","R","E","R","T","M","?","R","$","M","R","B",null,"M","?","$","M","M","R","M","R","T","R","M","M","R","E","R","B",null,"M","M","M","M","$","E","R","E","T","M","M","?","E","?","R","B",null,"R","$","E","B",null],"character_chosen":"DEFECT","items_purchased":["Rainbow","Sweeping Beam","Streamline","Lockon","Membership Card","Anchor","HornCleat","Fire Potion","Lizard Tail","Lantern","CaptainsWheel","AttackPotion","Loop","Glacier","Barrage","AttackPotion","Explosive Potion","Mummified Hand","Chemical X","Medical Kit","Toy Ornithopter"],"campfire_rested":1,"item_purchase_floors":[0,0,0,0,0,0,0,0,13,13,13,13,20,20,20,20,20,39,39,53,53],"current_hp_per_floor":[68,68,68,67,60,60,53,53,53,45,29,29,29,18,40,65,73,73,73,78,73,61,61,63,63,63,63,65,67,67,50,50,77,79,80,80,80,80,80,80,80,80,80,80,80,80,80,78,78,80,80,80,80,70,80],"gold":49,"neow_bonus":"","is_daily":false,"chose_seed":false,"campfire_upgraded":10,"win_rate":0.0,"timestamp":1613152213,"path_taken":["M","M","M","M","?","R","E","R","T","M","?","R","$","?","R","BOSS","M","?","$","M","M","R","M","R","T","R","M","M","R","E","R","BOSS","M","M","M","M","$","E","R","E","T","M","M","?","E","?","R","BOSS","R","$","E","BOSS"],"items_purchased_type":["Card","Card","Card","Card","Relic","Relic","Relic","Potion","Relic","Relic","Relic","Potion","Card","Card","Card","Potion","Potion","Relic","Relic","Relic","Relic"],"build_version":"2020-12-22","purchased_purges":4,"victory":true,"max_hp_per_floor":[75,75,75,75,75,75,75,75,75,75,75,75,75,75,75,75,75,75,75,80,80,80,80,80,80,80,80,80,80,80,80,80,80,80,80,80,80,80,80,80,80,80,80,80,80,80,80,80,80,80,80,80,80,80,80],"relic_stats":{"Happy Flower":[2],"counters":[90,391],"PreservedInsect":825,"Juzu Bracelet":2,"Medical Kit":[196],"Blood Vial":58,"Lizard Tail":0,"Shuriken":[35],"Mummified Hand":[120],"Pantograph":58,"Snecko Eye":[177,188,145,145],"Pandora\u0027s Box":["Scrape","Hologram","Ball Lightning","Doom and Gloom"],"Chemical X":[14],"obtain_stats":[{"Ice Cream":19,"Gremlin Horn":9,"Vajra":5,"EVO:Axolotl":0,"Blood Vial":12,"Centennial Puzzle":44,"Lizard Tail":13,"HornCleat":27,"MealTicket":7,"Fusion Hammer":17,"Necronomicon":20,"Happy Flower":54,"Oddly Smooth Stone":19,"Velvet Choker":34,"Eternal Feather":47,"Pen Nib":24,"Letter Opener":26,"War Paint":9,"Akabeko":47,"Du-Vu Doll":12,"Runic Dome":0,"Shuriken":9,"Snecko Eye":17,"Pandora\u0027s Box":34,"Unceasing Top":26,"Lantern":13,"Singing Bowl":9,"Mango":14,"Juzu Bracelet":8,"Ancient Tea Set":0,"Dream Catcher":12,"Nunchaku":44,"Mummified Hand":39,"Pantograph":7,"WingedGreaves":26,"Chemical X":39,"Cracked Core":0,"Lee\u0027s Waffle":44,"Inserter":17,"Golden Idol":7,"PreservedInsect":31,"Orichalcum":31,"Odd Mushroom":10,"Medical Kit":53,"Anchor":0,"CaptainsWheel":13,"DataDisk":40,"Orrery":19,"Coffee Dripper":0,"Art of War":27,"Membership Card":19,"Toy Ornithopter":53},{"Ice Cream":12,"Gremlin Horn":24,"Vajra":37,"EVO:Axolotl":0,"Blood Vial":39,"Centennial Puzzle":56,"Lizard Tail":67,"HornCleat":46,"MealTicket":6,"Fusion Hammer":41,"Necronomicon":12,"Happy Flower":89,"Oddly Smooth Stone":42,"Velvet Choker":50,"Eternal Feather":59,"Pen Nib":14,"Letter Opener":14,"War Paint":37,"Akabeko":86,"Du-Vu Doll":8,"Runic Dome":1,"Shuriken":66,"Snecko Eye":69,"Pandora\u0027s Box":77,"Unceasing Top":45,"Lantern":67,"Singing Bowl":6,"Mango":27,"Juzu Bracelet":24,"Ancient Tea Set":18,"Dream Catcher":26,"Nunchaku":56,"Mummified Hand":81,"Pantograph":66,"WingedGreaves":73,"Chemical X":81,"Cracked Core":0,"Lee\u0027s Waffle":56,"Inserter":28,"Golden Idol":37,"PreservedInsect":76,"Orichalcum":17,"Odd Mushroom":38,"Medical Kit":88,"Anchor":61,"CaptainsWheel":67,"DataDisk":82,"Orrery":42,"Coffee Dripper":0,"Art of War":15,"Membership Card":12,"Toy Ornithopter":88},{"Ice Cream":38,"Gremlin Horn":75,"Vajra":139,"EVO:Axolotl":0,"Blood Vial":145,"Centennial Puzzle":228,"Lizard Tail":291,"HornCleat":173,"MealTicket":19,"Fusion Hammer":153,"Necronomicon":38,"Happy Flower":383,"Oddly Smooth Stone":156,"Velvet Choker":195,"Eternal Feather":248,"Pen Nib":45,"Letter Opener":45,"War Paint":139,"Akabeko":370,"Du-Vu Doll":23,"Runic Dome":1,"Shuriken":287,"Snecko Eye":298,"Pandora\u0027s Box":336,"Unceasing Top":168,"Lantern":291,"Singing Bowl":19,"Mango":90,"Juzu Bracelet":75,"Ancient Tea Set":58,"Dream Catcher":86,"Nunchaku":228,"Mummified Hand":353,"Pantograph":287,"WingedGreaves":315,"Chemical X":353,"Cracked Core":0,"Lee\u0027s Waffle":228,"Inserter":101,"Golden Idol":139,"PreservedInsect":327,"Orichalcum":55,"Odd Mushroom":142,"Medical Kit":381,"Anchor":271,"CaptainsWheel":291,"DataDisk":356,"Orrery":156,"Coffee Dripper":0,"Art of War":48,"Membership Card":38,"Toy Ornithopter":381}],"Toy Ornithopter":3},"card_choices":[{"not_picked":["Steam","Hologram","Reprogram"],"picked":"SKIP","floor":1},{"not_picked":["Turbo","Double Energy"],"picked":"Loop","floor":2},{"not_picked":["Hologram","Sweeping Beam","Gash"],"picked":"SKIP","floor":3},{"not_picked":["Compile Driver","Chaos"],"picked":"Defragment","floor":4},{"not_picked":["Gash","Ball Lightning"],"picked":"Machine Learning","floor":7},{"not_picked":["Streamline","Recycle"],"picked":"Capacitor","floor":10},{"not_picked":["Beam Cell","Turbo"],"picked":"Cold Snap","floor":14},{"not_picked":["Rainbow","Multi-Cast"],"picked":"Buffer","floor":16},{"not_picked":["Aggregate+1","Sweeping Beam"],"picked":"Capacitor+1","floor":18},{"not_picked":["Undo+1","Hologram+1"],"picked":"Glacier","floor":21},{"not_picked":["Beam Cell","Reinforced Body"],"picked":"Cold Snap+1","floor":22},{"not_picked":["Skim+1","Hologram"],"picked":"Compile Driver+1","floor":24},{"not_picked":["Tempest","Conserve Battery"],"picked":"Cold Snap+1","floor":28},{"not_picked":["Leap","Thunder Strike"],"picked":"Tempest+1","floor":29},{"not_picked":["Barrage","Recycle","Chaos"],"picked":"SKIP","floor":31},{"not_picked":["Barrage","Chaos"],"picked":"Recycle","floor":31},{"not_picked":["Buffer","Thunder Strike"],"picked":"Meteor Strike","floor":33},{"not_picked":["Streamline+1","Auto Shields+1"],"picked":"Static Discharge","floor":35},{"not_picked":["Go for the Eyes+1","Streamline"],"picked":"Reinforced Body+1","floor":36},{"not_picked":["Fusion+1","Chill+1"],"picked":"Defragment+1","floor":37},{"not_picked":["Double Energy","Stack"],"picked":"Meteor Strike","floor":38},{"not_picked":["Rip and Tear","Barrage","Sunder"],"picked":"SKIP","floor":40},{"not_picked":["Blizzard","Streamline","Beam Cell+1"],"picked":"SKIP","floor":42},{"not_picked":["Reprogram","Go for the Eyes+1"],"picked":"Barrage+1","floor":44},{"not_picked":["Sunder","Beam Cell+1"],"picked":"Echo Form","floor":45},{"not_picked":["Conserve Battery","Steam"],"picked":"Turbo","floor":47},{"not_picked":["Reprogram+1","Electrodynamics","Darkness"],"picked":"SKIP","floor":54}],"player_experience":399002,"relics_obtained":[{"floor":7,"key":"Pantograph"},{"floor":9,"key":"Shuriken"},{"floor":26,"key":"WingedGreaves"},{"floor":31,"key":"PreservedInsect"},{"floor":40,"key":"DataDisk"},{"floor":42,"key":"Juzu Bracelet"},{"floor":47,"key":"Akabeko"},{"floor":48,"key":"Ice Cream"},{"floor":54,"key":"Happy Flower"}],"event_choices":[{"cards_removed":["Strike_B"],"damage_healed":0,"gold_gain":0,"player_choice":"Card Removal","damage_taken":7,"max_hp_gain":0,"max_hp_loss":0,"event_name":"Golden Wing","floor":5,"gold_loss":0},{"damage_healed":0,"gold_gain":223,"player_choice":"GO GO ","damage_taken":18,"relics_obtained":[],"max_hp_gain":0,"max_hp_loss":0,"event_name":"betterSkull:BetterSkull","floor":11,"gold_loss":0,"cards_upgraded":[]},{"damage_healed":0,"gold_gain":0,"player_choice":"Opened","damage_taken":0,"relics_obtained":["Blood Vial"],"max_hp_gain":0,"max_hp_loss":0,"event_name":"The Mausoleum","floor":19,"gold_loss":0,"cards_obtained":["Writhe"]},{"damage_healed":0,"gold_gain":0,"player_choice":"Got Potions","damage_taken":0,"max_hp_gain":0,"max_hp_loss":0,"event_name":"Lab","floor":46,"gold_loss":0},{"damage_healed":0,"gold_gain":0,"player_choice":"Fight","damage_taken":0,"max_hp_gain":0,"max_hp_loss":0,"event_name":"Mysterious Sphere","floor":48,"gold_loss":0}],"is_beta":false,"boss_relics":[{"not_picked":["Black Star","Empty Cage"],"picked":"Snecko Eye"},{"not_picked":["Nuclear Battery","Calling Bell"],"picked":"Pandora\u0027s Box"}],"items_purged_floors":[0,0,13,53],"is_endless":false,"potions_floor_spawned":[2,3,7,14,18,31,33,36,38,44,47,48],"ascension_level":10}}