{"host":"fkig9nrckec4xsh0","time":1613104688,"event":{"mods":["Act Like it!","BaseMod","Colored Map","Gensokyo","Hermit","Marisa????????","Minty Spire (QoL Compilation)","Quick Restart","Replay The Spire","StSLib"],"gold_per_floor":[117,117,127,127,137,166,17,17,71,86,86,100,100,100,100,173,173,383,9,24,24,24,52,61,61,61,92,102,136,136,170,170,246,246,264,264,264,264,264,295,295,320,320,334,334,353,380,391,391,391],"floor_reached":51,"language":"ENG","playtime":3028,"items_purged":["Strike_G"],"score":1693,"play_id":"3fdeacc8-98a9-4b7c-a2bf-4ed476ee3235","local_time":"20210211233808","is_ascension_mode":true,"campfire_choices":[{"data":"Cloak And Dagger","floor":8,"key":"SMITH"},{"data":"Tools of the Trade","floor":11,"key":"SMITH"},{"data":"A Thousand Cuts","floor":13,"key":"SMITH"},{"data":"Accuracy","floor":15,"key":"SMITH"},{"floor":25,"key":"REST"},{"data":"Infinite Blades","floor":30,"key":"SMITH"},{"floor":32,"key":"DIG"},{"data":"Gensokyo:UnhurriedMind","floor":41,"key":"SMITH"},{"data":"Adrenaline","floor":49,"key":"SMITH"}],"circlet_count":0,"master_deck":["AscendersBane","Defend_G","Defend_G+1","Defend_G+1","Accuracy+1","Cloak And Dagger+1","Tools of the Trade+1","A Thousand Cuts+1","Acrobatics","Blade Dance","Cloak And Dagger","Blade Dance+1","Hidden Blade","Infinite Blades+1","Acrobatics","Venomology","Clumsy","CommonCold","Toxin Wave+1","Gensokyo:UnhurriedMind+1","Adrenaline+1","Concentrate+1","Delirium","Languid","Choke","Backflip+1","ReplayTheSpireMod:Tripwire+1"],"relics":["Ring of the Snake","NeowsBlessing","War Paint","Gensokyo:Justice","Vajra","Omamori","Happy Flower","Cursed Key","Onion Ring","FossilizedHelix","InkBottle","Lizard Tail","ReplayTheSpireMod:TigerMarble","Replay:Rubber Ducky","Dream Catcher","ReplayTheSpireMod:Lightbulb","Ancient Tea Set","Kintsugi","Gambling Chip","Replay:Accelerometer","ReplayFunnel","Question Card","Torii","Eternal Feather"],"acts_visited":["Exordium","Gensokyo:Gensokyo","Gensokyo:Gensokyoer"],"potions_floor_usage":[16,23,48],"damage_taken":[{"damage":0,"enemies":"Gensokyo:Python","floor":1,"turns":1},{"damage":0,"enemies":"Gensokyo:Gryphon","floor":3,"turns":1},{"damage":0,"enemies":"Gensokyo:3_Fairies","floor":5,"turns":1},{"damage":11,"enemies":"Gensokyo:Cirno","floor":6,"turns":5},{"damage":3,"enemies":"Gensokyo:VengefulSpirit","floor":10,"turns":5},{"damage":0,"enemies":"Gensokyo:LivingMonolith","floor":12,"turns":3},{"damage":17,"enemies":"Gensokyo:Yukari","floor":16,"turns":7},{"damage":7,"enemies":"Gensokyo:AngelMirror","floor":18,"turns":4},{"damage":9,"enemies":"Gensokyo:3_Dogs","floor":20,"turns":4},{"damage":16,"enemies":"Gensokyo:Tenshi","floor":23,"turns":4},{"damage":14,"enemies":"Gensokyo:Koishi","floor":27,"turns":3},{"damage":0,"enemies":"Gensokyo:Slime_Group","floor":28,"turns":2},{"damage":0,"enemies":"Gensokyo:Reisen","floor":29,"turns":3},{"damage":14,"enemies":"Gensokyo:Tenshi","floor":31,"turns":3},{"damage":0,"enemies":"Gensokyo:Eternal_Rivals","floor":33,"turns":6},{"damage":0,"enemies":"Gensokyo:3_Bats","floor":35,"turns":2},{"damage":59,"enemies":"Gensokyo:3_Bats","floor":37,"turns":9},{"damage":47,"enemies":"Gensokyo:Marisa","floor":40,"turns":3},{"damage":0,"enemies":"Gensokyo:Doremy","floor":42,"turns":4},{"damage":0,"enemies":"Gensokyo:3_Boulders","floor":44,"turns":1},{"damage":0,"enemies":"Gensokyo:4_Bats","floor":46,"turns":1},{"damage":0,"enemies":"Gensokyo:Kasen","floor":47,"turns":3},{"damage":0,"enemies":"Gensokyo:AtlasGolem","floor":48,"turns":2},{"damage":0,"enemies":"Gensokyo:Yuyuko","floor":50,"turns":4}],"seed_played":"-562592868487628873","potions_obtained":[{"floor":1,"key":"Strength Potion"},{"floor":3,"key":"SkillPotion"},{"floor":5,"key":"PowerPotion"},{"floor":18,"key":"SpeedPotion"},{"floor":23,"key":"SteroidPotion"},{"floor":28,"key":"LiquidBronze"},{"floor":29,"key":"FairyPotion"},{"floor":31,"key":"Death Potion"},{"floor":44,"key":"LifebloodPotion"}],"is_trial":false,"path_per_floor":["M","T","M","?","M","E","COS","R","T","M","R","M","R","?","R","B",null,"M","$","M","?","$","E","?","R","T","E","M","E","R","E","R_BF","B",null,"M","?","?","?","?","E","R","E","T","M","T","M","E","M","R_BF","B",null],"character_chosen":"THE_SILENT","items_purchased":["Onion Ring","Blade Dance"],"campfire_rested":1,"item_purchase_floors":[19,19],"current_hp_per_floor":[59,59,59,59,59,48,48,48,48,45,45,45,45,45,45,28,57,50,50,41,41,41,25,25,44,44,30,30,30,30,16,16,16,54,54,54,54,21,21,33,33,33,33,33,33,33,33,33,48,48],"gold":391,"neow_bonus":"THREE_ENEMY_KILL","is_daily":false,"chose_seed":false,"campfire_upgraded":7,"win_rate":0.0,"timestamp":1613104688,"path_taken":["M","?","?","?","?","E","COS","R","T","M","R","?","R","?","R","BOSS","M","$","M","?","?","E","?","R","T","E","?","E","R","E","R_BF","BOSS","M","?","?","?","?","E","R","E","T","?","?","?","E","?","R_BF","BOSS"],"items_purchased_type":["Relic","Card"],"build_version":"2020-12-22","purchased_purges":1,"victory":true,"max_hp_per_floor":[66,66,66,66,66,66,66,66,66,66,66,66,66,66,66,66,66,66,66,66,66,66,66,66,66,66,66,66,66,66,66,66,66,66,66,66,66,66,66,66,66,66,66,66,66,66,66,66,66,66],"card_choices":[{"not_picked":["Slice","ReplayTheSpireMod:Scrap Shanks"],"picked":"Dagger Throw","floor":1},{"not_picked":["Underhanded Strike","Deadly Poison"],"picked":"Accuracy","floor":3},{"not_picked":["ReplayTheSpireMod:Exploit Weakness","Bane"],"picked":"Sucker Punch","floor":5},{"not_picked":["Fluid Movement","Quick Slash"],"picked":"Cloak And Dagger","floor":6},{"not_picked":["Acrobatics","Terror"],"picked":"Tools of the Trade","floor":10},{"not_picked":["Wraith Form v2","Bullet Time"],"picked":"A Thousand Cuts","floor":12},{"not_picked":["Concentrate","Fluid Movement","Dagger Throw"],"picked":"SKIP","floor":12},{"not_picked":["Tactician","Backflip"],"picked":"Acrobatics","floor":18},{"not_picked":["Dash","ReplayTheSpireMod:Shiv Toss+1"],"picked":"Cloak And Dagger","floor":20},{"not_picked":["Dagger Spray","Dodge and Roll"],"picked":"Blade Dance+1","floor":23},{"not_picked":["Doppelganger","Deflect","Prepared"],"picked":"SKIP","floor":27},{"not_picked":["Acrobatics","Crippling Poison"],"picked":"Hidden Blade","floor":28},{"not_picked":["ReplayTheSpireMod:Shiv Toss","Predator"],"picked":"Infinite Blades","floor":29},{"not_picked":["Underhanded Strike","Slice"],"picked":"Acrobatics","floor":31},{"not_picked":["Replay:Bag of Tricks","ReplayTheSpireMod:From All Sides"],"picked":"Venomology","floor":33},{"not_picked":["Flechettes","Poisoned Stab"],"picked":"Toxin Wave+1","floor":35},{"not_picked":["Gensokyo:MorningStar","Gensokyo:RisingWorld"],"picked":"Gensokyo:UnhurriedMind","floor":37},{"not_picked":["Poisoned Stab","Masterful Stab"],"picked":"Adrenaline","floor":40},{"not_picked":["Poisoned Stab","Deadly Poison"],"picked":"Concentrate+1","floor":42},{"not_picked":["Masterful Stab","Grand Finale","Acrobatics","Deadly Poison+1"],"picked":"SKIP","floor":44},{"not_picked":["Acrobatics","Terror","ReplayTheSpireMod:Speed Training"],"picked":"Choke","floor":46},{"not_picked":["Underhanded Strike+1","Dagger Spray+1","Catalyst"],"picked":"Backflip+1","floor":47},{"not_picked":["Tactician","Quick Slash","Bane"],"picked":"ReplayTheSpireMod:Tripwire+1","floor":48}],"player_experience":423614,"relics_obtained":[{"floor":2,"key":"War Paint"},{"floor":6,"key":"Vajra"},{"floor":9,"key":"Omamori"},{"floor":23,"key":"InkBottle"},{"floor":24,"key":"Lizard Tail"},{"floor":26,"key":"ReplayTheSpireMod:TigerMarble"},{"floor":27,"key":"Replay:Rubber Ducky"},{"floor":29,"key":"Dream Catcher"},{"floor":31,"key":"ReplayTheSpireMod:Lightbulb"},{"floor":32,"key":"Ancient Tea Set"},{"floor":40,"key":"Replay:Accelerometer"},{"floor":42,"key":"ReplayFunnel"},{"floor":43,"key":"Question Card"},{"floor":45,"key":"Torii"},{"floor":47,"key":"Eternal Feather"}],"event_choices":[],"is_beta":false,"boss_relics":[{"not_picked":["Ectoplasm","Snecko Scales"],"picked":"Cursed Key"},{"not_picked":["Coffee Dripper","Empty Cage"],"picked":"Kintsugi"}],"items_purged_floors":[19],"is_endless":false,"potions_floor_spawned":[1,3,5,18,23,28,29,31,42,44,48],"ascension_level":15}}