{"host":"oehe2dxjvdgux73m","time":1613134152,"event":{"mods":["AchievementEnabler","BaseMod","Colored Map","Colored Powertips","DeckTracker","Keyboard Shortcuts","Minty Spire (QoL Compilation)","Permanent Neow","Quick Restart","StSLib","SuperFastMode"],"gold_per_floor":[118,118,132,132,132,132,162,176,176,203,216,236,236,251,251,325,325,343,22,34,34,52,52,80,80,80,94,94,128,140,152,164,176,176],"floor_reached":33,"language":"KOR","playtime":1187,"items_purged":["Strike_G"],"score":620,"play_id":"a439a3d6-f3a3-4af6-bc6d-c8718eabd3c5","local_time":"20210212214912","is_ascension_mode":true,"campfire_choices":[{"data":"1","floor":6.0,"key":"LIFT"},{"floor":13.0,"key":"REST"},{"data":"Cloak And Dagger","floor":15.0,"key":"SMITH"},{"data":"Tactician","floor":23.0,"key":"SMITH"},{"floor":25.0,"key":"REST"},{"floor":30.0,"key":"REST"},{"data":"Wraith Form v2","floor":32.0,"key":"SMITH"}],"circlet_count":0,"master_deck":["AscendersBane","Defend_G","Defend_G","Defend_G","Defend_G","Defend_G","Survivor","Neutralize","Poisoned Stab+1","Finisher","Flying Knee","Cloak And Dagger+1","Blade Dance","Dash","Prepared","Adrenaline","A Thousand Cuts+1","Leg Sweep+1","Wraith Form v2+1","Tactician+1","Cloak And Dagger","Dagger Throw","Crippling Poison","Acrobatics","Backflip"],"relics":["Ring of the Snake","NeowsBlessing","Juzu Bracelet","Girya","Nunchaku","Ornamental Fan","Odd Mushroom","Astrolabe","PreservedInsect","Incense Burner","FaceOfCleric","MawBank"],"acts_visited":["Exordium","TheCity"],"potions_floor_usage":[33],"damage_taken":[{"damage":0.0,"enemies":"Small Slimes","floor":1.0,"turns":1.0},{"damage":0.0,"enemies":"Cultist","floor":3.0,"turns":1.0},{"damage":0.0,"enemies":"Lagavulin","floor":7.0,"turns":1.0},{"damage":2.0,"enemies":"Jaw Worm","floor":8.0,"turns":4.0},{"damage":13.0,"enemies":"The Mushroom Lair","floor":10.0,"turns":4.0},{"damage":4.0,"enemies":"Large Slime","floor":11.0,"turns":6.0},{"damage":0.0,"enemies":"Blue Slaver","floor":12.0,"turns":3.0},{"damage":5.0,"enemies":"Exordium Thugs","floor":14.0,"turns":3.0},{"damage":10.0,"enemies":"Slime Boss","floor":16.0,"turns":12.0},{"damage":1.0,"enemies":"Spheric Guardian","floor":18.0,"turns":3.0},{"damage":0.0,"enemies":"3 Byrds","floor":20.0,"turns":4.0},{"damage":8.0,"enemies":"Snecko","floor":22.0,"turns":6.0},{"damage":34.0,"enemies":"Gremlin Leader","floor":24.0,"turns":10.0},{"damage":5.0,"enemies":"Centurion and Healer","floor":27.0,"turns":7.0},{"damage":9.0,"enemies":"Book of Stabbing","floor":29.0,"turns":6.0},{"damage":25,"enemies":"Collector","floor":33,"turns":6}],"seed_played":"-732001569247847155","potions_obtained":[{"floor":1.0,"key":"SteroidPotion"},{"floor":8.0,"key":"GhostInAJar"},{"floor":11.0,"key":"EssenceOfSteel"},{"floor":14.0,"key":"EntropicBrew"},{"floor":16.0,"key":"EssenceOfSteel"},{"floor":18.0,"key":"SkillPotion"},{"floor":20.0,"key":"AttackPotion"},{"floor":29.0,"key":"ColorlessPotion"}],"is_trial":false,"path_per_floor":["M","?","M","?","?","R","E","M","T","?","M","M","R","M","R","B",null,"M","$","M","?","M","R","E","R","T","M","?","E","R","?","R","B"],"character_chosen":"THE_SILENT","items_purchased":["Wraith Form v2","Tactician"],"campfire_rested":3,"item_purchase_floors":[19,19],"current_hp_per_floor":[59,59,59,59,41,41,41,39,39,26,22,22,41,36,36,26,56,55,55,55,55,47,47,13,32,32,27,27,19,39,39,39,14,14],"gold":176,"neow_bonus":"THREE_ENEMY_KILL","is_daily":false,"chose_seed":false,"campfire_upgraded":3,"win_rate":0.0,"timestamp":1613134152,"path_taken":["M","?","M","?","?","R","E","M","T","?","M","M","R","M","R","BOSS","M","$","M","?","M","R","E","R","T","M","?","E","R","?","R","BOSS"],"items_purchased_type":["Card","Card"],"build_version":"2020-12-22","purchased_purges":1,"victory":false,"max_hp_per_floor":[66,66,66,66,66,66,66,66,66,66,66,66,66,66,66,66,66,66,66,66,66,66,66,66,66,66,66,66,67,67,67,67,67,67],"card_choices":[{"not_picked":["Expertise","Poisoned Stab"],"picked":"Quick Slash","floor":1.0},{"not_picked":["Catalyst","Slice"],"picked":"Poisoned Stab","floor":3.0},{"not_picked":["Deflect","Distraction"],"picked":"Finisher","floor":7.0},{"not_picked":["Poisoned Stab","Tactician"],"picked":"Flying Knee","floor":8.0},{"not_picked":["A Thousand Cuts","Caltrops"],"picked":"Cloak And Dagger","floor":10.0},{"not_picked":["Riddle With Holes","PiercingWail"],"picked":"Blade Dance","floor":11.0},{"not_picked":["Storm of Steel","Blade Dance"],"picked":"Dash","floor":12.0},{"not_picked":["Bouncing Flask","Dagger Spray"],"picked":"Prepared","floor":14.0},{"not_picked":["Bullet Time","Malaise"],"picked":"Adrenaline","floor":16.0},{"not_picked":["Tactician","Poisoned Stab","Deadly Poison"],"picked":"SKIP","floor":18.0},{"not_picked":["Terror","Deadly Poison"],"picked":"Cloak And Dagger","floor":20.0},{"not_picked":["PiercingWail","Catalyst"],"picked":"Acrobatics","floor":22.0},{"not_picked":["All Out Attack","Blade Dance"],"picked":"Backflip","floor":24.0},{"not_picked":["Leg Sweep","Unload","Eviscerate"],"picked":"SKIP","floor":27.0},{"not_picked":["All Out Attack","Finisher","Dagger Throw"],"picked":"SKIP","floor":29.0}],"player_experience":463234,"relics_obtained":[{"floor":7.0,"key":"Nunchaku"},{"floor":9.0,"key":"Ornamental Fan"},{"floor":10.0,"key":"Odd Mushroom"},{"floor":24.0,"key":"PreservedInsect"},{"floor":26.0,"key":"Incense Burner"},{"floor":29.0,"key":"MawBank"}],"event_choices":[{"cards_removed":["Quick Slash"],"damage_healed":0.0,"max_hp_gain":0.0,"max_hp_loss":0.0,"gold_gain":0.0,"event_name":"WeMeetAgain","player_choice":"Gave Card","floor":2.0,"gold_loss":0.0,"damage_taken":0.0,"relics_obtained":["Juzu Bracelet"]},{"damage_healed":0.0,"max_hp_gain":0.0,"max_hp_loss":0.0,"gold_gain":0.0,"event_name":"Upgrade Shrine","player_choice":"Upgraded","floor":4.0,"gold_loss":0.0,"damage_taken":0.0,"cards_upgraded":["Poisoned Stab"]},{"damage_healed":0.0,"max_hp_gain":0.0,"max_hp_loss":0.0,"gold_gain":0.0,"event_name":"Scrap Ooze","player_choice":"Success","floor":5.0,"gold_loss":0.0,"damage_taken":18.0,"relics_obtained":["Girya"]},{"damage_healed":0.0,"max_hp_gain":0.0,"max_hp_loss":0.0,"gold_gain":0.0,"event_name":"Mushrooms","player_choice":"Fought Mushrooms","floor":10.0,"gold_loss":0.0,"damage_taken":0.0},{"damage_healed":0.0,"max_hp_gain":0.0,"max_hp_loss":0.0,"gold_gain":0.0,"cards_transformed":["Strike_G","A Thousand Cuts"],"event_name":"Drug Dealer","player_choice":"Became Test Subject","floor":21.0,"gold_loss":0.0,"damage_taken":0.0,"cards_obtained":["Dagger Throw","Crippling Poison"]},{"damage_healed":0.0,"max_hp_gain":0.0,"max_hp_loss":0.0,"gold_gain":0.0,"event_name":"FaceTrader","player_choice":"Trade","floor":28.0,"gold_loss":0.0,"damage_taken":0.0,"relics_obtained":["FaceOfCleric"]},{"damage_healed":0.0,"max_hp_gain":0.0,"max_hp_loss":0.0,"gold_gain":0.0,"event_name":"The Mausoleum","player_choice":"Ignored","floor":31.0,"gold_loss":0.0,"damage_taken":0.0}],"is_beta":false,"boss_relics":[{"not_picked":["Black Star","Sozu"],"picked":"Astrolabe"}],"items_purged_floors":[19],"is_endless":false,"potions_floor_spawned":[1,8,11,14,16,18,20,29],"killed_by":"Collector","ascension_level":20}}