{"host":"oihpulxxofncj7su","time":1613167045,"event":{"mods":["AchievementEnabler","BaseMod","Bestiary","BetterRewards","Colored Powertips","Downfall","Highlight Path","Minty Spire (QoL Compilation)","Quick Restart","Spicy Shops","StSLib"],"gold_per_floor":[99,99,99,99,99,117,142,142,161,195,180,180,180,196,208,309,309,209,227,227,240,254,87,87,87,87,87],"floor_reached":25,"language":"ENG","playtime":4520,"items_purged":["Slimebound:Strike_Slimebound"],"score":199,"play_id":"b7929c17-82d7-4160-b8df-b2ab69e35a0d","local_time":"20210212165725","is_ascension_mode":false,"campfire_choices":[{"data":"Slimebound:Split","floor":1.0,"key":"SMITH"},{"data":"Slimebound:MegaLick","floor":8.0,"key":"SMITH"},{"floor":18,"key":"RECALL"}],"circlet_count":1,"master_deck":["Slimebound:Strike_Slimebound","Slimebound:Tackle","Slimebound:Defend_Slimebound","Slimebound:Defend_Slimebound","Slimebound:Defend_Slimebound+1","Slimebound:Defend_Slimebound","Slimebound:Split+1","Slimebound:CorrosiveSpit","Slimebound:SplitBruiser+1","Slimebound:LeechingTouch+1","Slimebound:MegaLick+1","Slimebound:RejuvenatingLick","Slimebound:Schlurp","Slimebound:RejuvenatingLick","Slimebound:Repurpose","Slimebound:TongueLash","Slimebound:LivingWall","Slimebound:OozeBath","Slimebound:ItLooksTasty","Slimebound:LevelUp"],"relics":["Slimebound:AbsorbEndCombat","downfall:HeartsMalice","War Paint","Calipers","Ornamental Fan","Circlet","downfall:HeartBlessingGreen","Bronze Scales"],"acts_visited":["Exordium","TheCity"],"potions_floor_usage":[],"damage_taken":[{"damage":0.0,"enemies":"2 Louse","floor":2.0,"turns":1.0},{"damage":0.0,"enemies":"Cultist","floor":3.0,"turns":1.0},{"damage":0.0,"enemies":"Jaw Worm","floor":5.0,"turns":1.0},{"damage":18.0,"enemies":"Blue Slaver","floor":6.0,"turns":3.0},{"damage":12.0,"enemies":"Exordium Thugs","floor":9.0,"turns":3.0},{"damage":15.0,"enemies":"3 Sentries","floor":10.0,"turns":7.0},{"damage":13.0,"enemies":"downfall:FleeingMerchant","floor":11.0,"turns":4.0},{"damage":1.0,"enemies":"Exordium Wildlife","floor":14.0,"turns":4.0},{"damage":5.0,"enemies":"3 Louse","floor":15.0,"turns":2.0},{"damage":7.0,"enemies":"WA_ARCHETYPE_RETAIN","floor":16.0,"turns":7.0},{"damage":10,"enemies":"Spheric Guardian","floor":19,"turns":4},{"damage":16,"enemies":"Centurion and Healer","floor":21,"turns":6},{"damage":2,"enemies":"Snake Plant","floor":22,"turns":3},{"damage":0,"enemies":"downfall:FleeingMerchant","floor":23,"turns":4},{"damage":64,"enemies":"Gremlin Leader","floor":25,"turns":3}],"seed_played":"-7050717679242030353","potions_obtained":[{"floor":6.0,"key":"EssenceOfSteel"},{"floor":9.0,"key":"Swift Potion"},{"floor":14.0,"key":"Energy Potion"},{"floor":15.0,"key":"BlessingOfTheForge"}],"is_trial":false,"path_per_floor":["R","M","M","?","M","M","T","R","M","E","$","?","?","M","M","B",null,"R","M","?","M","M","$","T","E"],"character_chosen":"SLIMEBOUND","items_purchased":["Slimebound:LevelUp"],"campfire_rested":0,"item_purchase_floors":[23],"current_hp_per_floor":[60,60,60,60,60,56,56,56,60,60,60,53,53,54,51,49,60,60,52,52,44,46,54,54,0,0,0],"gold":87,"neow_bonus":"THREE_ENEMY_KILL","is_daily":false,"chose_seed":false,"campfire_upgraded":2,"win_rate":0.0,"timestamp":1613167045,"path_taken":["R","M","M","?","?","M","T","R","M","E","$","?","?","M","M","BOSS","R","M","?","M","M","$","T","E"],"items_purchased_type":["Card"],"build_version":"2020-12-22","purchased_purges":1,"victory":false,"max_hp_per_floor":[60,60,60,60,60,60,60,60,60,60,60,60,60,60,60,60,60,60,60,60,60,60,60,60,60,60,60],"card_choices":[{"not_picked":["Slimebound:FirmFortitude","Slimebound:FinishingTackle"],"picked":"Slimebound:SplitBruiser","floor":2.0},{"not_picked":["Slimebound:LeechEnergy","Slimebound:LivingWall"],"picked":"Slimebound:LeechingTouch","floor":3.0},{"not_picked":["Slimebound:SplitLeeching","Slimebound:Equalize"],"picked":"Slimebound:MegaLick","floor":5.0},{"not_picked":["Slimebound:LeechingTouch","Slimebound:Equalize"],"picked":"Slimebound:RejuvenatingLick","floor":6.0},{"not_picked":["Slimebound:ComboTackle","Slimebound:Prepare"],"picked":"Slimebound:Schlurp","floor":9.0},{"not_picked":["Slimebound:SamplingLick","Slimebound:SplitAcid"],"picked":"Slimebound:RejuvenatingLick","floor":10.0},{"not_picked":["Slimebound:SpikyOuterGoop","Slimebound:FinishingTackle"],"picked":"Slimebound:Repurpose","floor":11.0},{"not_picked":["Slimebound:RollThrough","Slimebound:ComboTackle"],"picked":"Slimebound:TongueLash","floor":14.0},{"not_picked":["Slimebound:FinishingTackle","Slimebound:Dissolve"],"picked":"Slimebound:LivingWall","floor":15.0},{"not_picked":["Slimebound:DouseInSlime","Slimebound:LeechLife"],"picked":"Slimebound:OozeBath","floor":16.0},{"not_picked":["Slimebound:MegaLick","Slimebound:AcidTongue"],"picked":"Slimebound:ItLooksTasty","floor":19},{"not_picked":["Slimebound:ProtectTheBoss","Slimebound:LivingWall","Slimebound:BestDefense"],"picked":"SKIP","floor":21},{"not_picked":["Slimebound:Grow","Slimebound:AcidTongue","Slimebound:SlimeBarrage+1"],"picked":"SKIP","floor":22},{"not_picked":["Slimebound:ComboTackle+1","Slimebound:FormOfPuddle","Slimebound:SplitMire"],"picked":"SKIP","floor":23}],"player_experience":417965,"relics_obtained":[{"floor":7.0,"key":"War Paint"},{"floor":10.0,"key":"Calipers"},{"floor":24,"key":"Bronze Scales"}],"event_choices":[{"damage_healed":0.0,"max_hp_gain":0.0,"max_hp_loss":0.0,"gold_gain":0.0,"event_name":"Accursed Blacksmith","player_choice":"Forge","floor":4.0,"gold_loss":0.0,"damage_taken":0.0,"cards_upgraded":["Slimebound:LeechingTouch"]},{"damage_healed":0.0,"max_hp_gain":0.0,"max_hp_loss":0.0,"gold_gain":0.0,"event_name":"Scrap Ooze","player_choice":"Success","floor":12.0,"gold_loss":0.0,"damage_taken":7.0,"relics_obtained":["Ornamental Fan"]},{"cards_removed":["Slimebound:Strike_Slimebound"],"damage_healed":0.0,"max_hp_gain":0.0,"max_hp_loss":0.0,"gold_gain":0.0,"event_name":"Wheel of Change","player_choice":"Card Removal","floor":13.0,"gold_loss":0.0,"damage_taken":0.0}],"is_beta":false,"boss_relics":[{"not_picked":["Calling Bell","Runic Dome"],"picked":"Circlet"}],"items_purged_floors":[23],"is_endless":false,"potions_floor_spawned":[6,9,14,15],"killed_by":"Gremlin Leader","ascension_level":0}}