{"host":"8pvw2tcf9wctlvur","time":1613107962,"event":{"mods":["BaseMod","Better Third Choice","Colored Powertips","Curses Come First","Minty Spire (QoL Compilation)","Rare Cards Sparkle","Relic Stats","StSLib","SuperFastMode"],"gold_per_floor":[119,119,40,50,67,98,98,373,373,406,421,438,454,467,467,565,565,580,592,411,321,338,338,367,378,404,113,113,123,138,169,169,264,264,280,280,295,314,97,126,126,145,170,94,110,110,35,35,35,35],"floor_reached":51,"language":"ENG","playtime":6913,"items_purged":["Neutralize"],"score":844,"play_id":"c8a2d3f8-6235-4474-9375-24bc5654a287","local_time":"20210211223242","is_ascension_mode":true,"campfire_choices":[{"data":"Phantasmal Killer","floor":7,"key":"SMITH"},{"floor":15,"key":"REST"},{"floor":23,"key":"REST"},{"floor":32,"key":"REST"},{"floor":41,"key":"REST"},{"floor":46,"key":"REST"},{"floor":49,"key":"REST"}],"circlet_count":0,"master_deck":["Strike_G","Strike_G","Strike_G","Strike_G","Defend_G","Defend_G","Defend_G","Defend_G","Survivor","Cloak And Dagger","Phantasmal Killer+1","Calculated Gamble","Underhanded Strike","Accuracy","Accuracy","Predator","Blade Dance","Setup","Blade Dance","Calculated Gamble","Blade Dance","Adrenaline","Infinite Blades","Concentrate","Underhanded Strike","Impatience","Accuracy+1","Flechettes+1","After Image","Finisher+1","Storm of Steel","PiercingWail","Finisher","Storm of Steel","Infinite Blades","Phantasmal Killer+1","Adrenaline","Expertise+1","Infinite Blades","Reflex"],"relics":["Ring of the Snake","NeowsBlessing","Gremlin Horn","Pocketwatch","Meat on the Bone","Runic Pyramid","Mummified Hand","Whetstone","Toolbox","Bottled Tornado","Toy Ornithopter","Busted Crown","DollysMirror","Oddly Smooth Stone","Akabeko"],"acts_visited":["Exordium","TheCity","TheBeyond"],"potions_floor_usage":[6,12,13,16,29,30,31,42,50,50,50,50,50,50],"damage_taken":[{"damage":0,"enemies":"Small Slimes","floor":1,"turns":1},{"damage":0,"enemies":"Cultist","floor":4,"turns":1},{"damage":0,"enemies":"Jaw Worm","floor":5,"turns":1},{"damage":12,"enemies":"3 Sentries","floor":6,"turns":8},{"damage":40,"enemies":"Lagavulin","floor":10,"turns":5},{"damage":8,"enemies":"Red Slaver","floor":11,"turns":4},{"damage":5,"enemies":"Exordium Thugs","floor":12,"turns":2},{"damage":1,"enemies":"Exordium Wildlife","floor":13,"turns":3},{"damage":26,"enemies":"Lots of Slimes","floor":14,"turns":4},{"damage":26,"enemies":"Slime Boss","floor":16,"turns":10},{"damage":30,"enemies":"2 Thieves","floor":18,"turns":3},{"damage":4,"enemies":"Spheric Guardian","floor":19,"turns":3},{"damage":15,"enemies":"Snake Plant","floor":22,"turns":2},{"damage":18,"enemies":"Gremlin Leader","floor":24,"turns":4},{"damage":4,"enemies":"Cultist and Chosen","floor":25,"turns":4},{"damage":15,"enemies":"Centurion and Healer","floor":29,"turns":2},{"damage":0,"enemies":"Chosen and Byrds","floor":30,"turns":2},{"damage":39,"enemies":"Book of Stabbing","floor":31,"turns":5},{"damage":0,"enemies":"Champ","floor":33,"turns":4},{"damage":25,"enemies":"3 Shapes","floor":35,"turns":3},{"damage":0,"enemies":"Orb Walker","floor":37,"turns":1},{"damage":9,"enemies":"Sphere and 2 Shapes","floor":38,"turns":3},{"damage":0,"enemies":"Reptomancer","floor":40,"turns":2},{"damage":5,"enemies":"Maw","floor":42,"turns":5},{"damage":33,"enemies":"4 Shapes","floor":45,"turns":3},{"damage":73,"enemies":"Awakened One","floor":50,"turns":7}],"seed_played":"6075696126148400432","potions_obtained":[{"floor":4,"key":"SteroidPotion"},{"floor":10,"key":"LiquidMemories"},{"floor":11,"key":"Strength Potion"},{"floor":13,"key":"Swift Potion"},{"floor":14,"key":"SmokeBomb"},{"floor":24,"key":"GamblersBrew"},{"floor":25,"key":"Strength Potion"},{"floor":29,"key":"Block Potion"},{"floor":30,"key":"PowerPotion"},{"floor":38,"key":"EntropicBrew"},{"floor":40,"key":"AttackPotion"},{"floor":42,"key":"LiquidBronze"}],"is_trial":false,"path_per_floor":["M","?","$","M","M","E","R","?","T","E","M","M","M","M","R","B",null,"M","M","$","?","M","R","E","M","T","$","T","M","M","E","R","B",null,"M","?","M","M","$","E","R","M","T","$","M","R","$","?","R","B",null],"character_chosen":"THE_SILENT","items_purchased":["Calculated Gamble","Underhanded Strike","Underhanded Strike","Impatience","Accuracy","Storm of Steel","Toolbox","Infinite Blades","DollysMirror","Infinite Blades"],"campfire_rested":6,"item_purchase_floors":[3,3,20,20,20,27,27,39,39,44],"current_hp_per_floor":[70,70,70,70,70,58,58,58,58,18,22,29,40,26,47,33,70,40,36,36,36,33,54,36,44,44,44,44,41,41,14,35,47,70,45,45,45,36,36,36,57,57,57,57,36,57,57,57,70,19],"gold":35,"neow_bonus":"THREE_ENEMY_KILL","is_daily":false,"chose_seed":false,"campfire_upgraded":1,"win_rate":0.0,"timestamp":1613107962,"path_taken":["M","?","$","?","M","E","R","?","T","E","M","M","M","M","R","BOSS","M","M","$","?","M","R","E","M","T","?","?","?","M","E","R","BOSS","M","?","M","M","$","E","R","M","T","?","M","R","$","?","R","BOSS"],"items_purchased_type":["Card","Card","Card","Card","Card","Card","Relic","Card","Relic","Card"],"build_version":"2020-12-22","purchased_purges":1,"victory":true,"max_hp_per_floor":[70,70,70,70,70,70,70,70,70,70,70,70,70,70,70,70,70,70,70,70,70,70,70,70,70,70,70,70,70,70,70,70,70,70,70,70,70,70,70,70,70,70,70,70,70,70,70,70,70,70],"relic_stats":{"Busted Crown":12,"Gremlin Horn":[28,28],"counters":[26,92],"Mummified Hand":[51],"Whetstone":["Finisher","Flechettes"],"obtain_stats":[{"NeowsBlessing":0,"Gremlin Horn":6,"Oddly Smooth Stone":40,"Whetstone":26,"Bottled Tornado":28,"Akabeko":43,"Busted Crown":34,"Mummified Hand":24,"DollysMirror":39,"Toolbox":27,"Toy Ornithopter":31,"Ring of the Snake":0,"Pocketwatch":9,"Meat on the Bone":10,"Runic Pyramid":17},{"NeowsBlessing":0,"Gremlin Horn":4,"Oddly Smooth Stone":23,"Whetstone":15,"Bottled Tornado":15,"Akabeko":24,"Busted Crown":19,"Mummified Hand":14,"DollysMirror":22,"Toolbox":15,"Toy Ornithopter":18,"Ring of the Snake":0,"Pocketwatch":4,"Meat on the Bone":5,"Runic Pyramid":10},{"NeowsBlessing":0,"Gremlin Horn":11,"Oddly Smooth Stone":77,"Whetstone":55,"Bottled Tornado":55,"Akabeko":82,"Busted Crown":68,"Mummified Hand":51,"DollysMirror":75,"Toolbox":55,"Toy Ornithopter":64,"Ring of the Snake":0,"Pocketwatch":11,"Meat on the Bone":16,"Runic Pyramid":39}],"Toy Ornithopter":15,"Ring of the Snake":[52],"Pocketwatch":[16],"Meat on the Bone":144},"card_choices":[{"not_picked":["Dagger Throw","Poisoned Stab"],"picked":"Cloak And Dagger","floor":1},{"not_picked":["Quick Slash","Deflect"],"picked":"Accuracy","floor":4},{"not_picked":["Riddle With Holes","Endless Agony"],"picked":"Accuracy","floor":5},{"not_picked":["Dagger Throw","Deflect"],"picked":"Predator","floor":6},{"not_picked":["Backflip","Predator"],"picked":"Blade Dance","floor":10},{"not_picked":["Expertise","Poisoned Stab"],"picked":"Setup","floor":11},{"not_picked":["Quick Slash","Poisoned Stab"],"picked":"Blade Dance","floor":12},{"not_picked":["Dodge and Roll","Bouncing Flask"],"picked":"Calculated Gamble","floor":13},{"not_picked":["Dagger Spray","Quick Slash"],"picked":"Blade Dance","floor":14},{"not_picked":["Tools of the Trade","Die Die Die"],"picked":"Adrenaline","floor":16},{"not_picked":["Deflect","Distraction"],"picked":"Infinite Blades","floor":18},{"not_picked":["Poisoned Stab","Masterful Stab"],"picked":"Concentrate","floor":19},{"not_picked":["Bane","Outmaneuver"],"picked":"Flechettes","floor":22},{"not_picked":["Bane","All Out Attack"],"picked":"After Image","floor":24},{"not_picked":["Dagger Spray","Poisoned Stab"],"picked":"Finisher","floor":25},{"not_picked":["Bouncing Flask","Predator"],"picked":"PiercingWail","floor":29},{"not_picked":["Catalyst","Poisoned Stab","Quick Slash+1"],"picked":"SKIP","floor":30},{"not_picked":["Sucker Punch+1","Blade Dance+1"],"picked":"Finisher","floor":31},{"not_picked":["Unload","Glass Knife"],"picked":"Storm of Steel","floor":33},{"not_picked":["Deadly Poison"],"picked":"SKIP","floor":35},{"not_picked":["Poisoned Stab"],"picked":"SKIP","floor":37},{"not_picked":["Sucker Punch"],"picked":"SKIP","floor":38},{"not_picked":[],"picked":"Adrenaline","floor":40},{"not_picked":[],"picked":"Expertise+1","floor":42},{"not_picked":[],"picked":"Reflex","floor":45}],"player_experience":281628,"relics_obtained":[{"floor":6,"key":"Gremlin Horn"},{"floor":9,"key":"Pocketwatch"},{"floor":10,"key":"Meat on the Bone"},{"floor":24,"key":"Mummified Hand"},{"floor":26,"key":"Whetstone"},{"floor":28,"key":"Bottled Tornado"},{"floor":31,"key":"Toy Ornithopter"},{"floor":40,"key":"Oddly Smooth Stone"},{"floor":43,"key":"Akabeko"}],"event_choices":[{"damage_healed":0,"gold_gain":0,"cards_transformed":["Defend_G"],"player_choice":"Transformed","damage_taken":0,"max_hp_gain":0,"max_hp_loss":0,"event_name":"Transmorgrifier","floor":2,"gold_loss":0,"cards_obtained":["Phantasmal Killer"]},{"damage_healed":0,"gold_gain":275,"player_choice":"Desecrate","damage_taken":0,"max_hp_gain":0,"max_hp_loss":0,"event_name":"Golden Shrine","floor":8,"gold_loss":0,"cards_obtained":["Regret"]},{"cards_removed":["Regret"],"damage_healed":0,"gold_gain":0,"player_choice":"Upgrade and Remove","damage_taken":0,"max_hp_gain":0,"max_hp_loss":0,"event_name":"Designer","floor":21,"gold_loss":90,"cards_upgraded":["Accuracy"]},{"damage_healed":0,"gold_gain":0,"player_choice":"Bought 0 Potions","damage_taken":0,"max_hp_gain":0,"max_hp_loss":0,"event_name":"The Woman in Blue","floor":36,"gold_loss":0},{"cards_removed":["Strike_G"],"damage_healed":0,"gold_gain":0,"player_choice":"Removed Attack","damage_taken":0,"max_hp_gain":0,"max_hp_loss":0,"event_name":"Falling","floor":48,"gold_loss":0}],"is_beta":false,"boss_relics":[{"not_picked":["Ectoplasm","Velvet Choker"],"picked":"Runic Pyramid"},{"not_picked":["Runic Dome","Tiny House"],"picked":"Busted Crown"}],"items_purged_floors":[47],"is_endless":false,"potions_floor_spawned":[4,10,11,13,14,24,25,29,30,38,40,42],"ascension_level":1}}