{"host":"15ff3ltgpietarej","time":1613151951,"event":{"mods":["BaseMod","Bestiary","Downfall","Highlight Path","Minty Spire (QoL Compilation)","Relic Stats","StSLib"],"gold_per_floor":[99,113,113,126,143,43,43,43,28,28,28,63,63,75,90,90,90,90],"floor_reached":16,"language":"ENG","playtime":582,"items_purged":[],"score":145,"play_id":"046069d1-2a53-480e-b0b1-f0b4bfab9609","local_time":"20210212184551","is_ascension_mode":true,"campfire_choices":[{"floor":1,"key":"RECALL"},{"data":"Guardian:Emergency","floor":6,"key":"SMITH"},{"data":"Guardian:TwinSlam","floor":8,"key":"SMITH"},{"data":"Guardian:SentryBeam","floor":13,"key":"SMITH"}],"circlet_count":0,"master_deck":["Guardian:Strike_Guardian","Guardian:Strike_Guardian","Guardian:Strike_Guardian","Guardian:Strike_Guardian","Guardian:Defend_Guardian","Guardian:Defend_Guardian","Guardian:Defend_Guardian","Guardian:Defend_Guardian","Guardian:CurlUp","Guardian:TwinSlam+1","Secret Weapon","Pain","Guardian:Emergency+1","Guardian:Gem_Yellow","Guardian:FuturePlans+1","Guardian:SentryBeam+1","Guardian:Incinerate","Guardian:TimeBomb"],"relics":["Guardian:ModeShifter","WarpedTongs","downfall:HeartBlessingRed","Bag of Preparation"],"acts_visited":["Exordium"],"potions_floor_usage":[9,15],"damage_taken":[{"damage":0,"enemies":"Small Slimes","floor":2,"turns":3},{"damage":4,"enemies":"Cultist","floor":4,"turns":4},{"damage":6,"enemies":"Jaw Worm","floor":5,"turns":4},{"damage":3,"enemies":"downfall:FleeingMerchant","floor":9,"turns":4},{"damage":20,"enemies":"Gremlin Nob","floor":12,"turns":5},{"damage":15,"enemies":"3 Louse","floor":14,"turns":4},{"damage":4,"enemies":"Gremlin Gang","floor":15,"turns":2},{"damage":9,"enemies":"WA_ARCHETYPE_RETAIN","floor":16,"turns":1}],"seed_played":"-7668338807176596006","potions_obtained":[{"floor":5,"key":"Weak Potion"},{"floor":12,"key":"Explosive Potion"},{"floor":15,"key":"Fire Potion"}],"is_trial":false,"path_per_floor":["R","M","?","M","M","R","T","R","$","?","?","E","R","M","M","B"],"character_chosen":"GUARDIAN","items_purchased":[],"campfire_rested":0,"item_purchase_floors":[],"current_hp_per_floor":[72,72,72,68,62,62,62,62,59,59,59,39,39,24,20,11,11,11],"gold":90,"neow_bonus":"RANDOM_COLORLESS_2","is_daily":false,"chose_seed":false,"campfire_upgraded":3,"win_rate":0.0,"timestamp":1613151951,"path_taken":["R","M","?","?","M","R","T","R","$","?","?","E","R","?","M","BOSS"],"items_purchased_type":[],"build_version":"2020-12-22","purchased_purges":0,"victory":false,"max_hp_per_floor":[72,72,72,72,72,72,72,72,72,72,72,72,72,72,72,72,72,72],"relic_stats":{"counters":[8,27],"Bag of Preparation":[6],"obtain_stats":[{"downfall:HeartBlessingRed":6,"Guardian:ModeShifter":0,"Bag of Preparation":12,"WarpedTongs":3},{"downfall:HeartBlessingRed":3,"Guardian:ModeShifter":0,"Bag of Preparation":5,"WarpedTongs":1},{"downfall:HeartBlessingRed":11,"Guardian:ModeShifter":0,"Bag of Preparation":20,"WarpedTongs":3}],"WarpedTongs":[24]},"card_choices":[{"not_picked":["Metamorphosis","Chrysalis"],"picked":"Secret Weapon","floor":0},{"not_picked":["Guardian:PiercingHide","Guardian:Gem_Cyan"],"picked":"Guardian:Gem_Red","floor":2},{"not_picked":["Guardian:Gem_White","Guardian:Gem_Cyan"],"picked":"Guardian:Emergency","floor":4},{"not_picked":["Guardian:Gem_Blue","Guardian:WalkerClaw"],"picked":"Guardian:Gem_Yellow","floor":5},{"not_picked":["Guardian:Recover","Guardian:Gem_Blue"],"picked":"Guardian:FuturePlans","floor":9},{"not_picked":["Guardian:FuturePlans","Guardian:PrismaticBarrier"],"picked":"Guardian:SentryBeam","floor":12},{"not_picked":["Guardian:Harden","Guardian:Gem_Green"],"picked":"Guardian:Incinerate","floor":14},{"not_picked":["Guardian:Gem_Cyan","Guardian:ArmoredProtocol"],"picked":"Guardian:TimeBomb","floor":15}],"player_experience":460014,"relics_obtained":[{"floor":12,"key":"Bag of Preparation"}],"event_choices":[{"damage_healed":0,"gold_gain":0,"player_choice":"Grow","damage_taken":0,"max_hp_gain":0,"max_hp_loss":0,"event_name":"Living Wall","floor":10,"gold_loss":0,"cards_upgraded":["Guardian:FuturePlans"]}],"is_beta":false,"boss_relics":[],"items_purged_floors":[],"is_endless":false,"potions_floor_spawned":[5,12,15],"killed_by":"WA_ARCHETYPE_RETAIN","ascension_level":9}}