{"host":"rtw1tnr74gozsrw1","time":1613107153,"event":{"mods":["BaseMod","Colored Map","Colored Powertips","Highlight Path","Infinite Spire","Minty Spire (QoL Compilation)","StSLib","The Cursed","The Jungle"],"gold_per_floor":[118,49,49,66,66,66,78,78,78,107,107,107,127,138,138,237,237,252,177,276,260,273,273,285,285,285,295,295,195,225,239,239,343,343,363,411,424,424,121,121,132,147,147,147,173,173,185,185,185,185],"floor_reached":51,"language":"ENG","playtime":2675,"items_purged":["TheCursedMod:TacticalStrike","TheCursedMod:CleanUpWorkshop","TheCursedMod:Stigma","TheCursedMod:Grudge+1"],"score":872,"play_id":"7af27d2d-c447-4fe5-bdf0-f350d7396d8b","local_time":"20210212061913","is_ascension_mode":false,"campfire_choices":[{"data":"TheCursedMod:VoidForm","floor":6,"key":"SMITH"},{"data":"TheCursedMod:CursedShiv","floor":8,"key":"SMITH"},{"data":"TheCursedMod:LuckyCharm","floor":11,"key":"SMITH"},{"floor":15,"key":"REST"},{"data":"TheCursedMod:CollectTribute","floor":23,"key":"SMITH"},{"data":"TheCursedMod:LuckyCharm","floor":28,"key":"SMITH"},{"data":"TheCursedMod:CursedSpellbook","floor":32,"key":"SMITH"},{"data":"Mayhem","floor":40,"key":"SMITH"},{"data":"TheCursedMod:LuckyCharm","floor":46,"key":"SMITH"},{"floor":49,"key":"REST"}],"circlet_count":0,"master_deck":["TheCursedMod:CursedWand","TheCursedMod:Dregs","TheCursedMod:LuckyCharm+1","TheCursedMod:VoidForm+1","TheCursedMod:LuckyCharm+1","TheCursedMod:Wield","TheCursedMod:NeowsMight","TheCursedMod:SoulReap","TheCursedMod:SpitefulPray","TheCursedMod:CollectTribute+1","TheCursedMod:Neurasthenia","TheCursedMod:LuckyCharm+1","TheCursedMod:CursedSpellbook+1","TheCursedMod:AshesToAshes","TheCursedMod:BlessingInDisguise","Mayhem+1","TheCursedMod:LuckyCharm+1","TheCursedMod:NeowsMight","TheCursedMod:Wield+1"],"relics":["TheCursedMod:BlackMagic101","NeowsBlessing","Bag of Preparation","infinitespire:Lucky Rock","Regal Pillow","Pandora\u0027s Box","infinitespire:CheckeredPen","Du-Vu Doll","SlaversCollar","FossilizedHelix","TheCursedMod:CrystalBall"],"acts_visited":["Exordium","TheCity","TheBeyond"],"potions_floor_usage":[14,21,36],"damage_taken":[{"damage":0,"enemies":"Jaw Worm","floor":1,"turns":1},{"damage":0,"enemies":"Cultist","floor":4,"turns":1},{"damage":0,"enemies":"2 Louse","floor":7,"turns":1},{"damage":36,"enemies":"Gremlin Nob","floor":10,"turns":6},{"damage":22,"enemies":"Blue Slaver","floor":13,"turns":4},{"damage":11,"enemies":"Large Slime","floor":14,"turns":5},{"damage":30,"enemies":"Hexaghost","floor":16,"turns":9},{"damage":15,"enemies":"Chosen","floor":18,"turns":4},{"damage":21,"enemies":"2 Thieves","floor":21,"turns":4},{"damage":17,"enemies":"3 Cultists","floor":22,"turns":5},{"damage":1,"enemies":"Snake Plant","floor":24,"turns":3},{"damage":0,"enemies":"Shelled Parasite and Fungi","floor":27,"turns":5},{"damage":4,"enemies":"Gremlin Leader","floor":30,"turns":4},{"damage":15,"enemies":"3 Cultists","floor":31,"turns":5},{"damage":16,"enemies":"Automaton","floor":33,"turns":7},{"damage":10,"enemies":"3 Darklings","floor":35,"turns":5},{"damage":58,"enemies":"2 Orb Walkers","floor":36,"turns":6},{"damage":0,"enemies":"Orb Walker","floor":37,"turns":3},{"damage":19,"enemies":"Maw","floor":41,"turns":5},{"damage":5,"enemies":"Writhing Mass","floor":42,"turns":5},{"damage":3,"enemies":"Reptomancer","floor":45,"turns":5},{"damage":2,"enemies":"Sphere and 2 Shapes","floor":47,"turns":4},{"damage":4,"enemies":"Donu and Deca","floor":50,"turns":6}],"seed_played":"4954838966078926556","potions_obtained":[{"floor":4,"key":"infinitespire:BlackPotion"},{"floor":7,"key":"Fire Potion"},{"floor":10,"key":"Swift Potion"},{"floor":16,"key":"Regen Potion"},{"floor":21,"key":"Explosive Potion"},{"floor":36,"key":"EntropicBrew"}],"is_trial":false,"path_per_floor":["M","$","?","M","?","R","M","R","T","E","R","T","M","M","R","B",null,"M","$","?","M","M","R","M","AVR","T","M","R","$","E","M","R","B",null,"M","?","M","?","$","R","M","M","T","?","E","R","M","AVR","R","B",null],"character_chosen":"THE_CURSED","items_purchased":["TheCursedMod:LuckyCharm","Mayhem"],"campfire_rested":2,"item_purchase_floors":[2,39],"current_hp_per_floor":[75,75,75,75,75,75,75,75,75,39,39,39,17,6,43,13,75,65,65,65,63,51,51,57,57,57,62,62,62,75,60,60,59,75,65,31,47,47,47,47,40,38,38,38,49,49,63,63,75,71],"gold":185,"neow_bonus":"THREE_ENEMY_KILL","is_daily":false,"chose_seed":false,"campfire_upgraded":8,"win_rate":0.0,"timestamp":1613107153,"path_taken":["M","$","?","M","?","R","M","R","T","E","R","?","M","?","R","BOSS","M","$","?","M","M","R","M","AVR","T","M","R","$","E","M","R","BOSS","M","?","M","?","$","R","M","M","T","?","E","R","M","AVR","R","BOSS"],"items_purchased_type":["Card","Card"],"build_version":"2020-12-22","purchased_purges":4,"victory":true,"max_hp_per_floor":[75,75,75,75,75,75,75,75,75,75,75,75,75,75,75,75,75,75,75,75,75,75,75,75,75,75,75,75,75,75,75,75,75,75,75,75,75,75,75,75,75,75,75,75,75,75,75,75,75,75],"card_choices":[{"not_picked":["TheCursedMod:RavingStaff","TheCursedMod:CursedBlade"],"picked":"TheCursedMod:CursedShiv","floor":1},{"not_picked":["TheCursedMod:Stigma","TheCursedMod:Obscuration"],"picked":"TheCursedMod:VoidForm","floor":4},{"not_picked":["TheCursedMod:CursedBlade","TheCursedMod:Obscuration","TheCursedMod:CircleOfFlame"],"picked":"SKIP","floor":7},{"not_picked":["TheCursedMod:SpitefulStrike","TheCursedMod:CursedMace"],"picked":"TheCursedMod:LuckyCharm","floor":10},{"not_picked":["TheCursedMod:FuryStrike","TheCursedMod:Stretching","TheCursedMod:CircleOfBlood"],"picked":"SKIP","floor":13},{"not_picked":["TheCursedMod:BlessingInDisguise","TheCursedMod:Hemoplague"],"picked":"TheCursedMod:Wield","floor":14},{"not_picked":["TheCursedMod:StunningStrike","TheCursedMod:CursedRelics"],"picked":"TheCursedMod:NeowsMight","floor":16},{"not_picked":["TheCursedMod:WearCloak","TheCursedMod:RapidMovement","TheCursedMod:CircleOfBlood"],"picked":"SKIP","floor":18},{"not_picked":["TheCursedMod:CursedBlade","TheCursedMod:SpitefulStrike","TheCursedMod:Grudge"],"picked":"SKIP","floor":21},{"not_picked":["TheCursedMod:VitalStrike","TheCursedMod:Evocation","TheCursedMod:CircleOfFocus"],"picked":"SKIP","floor":22},{"not_picked":["TheCursedMod:SmokeScreen","TheCursedMod:Stretching"],"picked":"TheCursedMod:Grudge+1","floor":24},{"not_picked":["TheCursedMod:AbyssShockwave","TheCursedMod:VitalStrike","TheCursedMod:Evocation"],"picked":"SKIP","floor":27},{"not_picked":["TheCursedMod:CursedMace","TheCursedMod:SoulCrush","TheCursedMod:Neurasthenia"],"picked":"SKIP","floor":30},{"not_picked":["TheCursedMod:CursedShiv+1","TheCursedMod:WearCloak"],"picked":"TheCursedMod:AshesToAshes","floor":31},{"not_picked":["TheCursedMod:SpreadPlague","TheCursedMod:CircleOfBlood","TheCursedMod:CursedMace+1"],"picked":"SKIP","floor":35},{"not_picked":["TheCursedMod:FleshFromBone","TheCursedMod:WearCloak+1"],"picked":"TheCursedMod:BlessingInDisguise","floor":36},{"not_picked":["TheCursedMod:Obscuration","TheCursedMod:Stretching+1","TheCursedMod:AshesToAshes+1"],"picked":"SKIP","floor":37},{"not_picked":["TheCursedMod:TroublousMinions","TheCursedMod:FleshFromBone+1"],"picked":"TheCursedMod:LuckyCharm","floor":41},{"not_picked":["TheCursedMod:DoubleShield","TheCursedMod:Torture"],"picked":"TheCursedMod:NeowsMight","floor":42},{"not_picked":["TheCursedMod:CircleOfFocus+1","TheCursedMod:VitalStrike+1","TheCursedMod:ShockAndAwe"],"picked":"SKIP","floor":45},{"not_picked":["TheCursedMod:Stretching+1","TheCursedMod:Stigma+1"],"picked":"TheCursedMod:Wield+1","floor":47}],"player_experience":149908,"relics_obtained":[{"floor":9,"key":"Bag of Preparation"},{"floor":10,"key":"infinitespire:Lucky Rock"},{"floor":12,"key":"Regal Pillow"},{"floor":26,"key":"infinitespire:CheckeredPen"},{"floor":30,"key":"Du-Vu Doll"},{"floor":36,"key":"FossilizedHelix"},{"floor":45,"key":"TheCursedMod:CrystalBall"}],"event_choices":[{"damage_healed":0,"gold_gain":0,"player_choice":"Ignored","damage_taken":0,"max_hp_gain":0,"max_hp_loss":0,"event_name":"Golden Idol","floor":3,"gold_loss":0},{"damage_healed":0,"gold_gain":99,"player_choice":"Stole From Cult","damage_taken":0,"max_hp_gain":0,"max_hp_loss":0,"event_name":"Nest","floor":20,"gold_loss":0},{"damage_healed":0,"gold_gain":0,"player_choice":"Fight","damage_taken":0,"max_hp_gain":0,"max_hp_loss":0,"event_name":"Mysterious Sphere","floor":36,"gold_loss":0},{"cards_removed":["TheCursedMod:CursedShiv"],"damage_healed":0,"gold_gain":0,"player_choice":"Removed Attack","damage_taken":0,"max_hp_gain":0,"max_hp_loss":0,"event_name":"Falling","floor":38,"gold_loss":0},{"damage_healed":0,"gold_gain":0,"player_choice":"Ignored","damage_taken":0,"max_hp_gain":0,"max_hp_loss":0,"event_name":"Tomb of Lord Red Mask","floor":44,"gold_loss":0}],"is_beta":false,"boss_relics":[{"not_picked":["Philosopher\u0027s Stone","Calling Bell"],"picked":"Pandora\u0027s Box"},{"not_picked":["Tiny House","Empty Cage"],"picked":"SlaversCollar"}],"items_purged_floors":[19,25,29,39],"is_endless":false,"potions_floor_spawned":[4,7,10,13,16,21,22,31,36,41,45,47],"ascension_level":0}}