{"host":"u1aszu5qu1q3zw6m","time":1613163342,"event":{"mods":["Act Like it!","BaseMod","BetterRewards","Colored Map","Colored Powertips","Downfall","Hermit","Infinite Spire","Jorbs\u0027s Wanderer Trilogy","Marisa????????","Minty Spire (QoL Compilation)","Quick Restart","Replay The Spire","StSLib","The Cursed","The Necromancer"],"gold_per_floor":[115,81,51,67,85,85,160,175,175,275,290,290,316,336,336,441,441,456,75,75,75,86,86,119,119,119,119,143,143,178,197,214,233,233,336,336,346,346,358,370,93,123,135,191,217,231,231,231,246,266,266,362,362,362],"floor_reached":53,"language":"ENG","playtime":4114,"items_purged":["infinitespire:Pacifist"],"score":606,"play_id":"bc43978e-7e41-4485-81c9-f1705d112291","local_time":"20210212155542","is_ascension_mode":false,"campfire_choices":[{"data":"Bone_Armory","floor":6.0,"key":"SMITH"},{"data":"Summon_Vampire_Lady","floor":12.0,"key":"SMITH"},{"floor":15.0,"key":"DIG"},{"floor":23.0,"key":"DIG"},{"floor":48,"key":"REST"},{"floor":51,"key":"REST"}],"circlet_count":0,"master_deck":["Strike_W","Strike_W","Defend_W","Defend_W","Negative_Energy_Arrows","Spectral_Walk","Bone_Armory+1","Bone_Shift","Bone_Spikes","Summon_Vampire_Lady+1","Acid_Javelin","Violent_Necrosis","Necrotic_Claws","Skeleton_Dragon","Reap_The_Weak+1","Bone_Prison+1","Negative_Energy_Javelin+1","Bone_Prison+1","Grasp_Heart","Toxic_Smoke_Screen+1","Necrotic_Claws","Bone_Bullets","Summon_Vampire_Lady","Spectral_Armor+1","Bone_Shift","ReplayTheSpireMod:Black Plague","Skeleton_Dragon","Whirlwind_of_Bones","Summon_Death_Knight","Pandemic+1","Bone_Shift","Grasp_Heart","Summon_Death_Knight","Slay_Living","Shade_Step+1","Corrupt+1","Magnetism+1","Shade_Step+1","Cloudkill","Plague_Bolt+1","Life_Drain+1","Spectral_Walk+1","Hellfire","Skeleton_Dragon","CurseOfTheBell"],"relics":["Vampire_Amulet","CaptainsWheel","Replay:Multitool","Strawberry","Astrolabe","Orrery","Nloth\u0027s Gift","Bottled Flame","Toy Ornithopter","Blue Doll","infinitespire:CheckeredPen","Fusion Hammer","ReplayTheSpireMod:CursedCoin","Centennial Puzzle","Snack Pack","Gremlin Food","Snecko Heart","Quantum Egg","Calling Bell","Dream Catcher","ReplayTheSpireMod:Shallot","Replay:Towering Pillar of Hats"],"acts_visited":["Exordium","TheCity","TheBeyond","Exordium"],"potions_floor_usage":[52,52],"damage_taken":[{"damage":0.0,"enemies":"Jaw Worm","floor":1.0,"turns":1.0},{"damage":0.0,"enemies":"Cultist","floor":4.0,"turns":1.0},{"damage":0.0,"enemies":"infinitespire:Voidling","floor":5.0,"turns":1.0},{"damage":12.0,"enemies":"Exordium Wildlife","floor":8.0,"turns":4.0},{"damage":17.0,"enemies":"Lots of Slimes","floor":11.0,"turns":5.0},{"damage":18.0,"enemies":"Replay:BlueRogue","floor":13.0,"turns":6.0},{"damage":20.0,"enemies":"Looter","floor":14.0,"turns":3.0},{"damage":41.0,"enemies":"Hexaghost","floor":16.0,"turns":11.0},{"damage":5.0,"enemies":"Shell Parasite","floor":18.0,"turns":4.0},{"damage":7.0,"enemies":"2 Thieves","floor":22.0,"turns":4.0},{"damage":9.0,"enemies":"Nightmare","floor":24.0,"turns":6.0},{"damage":20.0,"enemies":"Book of Stabbing","floor":30.0,"turns":4.0},{"damage":3.0,"enemies":"Cultist and Chosen","floor":31.0,"turns":5.0},{"damage":21.0,"enemies":"Chosen and Byrds","floor":32.0,"turns":6.0},{"damage":0.0,"enemies":"Snecko","floor":33.0,"turns":4.0},{"damage":100.0,"enemies":"Automaton","floor":35.0,"turns":13.0},{"damage":16.0,"enemies":"3 Shapes","floor":37.0,"turns":4.0},{"damage":11.0,"enemies":"3 Darklings","floor":39.0,"turns":6.0},{"damage":47.0,"enemies":"4 Shapes","floor":40.0,"turns":6.0},{"damage":16.0,"enemies":"Nightmare","floor":42.0,"turns":7.0},{"damage":10.0,"enemies":"Writhing Mass","floor":43.0,"turns":4.0},{"damage":26,"enemies":"3 Darklings","floor":46,"turns":7},{"damage":31,"enemies":"Spire Growth","floor":49,"turns":4},{"damage":0,"enemies":"Maw","floor":50,"turns":5},{"damage":71,"enemies":"Replay:Hell Engine","floor":52,"turns":7}],"seed_played":"8294943365421162608","potions_obtained":[{"floor":1.0,"key":"champ:CounterPotion"},{"floor":3.0,"key":"Slimebound:ThreeZeroPotion"},{"floor":3.0,"key":"Languid Potion"},{"floor":11.0,"key":"Guardian:BlockOnCardUsePotion"},{"floor":14.0,"key":"Fire Potion"},{"floor":16.0,"key":"Weak Potion"},{"floor":18.0,"key":"Strength Potion"},{"floor":30.0,"key":"LifebloodPotion"},{"floor":32.0,"key":"FairyPotion"},{"floor":34.0,"key":"Toxic Potion"},{"floor":34.0,"key":"hexamod:SoulburnPotion"},{"floor":37.0,"key":"EntropicBrew"},{"floor":39.0,"key":"Explosive Potion"},{"floor":42.0,"key":"Adrenaline Potion"},{"floor":46,"key":"SteroidPotion"},{"floor":49,"key":"Venom Potion"},{"floor":52,"key":"Weak Potion"}],"is_trial":false,"path_per_floor":["M","$","?","M","M","R","?","M","T","?","M","R","E","M","R_BF","B",null,"M","$","?","?","M","R","NM","PTL","PTL","R","T","?","E","M","M","M","R_BF","B",null,"M","?","M","M","$","NM","M","R","T","M","AVR","R","M","M","R_BF","B",null],"character_chosen":"NECROMANCER","items_purchased":["Bone_Armory","DuplicationPotion","Grasp_Heart","Orrery","ReplayTheSpireMod:CursedCoin","Magnetism+1","Reflective Coating","Centennial Puzzle","Shade_Step"],"campfire_rested":2,"item_purchase_floors":[2,19,19,19,41,41,41,41,41],"current_hp_per_floor":[75,75,75,75,75,75,68,60,60,60,65,65,64,52,59,47,82,82,82,82,82,82,82,78,78,78,78,78,78,60,66,64,81,81,22,82,78,78,82,53,53,49,52,52,52,34,34,58,40,68,82,32,82,82],"gold":362,"neow_bonus":"THREE_ENEMY_KILL","is_daily":false,"chose_seed":false,"campfire_upgraded":2,"win_rate":0.0,"timestamp":1613163342,"path_taken":["M","$","?","?","M","R","?","?","T","?","?","R","E","?","R_BF","BOSS","M","$","?","?","M","R","NM","PTL","PTL","R","T","?","E","?","M","M","R_BF","BOSS","M","?","M","M","?","NM","?","R","T","M","AVR","R","M","M","R_BF","BOSS"],"items_purchased_type":["Card","Potion","Card","Relic","Relic","Card","Potion","Relic","Card"],"build_version":"2020-12-22","purchased_purges":1,"victory":false,"max_hp_per_floor":[75,75,75,75,75,75,75,75,75,75,75,75,75,75,82,82,82,82,82,82,82,82,82,82,82,82,82,82,82,82,82,82,82,82,82,82,82,82,82,82,82,82,82,82,82,82,82,82,82,82,82,82,82,82],"card_choices":[{"not_picked":["Exploit","Negative_Energy_Sphere"],"picked":"Spectral_Walk","floor":1.0},{"not_picked":["Scare","Blood_Curse"],"picked":"Bone_Shift","floor":4.0},{"not_picked":["Chill_Blood","Negative_Energy_Sphere"],"picked":"Bone_Spikes","floor":5.0},{"not_picked":["Negative_Energy_Javelin","Summon_Undead"],"picked":"Summon_Vampire_Lady","floor":8.0},{"not_picked":["Bone_Armor","Negative_Energy_Javelin"],"picked":"Acid_Javelin","floor":11.0},{"not_picked":["Negative_Energy_Sphere","Blood_Whip"],"picked":"Violent_Necrosis","floor":13.0},{"not_picked":["Negative_Energy_Javelin","Blood_Is_Power"],"picked":"Necrotic_Claws","floor":14.0},{"not_picked":["Summon_Death_Knight","Blood_Magic"],"picked":"Skeleton_Dragon","floor":16.0},{"not_picked":["Negative_Energy_Shield","Vampiric_Strike+1"],"picked":"Bone_Prison+1","floor":18.0},{"not_picked":["Blood_Curse","Negative_Energy_Shield"],"picked":"Toxic_Smoke_Screen+1","floor":19.0},{"not_picked":["Consume_Illness","Vampiric_Strike"],"picked":"Necrotic_Claws","floor":19.0},{"not_picked":["Blood_Whip","Blood_Shield"],"picked":"Bone_Bullets","floor":19.0},{"not_picked":["Toxic_Smoke_Screen","Negative_Energy_Shield"],"picked":"Summon_Vampire_Lady","floor":19.0},{"not_picked":["Negative_Energy_Bomb","Consume_Illness"],"picked":"Spectral_Armor+1","floor":19.0},{"not_picked":["Negative_Energy_Mist","Toxic_Smoke_Screen"],"picked":"Bone_Shift","floor":22.0},{"not_picked":["ReplayTheSpireMod:Book of Names","infinitespire:FutureSight"],"picked":"ReplayTheSpireMod:Black Plague","floor":24.0},{"not_picked":["Shackles_Of_Pain","Necrotic_Claws"],"picked":"Skeleton_Dragon","floor":24.0},{"not_picked":["Toxic_Smoke_Screen","Reap_The_Weak"],"picked":"Summon_Death_Knight","floor":30.0},{"not_picked":["Whirlwind_of_Bones","Blood_Whip"],"picked":"Pandemic+1","floor":31.0},{"not_picked":["Negative_Energy_Javelin","Bone_Armor"],"picked":"Bone_Shift","floor":32.0},{"not_picked":["Death_March_Dance","Bone_Spikes"],"picked":"Grasp_Heart","floor":33.0},{"not_picked":["Summon_Vampire_Lady","Skeleton_Dragon"],"picked":"Summon_Death_Knight","floor":35.0},{"not_picked":["Siphon_Strength","Whirlwind_of_Bones"],"picked":"Slay_Living","floor":37.0},{"not_picked":["Whirlwind_of_Bones+1","Life_Drain+1"],"picked":"Shade_Step","floor":39.0},{"not_picked":["Bone_Spikes+1","Bone_Bullets"],"picked":"Corrupt+1","floor":40.0},{"not_picked":["Negative_Energy_Shield+1","Life_Tap+1"],"picked":"Cloudkill","floor":42.0},{"not_picked":["Strike_from_Beyond","Summon_Lich+1"],"picked":"Plague_Bolt+1","floor":43.0},{"not_picked":["Scare","Chill_Blood+1"],"picked":"Life_Drain+1","floor":46},{"not_picked":["Bone_Shift","Negative_Energy_Javelin+1"],"picked":"Spectral_Walk+1","floor":49},{"not_picked":["Bones_to_Steel","Blood_Whip+1"],"picked":"Hellfire","floor":50},{"not_picked":["Detonate_Bones","Summon_Vampire_Lady"],"picked":"Skeleton_Dragon","floor":52}],"player_experience":177323,"relics_obtained":[{"floor":9.0,"key":"CaptainsWheel"},{"floor":13.0,"key":"Replay:Multitool"},{"floor":15.0,"key":"Strawberry"},{"floor":23.0,"key":"Bottled Flame"},{"floor":24.0,"key":"Toy Ornithopter"},{"floor":28.0,"key":"Blue Doll"},{"floor":30.0,"key":"infinitespire:CheckeredPen"},{"floor":42.0,"key":"Snack Pack"},{"floor":45.0,"key":"Gremlin Food"},{"floor":53,"key":"Dream Catcher"},{"floor":53,"key":"ReplayTheSpireMod:Shallot"},{"floor":53,"key":"Replay:Towering Pillar of Hats"}],"event_choices":[{"damage_healed":0.0,"max_hp_gain":0.0,"max_hp_loss":0.0,"gold_gain":0.0,"event_name":"The Woman in Blue","player_choice":"Bought 2 Potions","floor":3.0,"gold_loss":0.0,"damage_taken":0.0},{"damage_healed":0.0,"max_hp_gain":0.0,"max_hp_loss":0.0,"gold_gain":75.0,"event_name":"FaceTrader","player_choice":"Touch","floor":7.0,"gold_loss":0.0,"damage_taken":7.0},{"damage_healed":0.0,"max_hp_gain":0.0,"max_hp_loss":0.0,"gold_gain":100.0,"event_name":"Wheel of Change","player_choice":"Gold","floor":10.0,"gold_loss":0.0,"damage_taken":0.0},{"damage_healed":0.0,"max_hp_gain":0.0,"max_hp_loss":0.0,"gold_gain":0.0,"event_name":"Ghosts","player_choice":"Ignored","floor":20.0,"gold_loss":0.0,"damage_taken":0.0},{"damage_healed":0.0,"max_hp_gain":0.0,"max_hp_loss":0.0,"gold_gain":0.0,"event_name":"N\u0027loth","player_choice":"Traded Relic","floor":21.0,"relics_lost":["NeowsBlessing"],"gold_loss":0.0,"damage_taken":0.0,"relics_obtained":["Nloth\u0027s Gift"]},{"damage_healed":0.0,"max_hp_gain":0.0,"max_hp_loss":0.0,"gold_gain":0.0,"event_name":"Match and Keep!","player_choice":"0 cards matched","floor":27.0,"gold_loss":0.0,"damage_taken":0.0,"cards_obtained":[]},{"damage_healed":0.0,"max_hp_gain":0.0,"max_hp_loss":0.0,"gold_gain":0.0,"cards_transformed":["Bone_Wall"],"event_name":"Transmorgrifier","player_choice":"Transformed","floor":29.0,"gold_loss":0.0,"damage_taken":0.0,"cards_obtained":["Whirlwind_of_Bones"]},{"cards_removed":["Strike_W"],"damage_healed":0.0,"max_hp_gain":0.0,"max_hp_loss":0.0,"gold_gain":0.0,"event_name":"Purifier","player_choice":"Purged","floor":38.0,"gold_loss":0.0,"damage_taken":0.0}],"is_beta":false,"boss_relics":[{"not_picked":["Cursed Key","Replay:Wanted Poster"],"picked":"Astrolabe"},{"not_picked":["Tiny House","Philosopher\u0027s Stone"],"picked":"Fusion Hammer"},{"not_picked":["Kintsugi","Busted Crown"],"picked":"Calling Bell"}],"items_purged_floors":[47],"is_endless":true,"potions_floor_spawned":[1,11,14,16,18,30,32,37,39,42,46,49,52],"ascension_level":0}}