{"host":"8a72fthmlk1o8pdb","time":1613115979,"event":{"mods":["AchievementEnabler","Aspiration","Astrologer","Bard","BaseMod","Beaked The Cultist","Better Sensory Stone","Better Skull","Better Third Choice","ChefMod","Colored Map","Colored Powertips","Dark Map","Downfall","Friendly Minions","GifTheSpireLib","Googly Eyes","Gremlin Mod","Hermit","Hubris","JesterMod","Jorbs\u0027s Wanderer Trilogy","Marisa????????","Minty Spire (QoL Compilation)","Permanent Neow","Random Character Button","Rare Cards Sparkle","Relic Stats","Reliquary","Robot Space Explorer","Shade Mod","Shop Mod","Somnambulant","StSLib","The Animator","The Blue Laboratory","The Construct","The Cursed","The Disciple","The Hayseed","The Hierophant","The Jungle","The Marked","The Mystic","The Necromancer","The Poker Player","The Problem Sleuth","The Runesmith","thorton"],"gold_per_floor":[109,109,34,34,52,52,79,94,94,110,110,141,141,141,141,237,237,177,177,92,105,125,125,153,167,190,190,202,202,49,60,60,60,60],"floor_reached":33,"language":"ENG","playtime":2270,"items_purged":["hubris:Lust","Strike_B"],"score":273,"play_id":"2b7a86c5-998b-435b-b799-d283443d61f1","local_time":"20210211234619","is_ascension_mode":false,"campfire_choices":[{"data":"Dualcast","floor":6,"key":"SMITH"},{"floor":11,"key":"REST"},{"floor":13,"key":"REST"},{"data":"Leap","floor":15,"key":"SMITH"},{"floor":23,"key":"REST"},{"floor":27,"key":"REST"},{"floor":29,"key":"REST"},{"data":"Blizzard","floor":32,"key":"SMITH"}],"circlet_count":0,"master_deck":["Strike_B","Strike_B","Strike_B","Defend_B","Defend_B","Defend_B","Defend_B","Dualcast+1","Master of Strategy","Gash","Leap+1","Gash","Coolheaded","Coolheaded","Injury","Blizzard+1","Barrage+1","Darkness","Coolheaded","Streamline+1","Redo","Gash"],"relics":["Cracked Core","Pocketwatch","Dream Catcher","Mummified Hand","Bronze Scales","Frozen Egg 2","hubris:Backtick","RobotSpaceExplorer:BottledGravity","reliquary:FeatherDuster","Vajra","Runesmith:AutoHammer"],"acts_visited":["Exordium","TheCity"],"potions_floor_usage":[7,12,18,22,25,31,33],"damage_taken":[{"damage":10,"enemies":"Small Slimes","floor":1,"turns":4},{"damage":0,"enemies":"2 Louse","floor":5,"turns":1},{"damage":16,"enemies":"3 Sentries","floor":7,"turns":6},{"damage":6,"enemies":"Jaw Worm","floor":8,"turns":2},{"damage":21,"enemies":"Exordium Thugs","floor":10,"turns":4},{"damage":16,"enemies":"Lagavulin","floor":12,"turns":5},{"damage":18,"enemies":"Hexaghost","floor":16,"turns":9},{"damage":16,"enemies":"2 Thieves","floor":18,"turns":4},{"damage":9,"enemies":"Shell Parasite","floor":21,"turns":6},{"damage":18,"enemies":"3 Cultists","floor":22,"turns":7},{"damage":34,"enemies":"Gremlin Leader","floor":24,"turns":8},{"damage":17,"enemies":"Shelled Parasite and Fungi","floor":25,"turns":7},{"damage":13,"enemies":"Chosen and Byrds","floor":28,"turns":5},{"damage":1,"enemies":"Centurion and Healer","floor":31,"turns":6},{"damage":46,"enemies":"Champ","floor":33,"turns":6}],"seed_played":"9019729123321729736","potions_obtained":[{"floor":5,"key":"champ:CounterPotion"},{"floor":7,"key":"blueLaboratory:BottledHope"},{"floor":10,"key":"FearPotion"},{"floor":21,"key":"blueLaboratory:FruitPunch"},{"floor":22,"key":"blueLaboratory:Moonshine"},{"floor":24,"key":"blueLaboratory:SystemWipe"},{"floor":28,"key":"AttackPotion"},{"floor":31,"key":"DuplicationPotion"}],"is_trial":false,"path_per_floor":["M","?","$","?","M","R","E","M","T","M","R","E","R","?","R","B",null,"M","?","?","M","M","R","E","M","T","R","M","R","$","M","R","B"],"character_chosen":"DEFECT","items_purchased":["Gash"],"campfire_rested":5,"item_purchase_floors":[30],"current_hp_per_floor":[65,53,53,58,58,58,42,36,36,15,39,23,47,47,47,29,80,64,64,64,55,39,63,29,12,12,36,23,47,47,46,46,0,0],"gold":60,"neow_bonus":"RANDOM_COLORLESS_2","is_daily":false,"chose_seed":false,"campfire_upgraded":3,"win_rate":0.0,"timestamp":1613115979,"path_taken":["M","?","$","?","M","R","E","M","T","M","R","E","R","?","R","BOSS","M","?","?","M","?","R","E","M","T","R","M","R","$","M","R","BOSS"],"items_purchased_type":["Card"],"build_version":"2020-12-22","purchased_purges":2,"victory":false,"max_hp_per_floor":[75,75,75,80,80,80,80,80,80,80,80,80,80,80,80,80,80,80,80,80,80,82,82,82,82,82,82,82,82,82,82,82,82,82],"relic_stats":{"Dream Catcher":5,"counters":[15,80],"Mummified Hand":[0],"Bronze Scales":[189],"obtain_stats":[{"reliquary:FeatherDuster":20,"Dream Catcher":7,"hubris:Backtick":17,"Mummified Hand":9,"RobotSpaceExplorer:BottledGravity":17,"Bronze Scales":12,"Vajra":24,"Runesmith:AutoHammer":26,"Frozen Egg 2":14,"Cracked Core":0,"Pocketwatch":2},{"reliquary:FeatherDuster":8,"Dream Catcher":3,"hubris:Backtick":7,"Mummified Hand":4,"RobotSpaceExplorer:BottledGravity":7,"Bronze Scales":6,"Vajra":11,"Runesmith:AutoHammer":12,"Frozen Egg 2":6,"Cracked Core":0,"Pocketwatch":1},{"reliquary:FeatherDuster":35,"Dream Catcher":11,"hubris:Backtick":31,"Mummified Hand":13,"RobotSpaceExplorer:BottledGravity":31,"Bronze Scales":22,"Vajra":56,"Runesmith:AutoHammer":63,"Frozen Egg 2":22,"Cracked Core":0,"Pocketwatch":4}],"Pocketwatch":[45]},"card_choices":[{"not_picked":["Thinking Ahead","Magnetism"],"picked":"Master of Strategy","floor":0},{"not_picked":["Stack","Hologram"],"picked":"Gash","floor":1},{"not_picked":["Sweeping Beam","Hologram","Stack"],"picked":"SKIP","floor":5},{"not_picked":["aspiration:Polymerization","Stack","Loop"],"picked":"SKIP","floor":7},{"not_picked":["Stack","Conserve Battery","Redo"],"picked":"SKIP","floor":8},{"not_picked":["Doom and Gloom","Melter"],"picked":"Leap","floor":10},{"not_picked":["aspiration:Polymerization","hubris:SpecializedCircuitry"],"picked":"Gash","floor":11},{"not_picked":["Self Repair","Tempest"],"picked":"Coolheaded","floor":12},{"not_picked":["Loop","Undo"],"picked":"Coolheaded","floor":13},{"not_picked":["Redo","Rebound","Reprogram"],"picked":"SKIP","floor":18},{"not_picked":["FTL","Ball Lightning+1"],"picked":"Barrage+1","floor":21},{"not_picked":["Rebound","Ball Lightning+1","Conserve Battery"],"picked":"SKIP","floor":22},{"not_picked":["Ball Lightning","Amplify"],"picked":"Darkness","floor":24},{"not_picked":["Go for the Eyes","Beam Cell","Rebound"],"picked":"SKIP","floor":25},{"not_picked":["Go for the Eyes","Leap"],"picked":"Coolheaded","floor":27},{"not_picked":["Storm+1","Beam Cell+1"],"picked":"Streamline+1","floor":28},{"not_picked":["Sweeping Beam+1","Steam"],"picked":"Redo","floor":29},{"not_picked":["Static Discharge+1","Scrape","Tempest+1"],"picked":"SKIP","floor":31}],"player_experience":184235,"relics_obtained":[{"floor":7,"key":"Dream Catcher"},{"floor":9,"key":"Mummified Hand"},{"floor":12,"key":"Bronze Scales"},{"floor":24,"key":"Vajra"},{"floor":26,"key":"Runesmith:AutoHammer"}],"event_choices":[{"damage_healed":0,"gold_gain":0,"player_choice":"Relic ","damage_taken":12,"max_hp_gain":0,"max_hp_loss":0,"event_name":"betterThird:BetterScrap","floor":2,"gold_loss":0,"cards_obtained":["Tactician"]},{"damage_healed":0,"gold_gain":0,"player_choice":"Donut","damage_taken":0,"max_hp_gain":5,"max_hp_loss":0,"event_name":"Big Fish","floor":4,"gold_loss":0},{"damage_healed":0,"gold_gain":0,"player_choice":"Obtained Relic","damage_taken":0,"relics_obtained":["reliquary:FeatherDuster"],"max_hp_gain":0,"max_hp_loss":0,"event_name":"Addict","floor":20,"gold_loss":85}],"is_beta":false,"boss_relics":[{"not_picked":["aspiration:MarisaSkillbook","Snecko Eye"],"picked":"hubris:Backtick"}],"items_purged_floors":[3,30],"is_endless":false,"potions_floor_spawned":[5,7,10,21,22,24,28,31],"killed_by":"Champ","ascension_level":0}}