{"host":"z8k0b1oqxoiri7b9","time":1613138187,"event":{"mods":["AchievementEnabler","BaseMod","Downfall","Minty Spire (QoL Compilation)","StSLib"],"gold_per_floor":[99,113,129,39,58,122,148,168,178,189,189,206,206,206,218,218,218,218],"floor_reached":16,"language":"ENG","playtime":805,"items_purged":["sneckomod:Strike"],"score":96,"play_id":"4aa0cdd4-13a0-4117-84e4-e29b130799f6","local_time":"20210212215627","is_ascension_mode":false,"campfire_choices":[],"circlet_count":0,"master_deck":["sneckomod:Strike","sneckomod:Strike","sneckomod:Defend","sneckomod:Defend","sneckomod:Defend","sneckomod:TailWhip","sneckomod:SnekBite+1","sneckomod:Unknown","Slimebound:RejuvenatingLick","sneckomod:QuickBite","Reboot","sneckomod:UnknownUncommonSkill","hexamod:TimeOfNeed"],"relics":["sneckomod:SneckoSoul","Anchor","MealTicket","Blue Candle"],"acts_visited":["Exordium"],"potions_floor_usage":[16,16,16],"damage_taken":[{"damage":11,"enemies":"Jaw Worm","floor":2,"turns":2},{"damage":2,"enemies":"2 Louse","floor":3,"turns":2},{"damage":0,"enemies":"downfall:FleeingMerchant","floor":4,"turns":4},{"damage":4,"enemies":"Cultist","floor":5,"turns":3},{"damage":23,"enemies":"Gremlin Nob","floor":6,"turns":4},{"damage":0,"enemies":"Blue Slaver","floor":8,"turns":3},{"damage":1,"enemies":"Large Slime","floor":9,"turns":3},{"damage":0,"enemies":"3 Louse","floor":10,"turns":2},{"damage":8,"enemies":"Lots of Slimes","floor":12,"turns":5},{"damage":2,"enemies":"Blue Slaver","floor":15,"turns":3},{"damage":59,"enemies":"WA_ARCHETYPE_RETAIN","floor":16,"turns":6}],"seed_played":"8965111708796448083","potions_obtained":[{"floor":3,"key":"SpeedPotion"},{"floor":6,"key":"Dexterity Potion"},{"floor":10,"key":"PowerPotion"},{"floor":11,"key":"hexamod:SoulburnPotion"},{"floor":11,"key":"sneckomod:DiceRollPotion"}],"is_trial":false,"path_per_floor":["R","M","M","$","M","?","T","M","M","M","?","M","?","?","M","B"],"character_chosen":"THE_SNECKO","items_purchased":[],"campfire_rested":0,"item_purchase_floors":[],"current_hp_per_floor":[90,79,77,77,73,50,50,50,49,49,49,41,41,36,34,0,0,0],"gold":218,"neow_bonus":"UPGRADE_CARD","is_daily":false,"chose_seed":false,"campfire_upgraded":0,"win_rate":0.0,"timestamp":1613138187,"path_taken":["R","M","M","$","M","?","T","M","M","M","?","?","?","?","M","BOSS"],"items_purchased_type":[],"build_version":"2020-12-22","purchased_purges":1,"victory":false,"max_hp_per_floor":[90,90,90,90,90,90,90,90,90,90,90,90,90,90,90,90,90,90],"card_choices":[{"not_picked":["sneckomod:PureSnecko","sneckomod:UnknownUncommonAttack","sneckomod:RainOfDice"],"picked":"SKIP","floor":2},{"not_picked":["sneckomod:QuickMove","sneckomod:ImprovisedGuard"],"picked":"sneckomod:UnknownDraw","floor":3},{"not_picked":["sneckomod:QuickMove","sneckomod:IronFang"],"picked":"sneckomod:QuickBite","floor":4},{"not_picked":["sneckomod:UnknownStrike","sneckomod:DiceBlock"],"picked":"sneckomod:Memorize","floor":5},{"not_picked":["sneckomod:UnknownX","sneckomod:UnknownStrike"],"picked":"sneckomod:Memorize","floor":8},{"not_picked":["sneckomod:RainOfDice","sneckomod:WideSting","sneckomod:QuickMove"],"picked":"SKIP","floor":9},{"not_picked":["sneckomod:ImprovisedGuard","sneckomod:DiceBlock","sneckomod:IronFang"],"picked":"SKIP","floor":10},{"not_picked":["sneckomod:DiceBoulder","sneckomod:PureSnecko"],"picked":"sneckomod:UnknownExhaust","floor":12},{"not_picked":["sneckomod:UnendingSupply","sneckomod:Mudshield"],"picked":"sneckomod:UnknownUncommonSkill","floor":15}],"player_experience":187664,"relics_obtained":[{"floor":6,"key":"Anchor"},{"floor":7,"key":"MealTicket"}],"event_choices":[{"damage_healed":0,"gold_gain":0,"player_choice":"Got Potions","damage_taken":0,"max_hp_gain":0,"max_hp_loss":0,"event_name":"Lab","floor":11,"gold_loss":0}],"is_beta":false,"boss_relics":[],"items_purged_floors":[4],"is_endless":false,"potions_floor_spawned":[2,3,6,10,12],"killed_by":"WA_ARCHETYPE_RETAIN","ascension_level":0}}