{"host":"8is2j71l4wmybkoi","time":1613139246,"event":{"mods":["AchievementEnabler","BaseMod","Colored Map","DeckTracker","Minty Spire (QoL Compilation)","Rare Cards Sparkle","Relic Stats","StSLib","SuperFastMode"],"gold_per_floor":[115,133,149,74,90,90,124,150,150,177,189,219,22,38,38,110,110,124,136,36,55,67,67,67,67,67,67,94,94,104,117,117,117,117],"floor_reached":33,"language":"KOR","playtime":1121,"items_purged":["Strike_R","Bash"],"score":593,"play_id":"e52eb3f4-81b5-4012-8068-8f2a7569163b","local_time":"20210212231406","is_ascension_mode":true,"campfire_choices":[{"data":"Seeing Red","floor":6,"key":"SMITH"},{"data":"Fire Breathing","floor":15,"key":"SMITH"},{"data":"Berserk","floor":23,"key":"SMITH"},{"data":"Body Slam","floor":25,"key":"SMITH"},{"data":"Bloodletting","floor":29,"key":"SMITH"},{"floor":32,"key":"RECALL"}],"circlet_count":0,"master_deck":["AscendersBane","Strike_R","Strike_R","Strike_R","Defend_R","Defend_R","Defend_R","Defend_R","Seeing Red+1","Cleave","Thunderclap","Clothesline","Ghostly Armor","Body Slam+1","Sword Boomerang","Fire Breathing+1","Berserk+1","Clash","Feel No Pain","Shrug It Off","Seeing Red","Ghostly","Ghostly","Ghostly","Bloodletting+1","Body Slam+1"],"relics":["Burning Blood","Art of War","Odd Mushroom","Shuriken","Unceasing Top","Vajra","Runic Dome","Orichalcum"],"acts_visited":["Exordium","TheCity"],"potions_floor_usage":[7,8,12,14,16,21,28,28,33],"damage_taken":[{"damage":9,"enemies":"Jaw Worm","floor":1,"turns":3},{"damage":11,"enemies":"2 Louse","floor":2,"turns":4},{"damage":6,"enemies":"Cultist","floor":3,"turns":4},{"damage":11,"enemies":"Blue Slaver","floor":5,"turns":3},{"damage":30,"enemies":"Lagavulin","floor":7,"turns":7},{"damage":0,"enemies":"The Mushroom Lair","floor":8,"turns":2},{"damage":24,"enemies":"Gremlin Nob","floor":10,"turns":4},{"damage":11,"enemies":"Lots of Slimes","floor":11,"turns":3},{"damage":20,"enemies":"Lagavulin","floor":12,"turns":7},{"damage":1,"enemies":"3 Louse","floor":14,"turns":3},{"damage":0,"enemies":"Slime Boss","floor":16,"turns":5},{"damage":10,"enemies":"3 Byrds","floor":18,"turns":6},{"damage":14,"enemies":"Shell Parasite","floor":19,"turns":5},{"damage":42,"enemies":"Snake Plant","floor":21,"turns":4},{"damage":5,"enemies":"Snecko","floor":22,"turns":4},{"damage":4,"enemies":"Slavers","floor":28,"turns":5},{"damage":4,"enemies":"Centurion and Healer","floor":30,"turns":6},{"damage":1,"enemies":"3 Cultists","floor":31,"turns":4},{"damage":39,"enemies":"Automaton","floor":33,"turns":6}],"seed_played":"8439548651394917604","potions_obtained":[{"floor":2,"key":"CultistPotion"},{"floor":5,"key":"AttackPotion"},{"floor":11,"key":"Fire Potion"},{"floor":12,"key":"SteroidPotion"},{"floor":14,"key":"Regen Potion"},{"floor":18,"key":"DuplicationPotion"},{"floor":22,"key":"Explosive Potion"},{"floor":28,"key":"PowerPotion"}],"is_trial":false,"path_per_floor":["M","M","M","?","M","R","E","?","T","E","M","E","$","M","R","B",null,"M","M","$","M","M","R","?","R","T","$","E","R","M","M","R","B"],"character_chosen":"IRONCLAD","items_purchased":["Fire Breathing","Block Potion"],"campfire_rested":0,"item_purchase_floors":[13,13],"current_hp_per_floor":[72,67,67,67,62,62,38,44,44,26,21,7,7,12,12,32,70,66,58,58,22,23,23,23,23,23,23,25,25,27,32,32,0,0],"gold":117,"neow_bonus":"TEN_PERCENT_HP_BONUS","is_daily":false,"chose_seed":false,"campfire_upgraded":5,"win_rate":0.0,"timestamp":1613139246,"path_taken":["M","M","M","?","M","R","E","?","T","E","M","E","?","M","R","BOSS","M","M","$","M","M","R","?","R","T","?","E","R","M","M","R","BOSS"],"items_purchased_type":["Card","Potion"],"build_version":"2020-12-22","purchased_purges":2,"victory":false,"max_hp_per_floor":[82,82,82,82,82,82,82,82,82,82,82,82,82,82,82,82,82,82,82,82,82,82,82,41,41,41,41,41,41,41,41,41,41,41],"relic_stats":{"counters":[19,85],"Shuriken":[28],"Art of War":[4],"Orichalcum":[6],"obtain_stats":[{"Runic Dome":17,"Shuriken":9,"Vajra":12,"Art of War":7,"Odd Mushroom":8,"Orichalcum":28,"Burning Blood":0,"Unceasing Top":10},{"Runic Dome":11,"Shuriken":6,"Vajra":9,"Art of War":5,"Odd Mushroom":6,"Orichalcum":16,"Burning Blood":0,"Unceasing Top":7},{"Runic Dome":45,"Shuriken":23,"Vajra":37,"Art of War":21,"Odd Mushroom":23,"Orichalcum":69,"Burning Blood":0,"Unceasing Top":27}],"Burning Blood":108,"Unceasing Top":[66]},"card_choices":[{"not_picked":["Warcry","Heavy Blade"],"picked":"Seeing Red","floor":1},{"not_picked":["Warcry","Perfected Strike"],"picked":"Cleave","floor":2},{"not_picked":["Warcry","Havoc"],"picked":"Thunderclap","floor":3},{"not_picked":["Rupture","Sentinel"],"picked":"Clothesline","floor":5},{"not_picked":["Clash","True Grit","Iron Wave"],"picked":"SKIP","floor":7},{"not_picked":["Clash","True Grit","Iron Wave"],"picked":"SKIP","floor":7},{"not_picked":["Clash","True Grit","Iron Wave"],"picked":"SKIP","floor":7},{"not_picked":["Pommel Strike","Metallicize"],"picked":"Ghostly Armor","floor":8},{"not_picked":["Reaper","Juggernaut"],"picked":"Body Slam","floor":10},{"not_picked":["Metallicize","Disarm","Iron Wave"],"picked":"SKIP","floor":11},{"not_picked":["Searing Blow","Clothesline"],"picked":"Sword Boomerang","floor":12},{"not_picked":["Heavy Blade","Warcry","Flame Barrier"],"picked":"SKIP","floor":14},{"not_picked":["Barricade","Immolate"],"picked":"Berserk","floor":16},{"not_picked":["Rampage","Body Slam"],"picked":"Clash","floor":18},{"not_picked":["Cleave","Shrug It Off"],"picked":"Feel No Pain","floor":19},{"not_picked":["Blood for Blood","Clothesline"],"picked":"Shrug It Off","floor":21},{"not_picked":["Clothesline","Havoc"],"picked":"Seeing Red","floor":22},{"not_picked":["Spot Weakness","Iron Wave"],"picked":"Bloodletting","floor":28},{"not_picked":["Combust","Dark Embrace","Power Through"],"picked":"SKIP","floor":30},{"not_picked":["Fiend Fire","Clothesline"],"picked":"Body Slam+1","floor":31}],"player_experience":1161633,"relics_obtained":[{"floor":7,"key":"Art of War"},{"floor":8,"key":"Odd Mushroom"},{"floor":9,"key":"Shuriken"},{"floor":10,"key":"Unceasing Top"},{"floor":12,"key":"Vajra"},{"floor":28,"key":"Orichalcum"}],"event_choices":[{"cards_removed":["Strike_R"],"damage_healed":0,"gold_gain":0,"player_choice":"Card Removal","damage_taken":0,"max_hp_gain":0,"max_hp_loss":0,"event_name":"The Cleric","floor":4,"gold_loss":75},{"damage_healed":0,"gold_gain":0,"player_choice":"Fought Mushrooms","damage_taken":0,"max_hp_gain":0,"max_hp_loss":0,"event_name":"Mushrooms","floor":8,"gold_loss":0},{"damage_healed":0,"gold_gain":0,"player_choice":"Became a Ghost","damage_taken":0,"max_hp_gain":0,"max_hp_loss":41,"event_name":"Ghosts","floor":24,"gold_loss":0,"cards_obtained":["Ghostly","Ghostly","Ghostly"]}],"is_beta":false,"boss_relics":[{"not_picked":["Snecko Eye","Calling Bell"],"picked":"Runic Dome"}],"items_purged_floors":[13,20],"is_endless":false,"potions_floor_spawned":[2,5,11,12,14,18,22,28],"killed_by":"Automaton","ascension_level":15}}