{"host":"9brt9rggm379u2p7","time":1613115144,"event":{"mods":["AchievementEnabler","BaseMod","Highlight Path","Minty Spire (QoL Compilation)","Permanent Neow","Quick Restart","SuperFastMode"],"gold_per_floor":[113,123,123,85,97,138,150,187,270,282,304,54,54,65,65,169,169,181,181,192,210,224,250,250,282,306,318,350,369,369,29,29,29,29,42,42,62,62,77,107,107,138,138,168,180,230,180,193,193,193,193,193,0,29,29],"floor_reached":56,"language":"ENG","playtime":2990,"items_purged":["Defend_G","Strike_G","Strike_G"],"score":1535,"play_id":"3b8be622-c2ba-4519-a623-d3d16807f74d","local_time":"20210212163224","is_ascension_mode":true,"campfire_choices":[{"floor":7.0,"key":"REST"},{"floor":10.0,"key":"RECALL"},{"floor":15.0,"key":"REST"},{"floor":24.0,"key":"REST"},{"floor":32.0,"key":"REST"},{"data":"Defend_G","floor":49.0,"key":"PURGE"},{"data":"Defend_G","floor":52,"key":"PURGE"}],"circlet_count":0,"master_deck":["Strike_G","Defend_G","Defend_G","Survivor","Neutralize","Dash","Calculated Gamble","Terror","Well Laid Plans","Backflip","Cloak And Dagger+1","Wraith Form v2+1","Cloak And Dagger+1","Caltrops+1","Backflip+1","Blade Dance+1","Concentrate+1","Burst+1","Expertise+1","Cloak And Dagger+1","Infinite Blades+1","Prepared+1","Quick Slash","Acrobatics+1","Quick Slash+1","Acrobatics+1","Backflip+1"],"relics":["Fusion Hammer","MawBank","Mango","StrikeDummy","Frozen Egg 2","Toxic Egg 2","Black Star","Pen Nib","Bag of Marbles","Meat on the Bone","Blood Vial","Potion Belt","Happy Flower","Gambling Chip","Shuriken","Coffee Dripper","Calipers","Dream Catcher","Snake Skull","Mummified Hand","Smiling Mask","Bronze Scales","Peace Pipe","ClockworkSouvenir","Bottled Flame","Ninja Scroll"],"acts_visited":["Exordium","TheCity","TheBeyond","TheEnding"],"potions_floor_usage":[50,50,50,54],"damage_taken":[{"damage":0.0,"enemies":"Small Slimes","floor":1.0,"turns":4.0},{"damage":0.0,"enemies":"Jaw Worm","floor":2.0,"turns":3.0},{"damage":53.0,"enemies":"Gremlin Nob","floor":6.0,"turns":6.0},{"damage":24.0,"enemies":"3 Sentries","floor":8.0,"turns":12.0},{"damage":5.0,"enemies":"Cultist","floor":11.0,"turns":4.0},{"damage":0.0,"enemies":"Blue Slaver","floor":14.0,"turns":3.0},{"damage":16.0,"enemies":"Slime Boss","floor":16.0,"turns":9.0},{"damage":1.0,"enemies":"3 Byrds","floor":18.0,"turns":7.0},{"damage":12.0,"enemies":"Spheric Guardian","floor":20.0,"turns":6.0},{"damage":19.0,"enemies":"Snake Plant","floor":21.0,"turns":6.0},{"damage":0.0,"enemies":"Centurion and Healer","floor":22.0,"turns":8.0},{"damage":4.0,"enemies":"Book of Stabbing","floor":23.0,"turns":7.0},{"damage":75.0,"enemies":"Gremlin Leader","floor":25.0,"turns":9.0},{"damage":5.0,"enemies":"3 Cultists","floor":27.0,"turns":6.0},{"damage":18.0,"enemies":"Book of Stabbing","floor":28.0,"turns":5.0},{"damage":5.0,"enemies":"Shelled Parasite and Fungi","floor":29.0,"turns":3.0},{"damage":21.0,"enemies":"Collector","floor":33.0,"turns":7.0},{"damage":0.0,"enemies":"Orb Walker","floor":35.0,"turns":2.0},{"damage":1.0,"enemies":"3 Darklings","floor":37.0,"turns":4.0},{"damage":0.0,"enemies":"Sphere and 2 Shapes","floor":39.0,"turns":3.0},{"damage":3.0,"enemies":"Reptomancer","floor":40.0,"turns":6.0},{"damage":17.0,"enemies":"Nemesis","floor":42.0,"turns":5.0},{"damage":0.0,"enemies":"Giant Head","floor":44.0,"turns":4.0},{"damage":17.0,"enemies":"Writhing Mass","floor":45.0,"turns":4.0},{"damage":0.0,"enemies":"2 Orb Walkers","floor":46.0,"turns":2.0},{"damage":16.0,"enemies":"Jaw Worm Horde","floor":48.0,"turns":5.0},{"damage":63,"enemies":"Time Eater","floor":50,"turns":6},{"damage":6,"enemies":"Shield and Spear","floor":54,"turns":3},{"damage":84,"enemies":"The Heart","floor":55,"turns":8}],"seed_played":"-7293325227791514425","potions_obtained":[{"floor":1.0,"key":"FairyPotion"},{"floor":2.0,"key":"EssenceOfSteel"},{"floor":11.0,"key":"AttackPotion"},{"floor":18.0,"key":"SpeedPotion"},{"floor":20.0,"key":"DistilledChaos"},{"floor":21.0,"key":"FairyPotion"},{"floor":23.0,"key":"LiquidBronze"},{"floor":28.0,"key":"Swift Potion"},{"floor":38.0,"key":"CultistPotion"},{"floor":38.0,"key":"SneckoOil"},{"floor":38.0,"key":"CultistPotion"},{"floor":42.0,"key":"Strength Potion"},{"floor":45.0,"key":"DistilledChaos"}],"is_trial":false,"path_per_floor":["M","M","?","?","?","E","R","E","T","R","M","$","?","M","R","B",null,"M","?","M","M","M","E","R","E","T","M","E","M","?","$","R","B",null,"M","?","M","?","M","E","R","E","T","E","M","?","$","M","R","B",null,"R","$","E","B",null],"character_chosen":"THE_SILENT","items_purchased":["Toxic Egg 2","Shuriken","Cloak And Dagger+1","ClockworkSouvenir"],"campfire_rested":4,"item_purchase_floors":[12,31,31,53],"current_hp_per_floor":[70,70,58,58,63,24,50,26,26,26,21,21,21,21,47,31,89,88,88,76,57,57,53,79,4,4,13,38,47,47,47,73,54,89,89,89,88,88,89,86,86,71,71,73,58,60,60,46,46,30,89,89,89,83,13],"gold":29,"neow_bonus":"BOSS_RELIC","is_daily":false,"chose_seed":false,"campfire_upgraded":0,"win_rate":0.0,"timestamp":1613115144,"path_taken":["M","M","?","?","?","E","R","E","T","R","?","?","?","M","R","BOSS","M","?","?","M","M","E","R","E","T","M","E","M","?","?","R","BOSS","M","?","M","?","M","E","R","E","T","E","?","?","$","M","R","BOSS","R","$","E","BOSS"],"items_purchased_type":["Relic","Relic","Card","Relic"],"build_version":"2020-12-22","purchased_purges":3,"victory":true,"max_hp_per_floor":[70,70,70,70,75,89,89,89,89,89,89,89,89,89,89,89,89,89,89,89,89,89,89,89,89,89,89,89,89,89,89,89,89,89,89,89,89,89,89,89,89,89,89,89,89,89,89,89,89,89,89,89,89,89,89],"card_choices":[{"not_picked":["Distraction","Tactician"],"picked":"Dash","floor":1.0},{"not_picked":["Dodge and Roll","Underhanded Strike"],"picked":"Calculated Gamble","floor":2.0},{"not_picked":["Endless Agony","Slice"],"picked":"Terror","floor":6.0},{"not_picked":["Envenom","Backflip"],"picked":"Well Laid Plans","floor":8.0},{"not_picked":["Sucker Punch","Cloak And Dagger"],"picked":"Backflip","floor":11.0},{"not_picked":["Dagger Spray","Deflect+1"],"picked":"Cloak And Dagger+1","floor":14.0},{"not_picked":["Glass Knife","Storm of Steel+1"],"picked":"Wraith Form v2+1","floor":16.0},{"not_picked":["Underhanded Strike","Sucker Punch"],"picked":"Cloak And Dagger+1","floor":18.0},{"not_picked":["Dagger Throw","Dagger Spray","Blur+1"],"picked":"SKIP","floor":20.0},{"not_picked":["Noxious Fumes+1","PiercingWail+1"],"picked":"Caltrops+1","floor":21.0},{"not_picked":["Predator","Choke"],"picked":"Backflip+1","floor":22.0},{"not_picked":["Bouncing Flask+1","Choke+1"],"picked":"Blade Dance+1","floor":23.0},{"not_picked":["A Thousand Cuts+1","Blur+1"],"picked":"Concentrate+1","floor":25.0},{"not_picked":["Dagger Throw","PiercingWail+1","Cloak And Dagger+1"],"picked":"SKIP","floor":27.0},{"not_picked":["Poisoned Stab","Backflip+1"],"picked":"Burst+1","floor":28.0},{"not_picked":["Setup+1","Slice"],"picked":"Expertise+1","floor":29.0},{"not_picked":["Outmaneuver+1","Crippling Poison+1"],"picked":"Infinite Blades+1","floor":35.0},{"not_picked":["Sucker Punch","Deflect+1","PiercingWail+1"],"picked":"SKIP","floor":37.0},{"not_picked":["Deflect+1","Dodge and Roll+1"],"picked":"Prepared+1","floor":39.0},{"not_picked":["Deadly Poison+1","Flying Knee+1"],"picked":"Quick Slash","floor":40.0},{"not_picked":["Crippling Poison+1","Skewer+1"],"picked":"Acrobatics+1","floor":42.0},{"not_picked":["Corpse Explosion+1","Slice","All Out Attack"],"picked":"SKIP","floor":44.0},{"not_picked":["Slice","Bane+1","Expertise+1"],"picked":"SKIP","floor":45.0},{"not_picked":["Slice+1","Dodge and Roll+1"],"picked":"Quick Slash+1","floor":46.0},{"not_picked":["Backflip+1","Dodge and Roll+1"],"picked":"Acrobatics+1","floor":48.0},{"not_picked":["Bouncing Flask+1","Flying Knee"],"picked":"Backflip+1","floor":54}],"player_experience":422694,"relics_obtained":[{"floor":6.0,"key":"Mango"},{"floor":8.0,"key":"StrikeDummy"},{"floor":9.0,"key":"Frozen Egg 2"},{"floor":23.0,"key":"Pen Nib"},{"floor":23.0,"key":"Bag of Marbles"},{"floor":25.0,"key":"Meat on the Bone"},{"floor":25.0,"key":"Blood Vial"},{"floor":26.0,"key":"Potion Belt"},{"floor":28.0,"key":"Happy Flower"},{"floor":28.0,"key":"Gambling Chip"},{"floor":40.0,"key":"Calipers"},{"floor":40.0,"key":"Dream Catcher"},{"floor":42.0,"key":"Snake Skull"},{"floor":42.0,"key":"Mummified Hand"},{"floor":44.0,"key":"Smiling Mask"},{"floor":44.0,"key":"Bronze Scales"},{"floor":46.0,"key":"Peace Pipe"},{"floor":54,"key":"Bottled Flame"},{"floor":54,"key":"Ninja Scroll"}],"event_choices":[{"damage_healed":0.0,"max_hp_gain":0.0,"max_hp_loss":0.0,"gold_gain":0.0,"event_name":"Scrap Ooze","player_choice":"Success","floor":3.0,"gold_loss":0.0,"damage_taken":12.0,"relics_obtained":["MawBank"]},{"cards_removed":["Strike_G"],"damage_healed":0.0,"max_hp_gain":0.0,"max_hp_loss":0.0,"gold_gain":0.0,"event_name":"The Cleric","player_choice":"Card Removal","floor":4.0,"gold_loss":50.0,"damage_taken":0.0},{"damage_healed":0.0,"max_hp_gain":5.0,"max_hp_loss":0.0,"gold_gain":0.0,"event_name":"Big Fish","player_choice":"Donut","floor":5.0,"gold_loss":0.0,"damage_taken":0.0},{"cards_removed":["Strike_G"],"damage_healed":0.0,"max_hp_gain":0.0,"max_hp_loss":0.0,"gold_gain":0.0,"event_name":"Purifier","player_choice":"Purged","floor":13.0,"gold_loss":0.0,"damage_taken":0.0},{"damage_healed":0.0,"max_hp_gain":0.0,"max_hp_loss":0.0,"gold_gain":0.0,"event_name":"The Woman in Blue","player_choice":"Bought 0 Potions","floor":19.0,"gold_loss":0.0,"damage_taken":0.0},{"damage_healed":0.0,"max_hp_gain":0.0,"max_hp_loss":0.0,"gold_gain":0.0,"event_name":"Vampires","player_choice":"Ignored","floor":30.0,"gold_loss":0.0,"damage_taken":0.0},{"damage_healed":0.0,"max_hp_gain":0.0,"max_hp_loss":0.0,"gold_gain":0.0,"event_name":"Tomb of Lord Red Mask","player_choice":"Ignored","floor":36.0,"gold_loss":0.0,"damage_taken":0.0},{"damage_healed":0.0,"max_hp_gain":0.0,"max_hp_loss":0.0,"gold_gain":0.0,"event_name":"Lab","player_choice":"Got Potions","floor":38.0,"gold_loss":0.0,"damage_taken":0.0},{"damage_healed":0.0,"max_hp_gain":0.0,"max_hp_loss":0.0,"gold_gain":0.0,"event_name":"Mysterious Sphere","player_choice":"Fight","floor":46.0,"gold_loss":0.0,"damage_taken":0.0}],"is_beta":false,"boss_relics":[{"not_picked":["Runic Dome","Tiny House"],"picked":"Black Star"},{"not_picked":["Snecko Eye","HoveringKite"],"picked":"Coffee Dripper"}],"items_purged_floors":[31,47,53],"is_endless":false,"potions_floor_spawned":[1,2,11,18,20,21,23,28,42,44,45,46],"ascension_level":3}}