{"host":"mo4d2vii2wc3uyp7","time":1613126705,"event":{"mods":["AchievementEnabler","BaseMod","Colored Map","Highlight Path","Keyboard Shortcuts","Minty Spire (QoL Compilation)","Permanent Neow","Quick Restart","Shop Mod","StSLib","SuperFastMode","everything is the same but u backflip on backflip"],"gold_per_floor":[109,120,130,141,158,110,110,120,173,123,123,142,142,175,175,270,270,287,319,74,86,86,86,111,111,111,111,111,127,141,141,141],"floor_reached":31,"language":"KOR","playtime":866,"items_purged":[],"score":270,"play_id":"d783218c-142c-40ae-8428-e1f6d9c5dec3","local_time":"20210212194505","is_ascension_mode":true,"campfire_choices":[{"data":"Neutralize","floor":11.0,"key":"SMITH"},{"data":"Terror","floor":13.0,"key":"SMITH"},{"floor":15.0,"key":"REST"},{"floor":23.0,"key":"REST"},{"floor":27.0,"key":"REST"}],"circlet_count":0,"master_deck":["Strike_G","Strike_G","Strike_G","Defend_G","Defend_G","Defend_G","Survivor","Neutralize+1","CurseOfTheBell","Flechettes","Terror+1","Dagger Spray","Quick Slash","Caltrops+1","Envenom+1","Acrobatics","Tactician+1","Defend_G","Backflip+1","Masterful Stab+1","Bane+1"],"relics":["Calling Bell","Juzu Bracelet","Frozen Egg 2","Pocketwatch","Potion Belt","Mummified Hand","Red Mask","Paper Crane","Molten Egg 2","Art of War"],"acts_visited":["Exordium","TheCity"],"potions_floor_usage":[31],"damage_taken":[{"damage":0.0,"enemies":"Small Slimes","floor":1.0,"turns":3.0},{"damage":2.0,"enemies":"2 Louse","floor":2.0,"turns":2.0},{"damage":6.0,"enemies":"Jaw Worm","floor":3.0,"turns":4.0},{"damage":0.0,"enemies":"Looter","floor":4.0,"turns":3.0},{"damage":8.0,"enemies":"Red Slaver","floor":5.0,"turns":3.0},{"damage":9.0,"enemies":"Blue Slaver","floor":8.0,"turns":4.0},{"damage":4.0,"enemies":"Gremlin Gang","floor":12.0,"turns":5.0},{"damage":18.0,"enemies":"3 Sentries","floor":14.0,"turns":6.0},{"damage":15.0,"enemies":"Hexaghost","floor":16.0,"turns":10.0},{"damage":5.0,"enemies":"3 Byrds","floor":18.0,"turns":4.0},{"damage":34.0,"enemies":"Masked Bandits","floor":19.0,"turns":4.0},{"damage":16.0,"enemies":"Spheric Guardian","floor":21.0,"turns":4.0},{"damage":19.0,"enemies":"Book of Stabbing","floor":24.0,"turns":5.0},{"damage":1.0,"enemies":"Cultist and Chosen","floor":29.0,"turns":6.0},{"damage":14.0,"enemies":"3 Cultists","floor":30.0,"turns":4.0},{"damage":32,"enemies":"Sentry and Sphere","floor":31,"turns":5}],"seed_played":"631671223101323636","potions_obtained":[{"floor":1.0,"key":"GamblersBrew"},{"floor":2.0,"key":"PowerPotion"},{"floor":8.0,"key":"Weak Potion"},{"floor":14.0,"key":"EssenceOfSteel"},{"floor":16.0,"key":"SteroidPotion"},{"floor":19.0,"key":"Strength Potion"},{"floor":29.0,"key":"Ancient Potion"},{"floor":30.0,"key":"DuplicationPotion"}],"is_trial":false,"path_per_floor":["M","M","M","M","M","?","?","M","T","?","R","M","R","E","R","B",null,"M","?","$","M","?","R","E","?","T","R","?","M","M","M"],"character_chosen":"THE_SILENT","items_purchased":["Paper Crane"],"campfire_rested":3,"item_purchase_floors":[20],"current_hp_per_floor":[70,68,62,62,54,54,47,38,38,38,38,34,34,16,37,22,70,65,31,31,15,15,36,17,17,17,38,38,37,23,0,0],"gold":141,"neow_bonus":"BOSS_RELIC","is_daily":false,"chose_seed":false,"campfire_upgraded":2,"win_rate":0.0,"timestamp":1613126705,"path_taken":["M","M","M","M","M","?","?","M","T","?","R","M","R","E","R","BOSS","M","?","$","M","?","R","E","?","T","R","?","M","M","M"],"items_purchased_type":["Relic"],"build_version":"2020-12-22","purchased_purges":0,"victory":false,"max_hp_per_floor":[70,70,70,70,70,70,70,70,70,70,70,70,70,70,70,70,70,70,70,70,70,70,70,70,70,70,70,70,70,70,70,70],"card_choices":[{"not_picked":["Deadly Poison","Doppelganger","Riddle With Holes"],"picked":"SKIP","floor":1.0},{"not_picked":["Blade Dance","Acrobatics"],"picked":"Flechettes","floor":2.0},{"not_picked":["Deadly Poison","Setup"],"picked":"Terror","floor":3.0},{"not_picked":["Catalyst","Sucker Punch","Finisher"],"picked":"SKIP","floor":4.0},{"not_picked":["Deadly Poison","Prepared"],"picked":"Dagger Spray","floor":5.0},{"not_picked":["Blade Dance","All Out Attack"],"picked":"Quick Slash","floor":8.0},{"not_picked":["Deflect","Die Die Die"],"picked":"Caltrops+1","floor":12.0},{"not_picked":["Predator","Outmaneuver","Caltrops+1"],"picked":"SKIP","floor":14.0},{"not_picked":["Night Terror","Phantasmal Killer"],"picked":"Envenom+1","floor":16.0},{"not_picked":["Deflect","Setup","Riddle With Holes"],"picked":"SKIP","floor":18.0},{"not_picked":["Flying Knee","Outmaneuver"],"picked":"Acrobatics","floor":19.0},{"not_picked":["Reflex","Bane"],"picked":"Tactician+1","floor":21.0},{"not_picked":["Poisoned Stab+1","Crippling Poison"],"picked":"Backflip+1","floor":24.0},{"not_picked":["Cloak And Dagger","Outmaneuver"],"picked":"Bane+1","floor":29.0},{"not_picked":["Bouncing Flask","Blade Dance+1","Concentrate+1"],"picked":"SKIP","floor":30.0}],"player_experience":620217,"relics_obtained":[{"floor":0.0,"key":"Juzu Bracelet"},{"floor":0.0,"key":"Frozen Egg 2"},{"floor":0.0,"key":"Pocketwatch"},{"floor":9.0,"key":"Potion Belt"},{"floor":14.0,"key":"Mummified Hand"},{"floor":19.0,"key":"Red Mask"},{"floor":24.0,"key":"Molten Egg 2"},{"floor":26.0,"key":"Art of War"}],"event_choices":[{"damage_healed":0.0,"max_hp_gain":0.0,"max_hp_loss":0.0,"gold_gain":0.0,"event_name":"World of Goop","player_choice":"Left Gold","floor":6.0,"gold_loss":48.0,"damage_taken":0.0},{"cards_removed":["Strike_G"],"damage_healed":0.0,"max_hp_gain":0.0,"max_hp_loss":0.0,"gold_gain":0.0,"event_name":"Golden Wing","player_choice":"Card Removal","floor":7.0,"gold_loss":0.0,"damage_taken":7.0},{"cards_removed":["Defend_G"],"damage_healed":0.0,"max_hp_gain":0.0,"max_hp_loss":0.0,"gold_gain":0.0,"event_name":"The Cleric","player_choice":"Card Removal","floor":10.0,"gold_loss":50.0,"damage_taken":0.0},{"damage_healed":0.0,"max_hp_gain":0.0,"max_hp_loss":0.0,"gold_gain":0.0,"event_name":"Masked Bandits","player_choice":"Fought Bandits","floor":19.0,"gold_loss":0.0,"damage_taken":0.0},{"cards_removed":["Strike_G"],"damage_healed":0.0,"max_hp_gain":0.0,"max_hp_loss":0.0,"gold_gain":0.0,"event_name":"NoteForYourself","player_choice":"Took Card","floor":22.0,"gold_loss":0.0,"damage_taken":0.0,"cards_obtained":["Defend_G"]},{"damage_healed":0.0,"max_hp_gain":0.0,"max_hp_loss":0.0,"gold_gain":0.0,"event_name":"Ghosts","player_choice":"Ignored","floor":25.0,"gold_loss":0.0,"damage_taken":0.0},{"damage_healed":0.0,"max_hp_gain":0.0,"max_hp_loss":0.0,"gold_gain":0.0,"cards_transformed":["Defend_G"],"event_name":"Transmorgrifier","player_choice":"Transformed","floor":28.0,"gold_loss":0.0,"damage_taken":0.0,"cards_obtained":["Masterful Stab"]}],"is_beta":false,"boss_relics":[{"not_picked":["Sozu","Velvet Choker","Coffee Dripper"]}],"items_purged_floors":[],"is_endless":false,"potions_floor_spawned":[1,2,8,14,16,19,29,30],"killed_by":"Sentry and Sphere","ascension_level":1}}