{"host":"ly20tmf9be7b85hl","time":1613122949,"event":{"mods":["BaseMod","Colored Map","Keyboard Shortcuts","Minty Spire (QoL Compilation)","Permanent Neow","Quick Restart","SuperFastMode"],"gold_per_floor":[112,131,131,143,153,153,187,187,187,187,237,257,277,297,297,372,372,386,286,286],"floor_reached":19,"language":"KOR","playtime":1774,"items_purged":[],"score":342,"play_id":"a93a7e7d-95a4-404a-8875-1bb544e6c562","local_time":"20210212184229","is_ascension_mode":true,"campfire_choices":[{"data":"Eviscerate","floor":6.0,"key":"SMITH"},{"floor":8.0,"key":"REST"},{"data":"Tactician","floor":10.0,"key":"SMITH"},{"floor":15.0,"key":"REST"}],"circlet_count":0,"master_deck":["AscendersBane","Strike_G","Strike_G","Defend_G","Defend_G","Defend_G","Survivor","Neutralize","Eviscerate+1","Deadly Poison","Masterful Stab","Tactician+1","Backflip","Bouncing Flask","Wraith Form v2","Reflex"],"relics":["Ring of the Snake","Art of War","Anchor","Empty Cage"],"acts_visited":["Exordium","TheCity"],"potions_floor_usage":[],"damage_taken":[{"damage":5.0,"enemies":"Small Slimes","floor":1.0,"turns":5.0},{"damage":0.0,"enemies":"2 Louse","floor":2.0,"turns":3.0},{"damage":0.0,"enemies":"Cultist","floor":4.0,"turns":3.0},{"damage":0.0,"enemies":"Looter","floor":5.0,"turns":2.0},{"damage":25.0,"enemies":"3 Sentries","floor":7.0,"turns":10.0},{"damage":4.0,"enemies":"Exordium Wildlife","floor":12.0,"turns":6.0},{"damage":10.0,"enemies":"Gremlin Gang","floor":13.0,"turns":4.0},{"damage":2.0,"enemies":"Exordium Thugs","floor":14.0,"turns":4.0},{"damage":27.0,"enemies":"The Guardian","floor":16.0,"turns":9.0},{"damage":36,"enemies":"Shell Parasite","floor":18,"turns":6},{"damage":15,"enemies":"2 Thieves","floor":19,"turns":3}],"seed_played":"4455063156639492673","potions_obtained":[{"floor":4.0,"key":"BlessingOfTheForge"},{"floor":12.0,"key":"SkillPotion"},{"floor":13.0,"key":"FearPotion"}],"is_trial":false,"path_per_floor":["M","M","?","M","M","R","E","R","T","R","?","M","M","M","R","B",null,"M","M"],"character_chosen":"THE_SILENT","items_purchased":[],"campfire_rested":2,"item_purchase_floors":[],"current_hp_per_floor":[39,39,39,39,39,39,14,33,33,33,27,23,13,11,30,3,50,14,0,0],"gold":286,"neow_bonus":"REMOVE_TWO","is_daily":false,"chose_seed":false,"campfire_upgraded":2,"win_rate":0.0,"timestamp":1613122949,"path_taken":["M","M","?","M","M","R","E","R","T","R","?","?","M","M","R","BOSS","M","M"],"items_purchased_type":[],"build_version":"2020-12-22","purchased_purges":0,"victory":false,"max_hp_per_floor":[66,66,66,66,66,66,66,66,66,66,66,66,66,66,66,66,66,66,66,66],"card_choices":[{"not_picked":["Dagger Throw","Skewer"],"picked":"Eviscerate","floor":1.0},{"not_picked":["Quick Slash","Backstab"],"picked":"Deadly Poison","floor":2.0},{"not_picked":["Blade Dance","Expertise"],"picked":"Tactician","floor":4.0},{"not_picked":["Skewer","Masterful Stab"],"picked":"Backflip","floor":5.0},{"not_picked":["Concentrate","Caltrops","Heel Hook"],"picked":"SKIP","floor":7.0},{"not_picked":["Underhanded Strike","PiercingWail"],"picked":"Bouncing Flask","floor":12.0},{"not_picked":["Distraction","Accuracy","Deadly Poison"],"picked":"SKIP","floor":13.0},{"not_picked":["Eviscerate","Predator","Blade Dance"],"picked":"SKIP","floor":14.0},{"not_picked":["Die Die Die","Storm of Steel"],"picked":"Wraith Form v2","floor":16.0},{"not_picked":["Concentrate+1","Slice"],"picked":"Reflex","floor":18}],"player_experience":862985,"relics_obtained":[{"floor":7.0,"key":"Art of War"},{"floor":9.0,"key":"Anchor"}],"event_choices":[{"damage_healed":0.0,"max_hp_gain":0.0,"max_hp_loss":0.0,"gold_gain":0.0,"cards_transformed":["Strike_G"],"event_name":"Living Wall","player_choice":"Change","floor":3.0,"gold_loss":0.0,"damage_taken":0.0,"cards_obtained":["Masterful Stab"]},{"damage_healed":0.0,"max_hp_gain":0.0,"max_hp_loss":0.0,"gold_gain":50.0,"event_name":"FaceTrader","player_choice":"Touch","floor":11.0,"gold_loss":0.0,"damage_taken":6.0}],"is_beta":false,"boss_relics":[{"not_picked":["Coffee Dripper","Philosopher\u0027s Stone"],"picked":"Empty Cage"}],"items_purged_floors":[],"is_endless":false,"potions_floor_spawned":[4,12,13],"killed_by":"2 Thieves","ascension_level":20}}