{"host":"u0qetpmu4y58k1tf","time":1613111069,"event":{"mods":["100% Spire Juice","AchievementEnabler","Act Like it!","BaseMod","CapriCore","Colored Map","Colored Powertips","Hermit","Koishi","Marisa£¨Ùöéë¡¡Øª×âÞÞ£©","Minty Spire (QoL Compilation)","Quick Restart","Reliquary","Replay The Spire","StSLib","SuperFastMode","Td1madao Mod","The Bug Knight","The Cursed","The Gatherer","The Hierophant","The Immortal","The Jungle","The Runesmith"],"gold_per_floor":[119,139,139,414,83,83,111,111,411,441,454,454,130,142,142,237,237,249,49,65,65,65,99,99,99,99],"floor_reached":25,"language":"KOR","playtime":995,"items_purged":["Regret","Strike_B","Strike_B"],"score":332,"play_id":"2192f808-0d74-4570-838b-46b148e18722","local_time":"20210212152429","is_ascension_mode":true,"campfire_choices":[{"data":"Dualcast","floor":6,"key":"SMITH"},{"data":"Zap","floor":8,"key":"SMITH"},{"data":"Coolheaded","floor":12,"key":"SMITH"},{"data":"Loop","floor":15,"key":"SMITH"},{"floor":24,"key":"DIG"}],"circlet_count":0,"master_deck":["Strike_B","Strike_B","Defend_B+1","Defend_B+1","Defend_B+1","Defend_B+1","Zap+1","Dualcast+1","Cold Snap+1","Coolheaded+1","Chill","Coolheaded","Cold Snap","Blizzard+1","Loop+1","Skim","Looming Evil","Panic Button+1"],"relics":["Cracked Core","NeowsBlessing","StoneCalendar","reliquary:BallBearing","Strawberry","Old Coin","Turnip","reliquary:Buckler","Black Star","ReplayTheSpireMod:Ring of Addiction","Potion Belt","Chameleon Ring","Shovel","Toxic Egg 2","Replay:Bottled Eggs","Incense Burner"],"acts_visited":["Exordium","Exordium"],"potions_floor_usage":[20,23,23,25,25,25],"damage_taken":[{"damage":0,"enemies":"Jaw Worm","floor":1,"turns":1},{"damage":0,"enemies":"Small Slimes","floor":2,"turns":1},{"damage":0,"enemies":"Gremlin Nob","floor":7,"turns":1},{"damage":22,"enemies":"Lagavulin","floor":10,"turns":7},{"damage":2,"enemies":"Cultist","floor":11,"turns":3},{"damage":3,"enemies":"3 Louse","floor":14,"turns":4},{"damage":4,"enemies":"Fading Forest","floor":16,"turns":11},{"damage":12,"enemies":"theJungle:5_Spyders","floor":18,"turns":7},{"damage":19,"enemies":"theJungle:GiantWrat","floor":20,"turns":6},{"damage":0,"enemies":"theJungle:Cassacara","floor":23,"turns":7},{"damage":37,"enemies":"theJungle:MamaSnecko","floor":25,"turns":5}],"seed_played":"3863821060327928713","potions_obtained":[{"floor":1,"key":"EssenceOfDarkness"},{"floor":10,"key":"Explosive Potion"},{"floor":11,"key":"Swift Potion"},{"floor":18,"key":"DistilledChaos"},{"floor":21,"key":"DuplicationPotion"},{"floor":21,"key":"BlessingOfTheForge"},{"floor":21,"key":"PowerPotion"}],"is_trial":false,"path_per_floor":["M","M","?","?","$","R","E","R","T","E","M","R","$","M","R","B",null,"M","$","M","?","?","E","R","E"],"character_chosen":"DEFECT","items_purchased":["reliquary:BallBearing","Blizzard","reliquary:Buckler","Skim"],"campfire_rested":0,"item_purchase_floors":[5,13,13,19],"current_hp_per_floor":[75,75,57,57,57,57,64,64,64,42,40,40,40,37,37,33,82,70,70,51,51,27,27,27,0,0],"gold":99,"neow_bonus":"THREE_ENEMY_KILL","is_daily":false,"chose_seed":false,"campfire_upgraded":4,"win_rate":0.0,"timestamp":1613111069,"path_taken":["M","M","?","?","$","R","E","R","T","E","M","R","$","M","R","BOSS","M","$","M","?","?","E","R","E"],"items_purchased_type":["Relic","Card","Relic","Card"],"build_version":"2020-12-22","purchased_purges":3,"victory":false,"max_hp_per_floor":[75,75,75,75,75,75,82,82,82,82,82,82,82,82,82,82,82,82,82,82,82,82,82,82,82,82],"card_choices":[{"not_picked":["Recycle","Panic Button"],"picked":"Cold Snap","floor":1},{"not_picked":["Barrage","Turbo"],"picked":"Coolheaded","floor":2},{"not_picked":["BootSequence","Tempest"],"picked":"Chill","floor":7},{"not_picked":["Panic Button","Undo"],"picked":"Coolheaded","floor":10},{"not_picked":["Sweeping Beam","Ball Lightning"],"picked":"Cold Snap","floor":11},{"not_picked":["Barrage","Streamline"],"picked":"Loop","floor":14},{"not_picked":["BasicCrystalCard","Hologram","Streamline"],"picked":"SKIP","floor":18},{"not_picked":["Heatsinks+1","Go for the Eyes","Leap"],"picked":"SKIP","floor":20},{"not_picked":["Leap+1","Barrage+1"],"picked":"Panic Button+1","floor":23}],"player_experience":102416,"relics_obtained":[{"floor":7,"key":"Strawberry"},{"floor":9,"key":"Old Coin"},{"floor":10,"key":"Turnip"},{"floor":21,"key":"ReplayTheSpireMod:Ring of Addiction"},{"floor":21,"key":"Potion Belt"},{"floor":21,"key":"Chameleon Ring"},{"floor":23,"key":"Toxic Egg 2"},{"floor":23,"key":"Replay:Bottled Eggs"},{"floor":24,"key":"Incense Burner"}],"event_choices":[{"damage_healed":0,"gold_gain":0,"player_choice":"Success","damage_taken":18,"relics_obtained":["StoneCalendar"],"max_hp_gain":0,"max_hp_loss":0,"event_name":"Scrap Ooze","floor":3,"gold_loss":0},{"damage_healed":0,"gold_gain":275,"player_choice":"Desecrate","damage_taken":0,"max_hp_gain":0,"max_hp_loss":0,"event_name":"Golden Shrine","floor":4,"gold_loss":0,"cards_obtained":["Regret"]}],"is_beta":false,"boss_relics":[{"not_picked":["reliquary:KinkedSpring","Honey Jar"],"picked":"Black Star"}],"items_purged_floors":[5,13,19],"is_endless":false,"potions_floor_spawned":[1,10,11,14,18],"killed_by":"theJungle:MamaSnecko","ascension_level":4}}