{"host":"9kesdg97wkrx2bva","time":1613099061,"event":{"mods":["AchievementEnabler","BaseMod","Colored Map","GifTheSpireLib","Infinite Spire","Minty Spire (QoL Compilation)","Replay The Spire","StSLib"],"gold_per_floor":[117,117,5,19,30,48,58,58,58,8,42,342,355,370,370,370,370],"floor_reached":16,"language":"ENG","playtime":496,"items_purged":["Strike_G"],"score":187,"play_id":"5ae4a399-11a7-464e-b861-9592cc0d1a0e","local_time":"20210211210421","is_ascension_mode":true,"campfire_choices":[{"data":"Envenom","floor":8,"key":"SMITH"},{"floor":12,"key":"DIG"}],"circlet_count":0,"master_deck":["AscendersBane","Strike_G","Strike_G","Strike_G","Defend_G","Defend_G","Defend_G","Defend_G","Defend_G","Survivor","Neutralize+1","Slice","Backstab","Quick Slash","Slice","PiercingWail","Envenom+1","Deadly Poison","ReplayTheSpireMod:Speed Training+1"],"relics":["Ring of the Snake","Shovel","StrikeDummy","Old Coin"],"acts_visited":["Exordium"],"potions_floor_usage":[7,11,14,16],"damage_taken":[{"damage":0,"enemies":"2 Louse","floor":1,"turns":3},{"damage":4,"enemies":"Cultist","floor":4,"turns":4},{"damage":0,"enemies":"Jaw Worm","floor":5,"turns":5},{"damage":6,"enemies":"Lots of Slimes","floor":6,"turns":4},{"damage":0,"enemies":"Gremlin Gang","floor":7,"turns":6},{"damage":31,"enemies":"3 Sentries","floor":11,"turns":7},{"damage":0,"enemies":"Looter","floor":13,"turns":3},{"damage":20,"enemies":"Lots of Slimes","floor":14,"turns":5},{"damage":33,"enemies":"Slime Boss","floor":16,"turns":9}],"seed_played":"-885348043458277776","potions_obtained":[{"floor":4,"key":"Swift Potion"},{"floor":5,"key":"Regen Potion"},{"floor":11,"key":"SkillPotion"},{"floor":14,"key":"Adrenaline Potion"}],"is_trial":false,"path_per_floor":["M","?","$","M","M","M","M","R","T","$","E","R","M","M","R_BF","B"],"character_chosen":"THE_SILENT","items_purchased":["Backstab","Deadly Poison"],"campfire_rested":0,"item_purchase_floors":[3,10],"current_hp_per_floor":[59,59,59,55,55,49,49,49,49,49,33,33,33,13,32,0,0],"gold":370,"neow_bonus":"UPGRADE_CARD","is_daily":false,"chose_seed":false,"campfire_upgraded":1,"win_rate":0.0,"timestamp":1613099061,"path_taken":["M","?","$","M","M","M","M","R","T","?","E","R","M","?","R_BF","BOSS"],"items_purchased_type":["Card","Card"],"build_version":"2020-12-22","purchased_purges":1,"victory":false,"max_hp_per_floor":[66,66,66,66,66,66,66,66,66,66,66,66,66,66,66,66,66],"card_choices":[{"not_picked":["Flechettes","Deflect"],"picked":"Slice","floor":1},{"not_picked":["Sucker Punch","PiercingWail"],"picked":"Quick Slash","floor":4},{"not_picked":["Prepared","Dagger Throw"],"picked":"Slice","floor":5},{"not_picked":["ReplayTheSpireMod:The Works","Blade Dance"],"picked":"PiercingWail","floor":6},{"not_picked":["Deflect","Blade Dance"],"picked":"Envenom","floor":7},{"not_picked":["Deadly Poison","ReplayTheSpireMod:From All Sides"],"picked":"ReplayTheSpireMod:Speed Training","floor":11},{"not_picked":["Dagger Throw","Dagger Spray","Sucker Punch"],"picked":"SKIP","floor":13},{"not_picked":["Cloak And Dagger","Reflex","Hidden Blade"],"picked":"SKIP","floor":14}],"player_experience":1031719,"relics_obtained":[{"floor":9,"key":"Shovel"},{"floor":11,"key":"StrikeDummy"},{"floor":12,"key":"Old Coin"}],"event_choices":[{"cards_removed":["Strike_G"],"damage_healed":0,"gold_gain":0,"player_choice":"Purged","damage_taken":0,"max_hp_gain":0,"max_hp_loss":0,"event_name":"Purifier","floor":2,"gold_loss":0}],"is_beta":false,"boss_relics":[],"items_purged_floors":[3],"is_endless":false,"potions_floor_spawned":[4,5,11,14],"killed_by":"Slime Boss","ascension_level":16}}