{"host":"r4aerl4ckfvw1dw3","time":1613095408,"event":{"mods":["BaseMod","BetterRewards","Minty Spire (QoL Compilation)","Quick Restart","StSLib"],"gold_per_floor":[20,39,52,70,80,108,123,123,423,450,460,477,97,116,116,214,214,227,326,338,355,355,355,355],"floor_reached":23,"language":"ENG","playtime":1214,"items_purged":["Strike_B"],"score":274,"play_id":"4bcc279d-0b2d-4f31-8c55-60d9ca7d956c","local_time":"20210211180328","is_ascension_mode":true,"campfire_choices":[{"data":"Defragment","floor":8,"key":"SMITH"},{"floor":15,"key":"REST"}],"circlet_count":0,"master_deck":["Strike_B","Strike_B","Strike_B","Defend_B","Defend_B","Defend_B","Defend_B","Zap","Dualcast","Electrodynamics","Chill","Barrage","Beam Cell","Capacitor","Defragment+1","Coolheaded","Sweeping Beam","Ball Lightning","Stack","Loop","Melter","Turbo","Fission","Steam","Cold Snap+1","Leap"],"relics":["Cracked Core","InkBottle","Old Coin","Odd Mushroom","Medical Kit","Nuclear Battery"],"acts_visited":["Exordium","TheCity"],"potions_floor_usage":[7,10,16,16,23],"damage_taken":[{"damage":1,"enemies":"Cultist","floor":1,"turns":3},{"damage":0,"enemies":"Small Slimes","floor":2,"turns":2},{"damage":3,"enemies":"2 Louse","floor":3,"turns":3},{"damage":11,"enemies":"Looter","floor":4,"turns":2},{"damage":2,"enemies":"Exordium Wildlife","floor":5,"turns":3},{"damage":17,"enemies":"3 Sentries","floor":6,"turns":3},{"damage":8,"enemies":"Gremlin Gang","floor":7,"turns":3},{"damage":11,"enemies":"The Mushroom Lair","floor":10,"turns":3},{"damage":0,"enemies":"2 Fungi Beasts","floor":11,"turns":2},{"damage":10,"enemies":"Lots of Slimes","floor":12,"turns":3},{"damage":10,"enemies":"Red Slaver","floor":14,"turns":3},{"damage":0,"enemies":"Slime Boss","floor":16,"turns":6},{"damage":6,"enemies":"Spheric Guardian","floor":18,"turns":3},{"damage":22,"enemies":"2 Thieves","floor":20,"turns":3},{"damage":39,"enemies":"Snake Plant","floor":21,"turns":5},{"damage":8,"enemies":"Book of Stabbing","floor":23,"turns":3}],"seed_played":"-8785752018509801474","potions_obtained":[{"floor":1,"key":"Block Potion"},{"floor":2,"key":"PowerPotion"},{"floor":6,"key":"PowerPotion"},{"floor":7,"key":"Strength Potion"},{"floor":10,"key":"Ancient Potion"},{"floor":12,"key":"PowerPotion"},{"floor":20,"key":"GamblersBrew"}],"is_trial":false,"path_per_floor":["M","M","M","M","M","E","M","R","T","?","M","M","$","M","R","B",null,"M","?","M","M","?","E"],"character_chosen":"DEFECT","items_purchased":["Medical Kit","Loop","Melter"],"campfire_rested":1,"item_purchase_floors":[13,13,13],"current_hp_per_floor":[74,74,71,60,58,41,33,33,33,22,22,12,12,2,24,24,75,69,69,47,8,8,0,0],"gold":355,"neow_bonus":"THREE_RARE_CARDS","is_daily":false,"chose_seed":false,"campfire_upgraded":1,"win_rate":0.0,"timestamp":1613095408,"path_taken":["M","?","M","M","M","E","M","R","T","?","M","M","$","M","R","BOSS","M","?","M","M","?","E"],"items_purchased_type":["Relic","Card","Card"],"build_version":"2020-12-22","purchased_purges":1,"victory":false,"max_hp_per_floor":[75,75,75,75,75,75,75,75,75,75,75,75,75,75,75,75,75,75,75,75,75,75,75,75],"card_choices":[{"not_picked":["All For One","Meteor Strike"],"picked":"Electrodynamics","floor":0},{"not_picked":["Storm","Blizzard"],"picked":"Chill","floor":1},{"not_picked":["BootSequence","Steam Power"],"picked":"Barrage","floor":2},{"not_picked":["Barrage","White Noise"],"picked":"Beam Cell","floor":3},{"not_picked":["Hologram","Go for the Eyes"],"picked":"Capacitor","floor":4},{"not_picked":["Stack","Rip and Tear"],"picked":"Defragment","floor":5},{"not_picked":["Recycle","Turbo"],"picked":"Coolheaded","floor":6},{"not_picked":["Beam Cell","Streamline"],"picked":"Sweeping Beam","floor":7},{"not_picked":["Blizzard","Beam Cell"],"picked":"Ball Lightning","floor":10},{"not_picked":["Rainbow","Compile Driver","FTL"],"picked":"SKIP","floor":11},{"not_picked":["Sweeping Beam","Tempest"],"picked":"Stack","floor":12},{"not_picked":["Hologram","Stack"],"picked":"Turbo","floor":14},{"not_picked":["Creative AI","Hyperbeam"],"picked":"Fission","floor":16},{"not_picked":["Barrage","Scrape"],"picked":"Steam","floor":18},{"not_picked":["Heatsinks+1","BootSequence+1"],"picked":"Cold Snap+1","floor":20},{"not_picked":["Darkness","Double Energy"],"picked":"Leap","floor":21}],"player_experience":580633,"relics_obtained":[{"floor":6,"key":"InkBottle"},{"floor":9,"key":"Old Coin"},{"floor":10,"key":"Odd Mushroom"}],"event_choices":[{"damage_healed":0,"gold_gain":0,"player_choice":"Fought Mushrooms","damage_taken":0,"max_hp_gain":0,"max_hp_loss":0,"event_name":"Mushrooms","floor":10,"gold_loss":0},{"damage_healed":0,"gold_gain":99,"player_choice":"Stole From Cult","damage_taken":0,"max_hp_gain":0,"max_hp_loss":0,"event_name":"Nest","floor":19,"gold_loss":0},{"damage_healed":0,"gold_gain":0,"player_choice":"Ignored","damage_taken":0,"max_hp_gain":0,"max_hp_loss":0,"event_name":"Cursed Tome","floor":22,"gold_loss":0}],"is_beta":false,"boss_relics":[{"not_picked":["Pandora\u0027s Box","Empty Cage"],"picked":"Nuclear Battery"}],"items_purged_floors":[13],"is_endless":false,"potions_floor_spawned":[1,2,6,7,10,12,20],"killed_by":"Book of Stabbing","ascension_level":2}}