{"host":"4eao2pkwlmv012cz","time":1613123857,"event":{"mods":["BaseMod","Colored Powertips","Minty Spire (QoL Compilation)","Permanent Neow","Quick Restart","Random Character Button","StSLib"],"gold_per_floor":[11,11,24,36,50,50,81,99,180,180,200,2,14,28,28,28,28],"floor_reached":16,"language":"ENG","playtime":494,"items_purged":[],"score":212,"play_id":"fa5b990a-1a7d-4651-9ff8-ed651c257caf","local_time":"20210212045737","is_ascension_mode":true,"campfire_choices":[{"data":"Sweeping Beam","floor":6,"key":"SMITH"},{"floor":10,"key":"REST"},{"data":"Go for the Eyes","floor":15,"key":"SMITH"}],"circlet_count":0,"master_deck":["AscendersBane","Strike_B","Strike_B","Strike_B","Defend_B","Defend_B","Defend_B","Defend_B","Zap","Dualcast","Electrodynamics","Ball Lightning","Coolheaded","Sweeping Beam+1","Go for the Eyes+1","Machine Learning","Auto Shields","Cold Snap","Chill","Compile Driver"],"relics":["Cracked Core","Regal Pillow","Singing Bowl","PrismaticShard"],"acts_visited":["Exordium"],"potions_floor_usage":[4,7,14],"damage_taken":[{"damage":7,"enemies":"Jaw Worm","floor":1,"turns":3},{"damage":0,"enemies":"Cultist","floor":3,"turns":3},{"damage":7,"enemies":"Small Slimes","floor":4,"turns":3},{"damage":17,"enemies":"2 Fungi Beasts","floor":5,"turns":3},{"damage":17,"enemies":"Gremlin Nob","floor":7,"turns":4},{"damage":9,"enemies":"Exordium Thugs","floor":8,"turns":3},{"damage":0,"enemies":"Large Slime","floor":11,"turns":4},{"damage":0,"enemies":"2 Fungi Beasts","floor":13,"turns":2},{"damage":0,"enemies":"Exordium Wildlife","floor":14,"turns":3},{"damage":48,"enemies":"Hexaghost","floor":16,"turns":12}],"seed_played":"2073509677899710200","potions_obtained":[{"floor":3,"key":"ColorlessPotion"},{"floor":5,"key":"DuplicationPotion"},{"floor":11,"key":"SpeedPotion"}],"is_trial":false,"path_per_floor":["M","?","M","M","M","R","E","M","T","R","M","$","M","M","R","B"],"character_chosen":"DEFECT","items_purchased":["PrismaticShard","Compile Driver"],"campfire_rested":1,"item_purchase_floors":[12,12],"current_hp_per_floor":[57,57,57,50,33,33,16,7,7,43,43,43,45,47,47,0,0],"gold":28,"neow_bonus":"THREE_RARE_CARDS","is_daily":false,"chose_seed":false,"campfire_upgraded":2,"win_rate":0.0,"timestamp":1613123857,"path_taken":["M","?","M","M","M","R","E","?","T","R","M","?","M","M","R","BOSS"],"items_purchased_type":["Relic","Card"],"build_version":"2020-12-22","purchased_purges":0,"victory":false,"max_hp_per_floor":[71,71,71,71,71,71,71,71,71,71,71,71,73,75,75,75,75],"card_choices":[{"not_picked":["All For One","Machine Learning"],"picked":"Electrodynamics","floor":0},{"not_picked":["Coolheaded","Leap"],"picked":"Ball Lightning","floor":1},{"not_picked":["Rebound","Heatsinks"],"picked":"Sweeping Beam","floor":3},{"not_picked":["Turbo","Double Energy"],"picked":"Go for the Eyes","floor":4},{"not_picked":["Hologram","Rebound"],"picked":"Machine Learning","floor":5},{"not_picked":["Blizzard","BootSequence"],"picked":"Auto Shields","floor":7},{"not_picked":["Conserve Battery","Barrage"],"picked":"Cold Snap","floor":8},{"not_picked":["Ball Lightning","Gash"],"picked":"Chill","floor":11},{"not_picked":["Clash","Deep Breath","Streamline"],"picked":"Singing Bowl","floor":13},{"not_picked":["Havoc","Rebound","Dropkick"],"picked":"Singing Bowl","floor":14}],"player_experience":2927886,"relics_obtained":[{"floor":7,"key":"Regal Pillow"},{"floor":9,"key":"Singing Bowl"}],"event_choices":[{"damage_healed":0,"gold_gain":0,"cards_transformed":["Strike_B"],"player_choice":"Transformed","damage_taken":0,"max_hp_gain":0,"max_hp_loss":0,"event_name":"Transmorgrifier","floor":2,"gold_loss":0,"cards_obtained":["Coolheaded"]}],"is_beta":false,"boss_relics":[],"items_purged_floors":[],"is_endless":false,"potions_floor_spawned":[3,5,11],"killed_by":"Hexaghost","ascension_level":20}}