{"host":"3c8x8j1h2jyrixpf","time":1613171115,"event":{"mods":["BaseMod","Colored Powertips","Highlight Path","Minty Spire (QoL Compilation)","StSLib"],"gold_per_floor":[118,128,128,37,57,57,67,81,81,106,121,137,137,172,172,273,273,292,69,69,69],"floor_reached":20,"language":"ENG","playtime":709,"items_purged":[],"score":288,"play_id":"f12b02f4-04ae-40ad-88aa-25e57f62b99f","local_time":"20210212170515","is_ascension_mode":true,"campfire_choices":[{"data":"Footwork","floor":6,"key":"SMITH"},{"floor":13,"key":"REST"},{"data":"Noxious Fumes","floor":15,"key":"SMITH"}],"circlet_count":0,"master_deck":["AscendersBane","Survivor","Neutralize","Dash","Skewer","Footwork+1","Deadly Poison","Poisoned Stab","Dagger Spray","Deadly Poison","Catalyst","Die Die Die","Noxious Fumes+1","Malaise","Slice","A Thousand Cuts","Infinite Blades","Backstab","Bullet Time","Setup","Endless Agony","After Image","Unload","Crippling Poison"],"relics":["SacredBark","Gremlin Horn","StrikeDummy","Vajra","Pandora\u0027s Box","OrangePellets"],"acts_visited":["Exordium","TheCity"],"potions_floor_usage":[10,12],"damage_taken":[{"damage":1,"enemies":"Small Slimes","floor":1,"turns":5},{"damage":0,"enemies":"Cultist","floor":2,"turns":4},{"damage":6,"enemies":"2 Louse","floor":5,"turns":2},{"damage":0,"enemies":"Looter","floor":7,"turns":4},{"damage":8,"enemies":"Large Slime","floor":8,"turns":6},{"damage":15,"enemies":"Lagavulin","floor":10,"turns":8},{"damage":8,"enemies":"3 Louse","floor":11,"turns":3},{"damage":0,"enemies":"Gremlin Gang","floor":12,"turns":3},{"damage":19,"enemies":"3 Sentries","floor":14,"turns":7},{"damage":25,"enemies":"Slime Boss","floor":16,"turns":10},{"damage":27,"enemies":"Spheric Guardian","floor":18,"turns":4},{"damage":27,"enemies":"Shell Parasite","floor":20,"turns":3}],"seed_played":"-4667418507884108853","potions_obtained":[{"floor":1,"key":"Weak Potion"},{"floor":5,"key":"PowerPotion"},{"floor":8,"key":"Fire Potion"},{"floor":14,"key":"BlessingOfTheForge"}],"is_trial":false,"path_per_floor":["M","M","?","$","M","R","M","M","T","E","M","M","R","E","R","B",null,"M","$","M"],"character_chosen":"THE_SILENT","items_purchased":["Footwork","Deadly Poison","Crippling Poison","OrangePellets"],"campfire_rested":1,"item_purchase_floors":[4,4,19,19],"current_hp_per_floor":[62,62,62,62,56,56,56,48,48,33,25,25,46,27,27,2,53,26,26,0,0],"gold":69,"neow_bonus":"BOSS_RELIC","is_daily":false,"chose_seed":false,"campfire_upgraded":2,"win_rate":0.0,"timestamp":1613171115,"path_taken":["M","M","?","$","?","R","M","M","T","E","M","M","R","E","R","BOSS","M","$","M"],"items_purchased_type":["Card","Card","Card","Relic"],"build_version":"2020-12-22","purchased_purges":0,"victory":false,"max_hp_per_floor":[70,70,70,70,70,70,70,70,70,70,70,70,70,70,70,70,70,70,70,70,70],"card_choices":[{"not_picked":["Flying Knee","Distraction"],"picked":"Dash","floor":1},{"not_picked":["Dodge and Roll","Tactician"],"picked":"Skewer","floor":2},{"not_picked":["Slice","Grand Finale"],"picked":"Poisoned Stab","floor":5},{"not_picked":["Bane","Underhanded Strike"],"picked":"Dagger Spray","floor":7},{"not_picked":["Sucker Punch","Dagger Spray"],"picked":"Deadly Poison","floor":8},{"not_picked":["Prepared","Blur"],"picked":"Catalyst","floor":10},{"not_picked":["Accuracy","Cloak And Dagger","Sucker Punch"],"picked":"SKIP","floor":11},{"not_picked":["Outmaneuver","Heel Hook"],"picked":"Die Die Die","floor":12},{"not_picked":["Flying Knee","Malaise"],"picked":"Noxious Fumes","floor":14},{"not_picked":["Die Die Die","Phantasmal Killer"],"picked":"Malaise","floor":16},{"not_picked":["Outmaneuver","Sucker Punch","Quick Slash"],"picked":"SKIP","floor":18}],"player_experience":239248,"relics_obtained":[{"floor":9,"key":"Gremlin Horn"},{"floor":10,"key":"StrikeDummy"},{"floor":14,"key":"Vajra"}],"event_choices":[{"cards_removed":["Strike_G"],"damage_healed":0,"gold_gain":0,"player_choice":"Offered Basic","damage_taken":0,"max_hp_gain":0,"max_hp_loss":0,"event_name":"Bonfire Elementals","floor":3,"gold_loss":0}],"is_beta":false,"boss_relics":[{"not_picked":["Ectoplasm","Cursed Key"],"picked":"Pandora\u0027s Box"}],"items_purged_floors":[],"is_endless":false,"potions_floor_spawned":[1,5,8,14],"killed_by":"Shell Parasite","ascension_level":11}}