{"host":"995ppxxqmb2p2due","time":1613156234,"event":{"mods":["BaseMod","Downfall","Minty Spire (QoL Compilation)","StSLib"],"gold_per_floor":[99,113,113,126,137,163,163,438,29,40,25,50,50,225,245,347,347,247,247,264,278,290,303,303,403,403,403,403],"floor_reached":26,"language":"ENG","playtime":1630,"items_purged":[],"score":218,"play_id":"47558fc5-4de9-4e44-a310-9b534d3ca8aa","local_time":"20210212135714","is_ascension_mode":false,"campfire_choices":[{"data":"champ:Taunt","floor":1,"key":"SMITH"},{"floor":13,"key":"REST"},{"floor":18,"key":"RECALL"}],"circlet_count":0,"master_deck":["champ:Strike","champ:Strike","champ:Strike","champ:Defend","champ:Defend","champ:Defend","champ:Defend","champ:Execute","champ:Taunt+1","champ:TornadoPunch","champ:Shatter","champ:GutPunch","champ:LastStand","Regret","champ:BringItOn","champ:FocusedDefense","champ:DefensiveStyle+1","champ:RapidStrikes","Doubt","champ:HoldFirm"],"relics":["champ:ChampionCrown","StoneCalendar","Blue Candle","Frozen Egg 2","Sundial","Busted Crown","downfall:HeartBlessingGreen","downfall:RedIOU","downfall:CloakOfManyFaces","CultistMask","FaceOfCleric","NlothsMask","GremlinMask","SsserpentHead"],"acts_visited":["Exordium","TheCity"],"potions_floor_usage":[6,12,16,25],"damage_taken":[{"damage":10,"enemies":"2 Louse","floor":2,"turns":2},{"damage":14,"enemies":"Cultist","floor":4,"turns":5},{"damage":8,"enemies":"Small Slimes","floor":5,"turns":2},{"damage":41,"enemies":"3 Sentries","floor":6,"turns":7},{"damage":31,"enemies":"downfall:FleeingMerchant","floor":9,"turns":4},{"damage":21,"enemies":"Exordium Thugs","floor":10,"turns":4},{"damage":11,"enemies":"downfall:FleeingMerchant","floor":11,"turns":4},{"damage":19,"enemies":"Gremlin Nob","floor":12,"turns":5},{"damage":10,"enemies":"3 Louse","floor":15,"turns":2},{"damage":47,"enemies":"IC_STATUS_ARCHETYPE","floor":16,"turns":7},{"damage":17,"enemies":"Shell Parasite","floor":20,"turns":7},{"damage":32,"enemies":"Centurion and Healer","floor":21,"turns":7},{"damage":34,"enemies":"Snake Plant","floor":22,"turns":6},{"damage":34,"enemies":"Shelled Parasite and Fungi","floor":23,"turns":5},{"damage":29,"enemies":"downfall:FaceTrader","floor":25,"turns":7},{"damage":28,"enemies":"Gremlin Leader","floor":26,"turns":4}],"seed_played":"-1802871889535759523","potions_obtained":[{"floor":2,"key":"champ:OpenerPotion"},{"floor":10,"key":"FearPotion"},{"floor":12,"key":"Ancient Potion"},{"floor":16,"key":"champ:OpenerPotion"},{"floor":23,"key":"Fire Potion"}],"is_trial":false,"path_per_floor":["R","M","?","M","M","E","T","?","$","M","$","E","R","?","M","B",null,"R","?","M","M","M","M","T","?","E"],"character_chosen":"THE_CHAMP","items_purchased":["champ:FocusedDefense","champ:DefensiveStyle+1","Sundial"],"campfire_rested":1,"item_purchase_floors":[9,9,9],"current_hp_per_floor":[81,81,81,77,69,43,43,43,37,21,20,11,35,35,35,13,81,81,81,79,67,43,24,24,20,0,0,0],"gold":403,"neow_bonus":"ONE_RARE_RELIC","is_daily":false,"chose_seed":false,"campfire_upgraded":1,"win_rate":0.0,"timestamp":1613156234,"path_taken":["R","M","?","?","M","E","T","?","?","M","$","E","R","?","M","BOSS","R","?","M","M","M","M","T","?","E"],"items_purchased_type":["Card","Card","Relic"],"build_version":"2020-12-22","purchased_purges":0,"victory":false,"max_hp_per_floor":[81,81,81,81,81,81,81,81,81,81,81,81,81,81,81,81,81,81,81,81,81,81,81,81,81,81,81,81],"card_choices":[{"not_picked":["champ:EnGarde","champ:FanOfKnives"],"picked":"champ:TornadoPunch","floor":2},{"not_picked":["champ:StanceDance","champ:SteelEdge"],"picked":"champ:Shatter","floor":4},{"not_picked":["champ:FocusedBerserking","champ:BringItOn"],"picked":"champ:GutPunch","floor":5},{"not_picked":["champ:Encircle","champ:EnragedBash"],"picked":"champ:LastStand","floor":6},{"not_picked":["champ:BerserkersShout","champ:CrownThrow"],"picked":"champ:BringItOn","floor":9},{"not_picked":["champ:Haymaker","champ:PerfectedStrike","champ:BringItOn"],"picked":"SKIP","floor":10},{"not_picked":["champ:FancyFootwork","champ:Duel","champ:BringItOn"],"picked":"SKIP","floor":11},{"not_picked":["champ:CheapShot","champ:Haymaker"],"picked":"champ:RapidStrikes","floor":12},{"not_picked":["champ:FancyFootwork","champ:Haymaker","champ:RapidStrikes"],"picked":"SKIP","floor":15},{"not_picked":["champ:DancingMaster+1","champ:IgnorePain"],"picked":"champ:HoldFirm","floor":16},{"not_picked":["champ:GutPunch+1"],"picked":"SKIP","floor":20},{"not_picked":["champ:FocusedDefense"],"picked":"SKIP","floor":21},{"not_picked":["champ:TornadoPunch"],"picked":"SKIP","floor":22},{"not_picked":["champ:PreemptiveStrike"],"picked":"SKIP","floor":23}],"player_experience":141282,"relics_obtained":[{"floor":6,"key":"Blue Candle"},{"floor":7,"key":"Frozen Egg 2"},{"floor":12,"key":"Anchor"},{"floor":25,"key":"downfall:CloakOfManyFaces"}],"event_choices":[{"cards_removed":["champ:Strike"],"damage_healed":0,"gold_gain":0,"player_choice":"Offered Basic","damage_taken":0,"max_hp_gain":0,"max_hp_loss":0,"event_name":"Bonfire Elementals","floor":3,"gold_loss":0}],"is_beta":false,"boss_relics":[{"not_picked":["Runic Pyramid","Sozu"],"picked":"Busted Crown"}],"items_purged_floors":[],"is_endless":false,"potions_floor_spawned":[2,10,12,16,23],"killed_by":"Gremlin Leader","ascension_level":0}}