{"host":"50qwps766cbz6ukm","time":1613121605,"event":{"mods":["BaseMod","Colored Map","Colored Powertips","DeckTracker","Highlight Path","Minty Spire (QoL Compilation)","Quick Restart","Remove Card Discount Mod","StSLib","SuperFastMode","Synergy Search"],"gold_per_floor":[111,111,286,286,234,234,262,262,262,280,307,65,65,82,82,181,181,201,201,201,197,212,243,243,243,243],"floor_reached":25,"language":"ENG","playtime":558,"items_purged":["Doubt","Strike_P","Strike_P","Strike_P","Defend_P","Defend_P","Defend_P","Eruption","Strike_P","Defend_P"],"score":350,"play_id":"58607ed1-2a91-4a2b-b432-6427b5d16361","local_time":"20210212112005","is_ascension_mode":true,"campfire_choices":[{"data":"Vigilance","floor":8,"key":"SMITH"},{"data":"MentalFortress","floor":13,"key":"SMITH"},{"data":"FlurryOfBlows","floor":15,"key":"SMITH"},{"data":"LikeWater","floor":24,"key":"SMITH"}],"circlet_count":0,"master_deck":["Vigilance+1","FlurryOfBlows+1","Tantrum","MentalFortress+1","Establishment","Consecrate","Brilliance","LikeWater+1"],"relics":["PureWater","NeowsBlessing","CaptainsWheel","Sundial","Blue Candle","Akabeko","Meat on the Bone","Sozu","Lantern"],"acts_visited":["Exordium","TheCity"],"potions_floor_usage":[11],"damage_taken":[{"damage":0,"enemies":"Small Slimes","floor":1,"turns":1},{"damage":0,"enemies":"Lagavulin","floor":7,"turns":1},{"damage":0,"enemies":"Jaw Worm","floor":10,"turns":1},{"damage":30,"enemies":"3 Sentries","floor":11,"turns":8},{"damage":0,"enemies":"2 Louse","floor":14,"turns":3},{"damage":21,"enemies":"The Guardian","floor":16,"turns":10},{"damage":6,"enemies":"3 Byrds","floor":18,"turns":3},{"damage":0,"enemies":"Spheric Guardian","floor":22,"turns":3},{"damage":4,"enemies":"Book of Stabbing","floor":23,"turns":5},{"damage":77,"enemies":"Slavers","floor":25,"turns":5}],"seed_played":"-1641482081072064888","potions_obtained":[{"floor":1,"key":"LiquidMemories"},{"floor":7,"key":"SteroidPotion"},{"floor":10,"key":"BottledMiracle"}],"is_trial":false,"path_per_floor":["M","?","?","?","$","?","E","R","T","M","E","$","R","M","R","B",null,"M","?","?","$","M","E","R","E"],"character_chosen":"WATCHER","items_purchased":["Tantrum","Meat on the Bone"],"campfire_rested":0,"item_purchase_floors":[5,12],"current_hp_per_floor":[65,65,65,62,62,62,62,62,62,62,32,32,32,44,44,35,63,57,72,72,72,72,68,68,0,0],"gold":243,"neow_bonus":"THREE_ENEMY_KILL","is_daily":false,"chose_seed":false,"campfire_upgraded":4,"win_rate":0.0,"timestamp":1613121605,"path_taken":["M","?","?","?","?","?","E","R","T","M","E","$","R","?","R","BOSS","M","?","?","$","M","E","R","E"],"items_purchased_type":["Card","Relic"],"build_version":"2020-12-22","purchased_purges":10,"victory":false,"max_hp_per_floor":[72,72,72,72,72,72,72,72,72,72,72,72,72,72,72,72,72,72,72,72,72,72,72,72,72,72],"card_choices":[{"not_picked":["InnerPeace","EmptyFist"],"picked":"FlurryOfBlows","floor":1},{"not_picked":["ConjureBlade","Crescendo","BowlingBash"],"picked":"SKIP","floor":7},{"not_picked":["Wallop","Halt"],"picked":"MentalFortress","floor":10},{"not_picked":["CrushJoints","SandsOfTime"],"picked":"Establishment","floor":11},{"not_picked":["Protect","ClearTheMind"],"picked":"Consecrate","floor":14},{"not_picked":["MasterReality","ConjureBlade"],"picked":"Brilliance","floor":16},{"not_picked":["Evaluate","PathToVictory+1","Perseverance+1"],"picked":"SKIP","floor":18},{"not_picked":["Protect+1","CutThroughFate+1"],"picked":"LikeWater","floor":22},{"not_picked":["CutThroughFate","EmptyFist","ThirdEye"],"picked":"SKIP","floor":23}],"player_experience":589473,"relics_obtained":[{"floor":7,"key":"Sundial"},{"floor":9,"key":"Blue Candle"},{"floor":11,"key":"Akabeko"},{"floor":23,"key":"Lantern"}],"event_choices":[{"damage_healed":0,"gold_gain":0,"player_choice":"Leave","damage_taken":0,"max_hp_gain":0,"max_hp_loss":0,"event_name":"The Cleric","floor":2,"gold_loss":0},{"damage_healed":0,"gold_gain":175,"player_choice":"AGREE","damage_taken":0,"max_hp_gain":0,"max_hp_loss":0,"event_name":"Liars Game","floor":3,"gold_loss":0,"cards_obtained":["Doubt"]},{"damage_healed":0,"gold_gain":0,"player_choice":"Success","damage_taken":3,"relics_obtained":["CaptainsWheel"],"max_hp_gain":0,"max_hp_loss":0,"event_name":"Scrap Ooze","floor":4,"gold_loss":0},{"damage_healed":0,"gold_gain":0,"player_choice":"Ignored","damage_taken":0,"max_hp_gain":0,"max_hp_loss":0,"event_name":"Purifier","floor":6,"gold_loss":0},{"damage_healed":24,"gold_gain":0,"player_choice":"Heal","damage_taken":0,"max_hp_gain":0,"max_hp_loss":0,"event_name":"The Library","floor":19,"gold_loss":0},{"damage_healed":0,"gold_gain":0,"player_choice":"Ignored","damage_taken":0,"max_hp_gain":0,"max_hp_loss":0,"event_name":"Ghosts","floor":20,"gold_loss":0}],"is_beta":false,"boss_relics":[{"not_picked":["Runic Pyramid","Fusion Hammer"],"picked":"Sozu"}],"items_purged_floors":[5,5,5,5,5,5,5,5,21,21],"is_endless":false,"potions_floor_spawned":[1,7,10,18],"killed_by":"Slavers","ascension_level":8}}