{"host":"91blwi3hgehj6ch9","time":1613108836,"event":{"mods":["2.2 Compatiblity","AchievementEnabler","BaseMod","Colored Map","DeckTracker","Keyboard Shortcuts","Minty Spire (QoL Compilation)","Permanent Neow","Quick Restart","StSLib","SuperFastMode","everything is the same but u backflip on backflip"],"gold_per_floor":[118,98,23,34,54,54,66,66,66,66,76,103,103,115,115,192,192,172,172,172],"floor_reached":19,"language":"KOR","playtime":647,"items_purged":["Strike_G"],"score":498,"play_id":"f0b4daf2-84d1-459a-b914-9df27312cbee","local_time":"20210212144716","is_ascension_mode":true,"campfire_choices":[{"data":"Cloak And Dagger","floor":6,"key":"SMITH"},{"data":"Tactician","floor":13,"key":"SMITH"},{"data":"Dagger Throw","floor":15,"key":"SMITH"}],"circlet_count":0,"master_deck":["AscendersBane","Strike_G","Strike_G","Strike_G","Defend_G","Defend_G","Defend_G","Defend_G","Defend_G","Survivor","Neutralize","Cloak And Dagger+1","Endless Agony","Blur","Dagger Throw+1","Tactician+1","PiercingWail","Grand Finale","Calculated Gamble"],"relics":["WristBlade","The Courier","HornCleat","SlaversCollar"],"acts_visited":["Exordium","TheCity"],"potions_floor_usage":[12,16,18],"damage_taken":[{"damage":9,"enemies":"Jaw Worm","floor":1,"turns":5},{"damage":0,"enemies":"Cultist","floor":4,"turns":4},{"damage":0,"enemies":"2 Louse","floor":5,"turns":3},{"damage":0,"enemies":"Looter","floor":7,"turns":3},{"damage":1,"enemies":"Red Slaver","floor":11,"turns":3},{"damage":22,"enemies":"Gremlin Nob","floor":12,"turns":5},{"damage":0,"enemies":"2 Fungi Beasts","floor":14,"turns":3},{"damage":13,"enemies":"The Guardian","floor":16,"turns":17},{"damage":9,"enemies":"2 Thieves","floor":18,"turns":4},{"damage":71,"enemies":"Chosen","floor":19,"turns":7}],"seed_played":"-5689109014368371675","potions_obtained":[{"floor":2,"key":"AttackPotion"},{"floor":4,"key":"DuplicationPotion"},{"floor":14,"key":"Fire Potion"},{"floor":16,"key":"Fruit Juice"},{"floor":18,"key":"SteroidPotion"}],"is_trial":false,"path_per_floor":["M","?","$","M","M","R","M","?","T","?","M","E","R","M","R","B",null,"M","M"],"character_chosen":"THE_SILENT","items_purchased":[],"campfire_rested":0,"item_purchase_floors":[],"current_hp_per_floor":[50,50,50,50,50,50,50,55,55,55,54,32,32,32,32,19,58,54,0,0],"gold":172,"neow_bonus":"BOSS_RELIC","is_daily":false,"chose_seed":false,"campfire_upgraded":3,"win_rate":0.0,"timestamp":1613108836,"path_taken":["M","?","$","M","M","R","?","?","T","?","M","E","R","M","R","BOSS","M","M"],"items_purchased_type":[],"build_version":"2020-12-22","purchased_purges":1,"victory":false,"max_hp_per_floor":[66,66,66,66,66,66,66,71,71,71,71,71,71,71,71,71,71,76,76,76],"card_choices":[{"not_picked":["Catalyst","Acrobatics"],"picked":"Cloak And Dagger","floor":1},{"not_picked":["Choke","Dagger Throw"],"picked":"Endless Agony","floor":4},{"not_picked":["Underhanded Strike","Flechettes"],"picked":"Blur","floor":5},{"not_picked":["Bane","Slice"],"picked":"Dagger Throw","floor":7},{"not_picked":["Acrobatics","Underhanded Strike"],"picked":"Tactician","floor":11},{"not_picked":["Leg Sweep","Predator","Dagger Throw"],"picked":"SKIP","floor":12},{"not_picked":["Deflect","Malaise"],"picked":"PiercingWail","floor":14},{"not_picked":["Envenom","Night Terror"],"picked":"Grand Finale","floor":16},{"not_picked":["Underhanded Strike","Crippling Poison"],"picked":"Calculated Gamble","floor":18}],"player_experience":210836,"relics_obtained":[{"floor":9,"key":"The Courier"},{"floor":12,"key":"HornCleat"}],"event_choices":[{"damage_healed":0,"gold_gain":0,"player_choice":"Bought 1 Potion","damage_taken":0,"max_hp_gain":0,"max_hp_loss":0,"event_name":"The Woman in Blue","floor":2,"gold_loss":0},{"damage_healed":0,"gold_gain":0,"player_choice":"Donut","damage_taken":0,"max_hp_gain":5,"max_hp_loss":0,"event_name":"Big Fish","floor":8,"gold_loss":0},{"cards_removed":["Strike_G"],"damage_healed":0,"gold_gain":0,"player_choice":"Offered Basic","damage_taken":0,"max_hp_gain":0,"max_hp_loss":0,"event_name":"Bonfire Elementals","floor":10,"gold_loss":0}],"is_beta":false,"boss_relics":[{"not_picked":["Velvet Choker","Cursed Key"],"picked":"SlaversCollar"}],"items_purged_floors":[3],"is_endless":false,"potions_floor_spawned":[4,5,14,16,18],"killed_by":"Chosen","ascension_level":17}}