{"host":"q0qnzbgdx8oqogg9","time":1613090023,"event":{"mods":["BaseMod","Minty Spire (QoL Compilation)","StSLib"],"gold_per_floor":[111,111,111,127,139,168,168,199,199,213,231,231,331,50,50,124,124,135,135,234,253,163,196,211,211,211,241,261,261,211,229,229,303,303,321,119,137,52,68,68,96,96,96,109,109,123,48,63,63,63,63,63,13,47,47,47],"floor_reached":55,"language":"ENG","playtime":2181,"items_purged":["Pain","Strike_B","Static Discharge+1","Hologram","Multi-Cast"],"score":1312,"play_id":"cb109f8a-cd82-40b4-9ee7-9f7d90d16173","local_time":"20210211193343","is_ascension_mode":true,"campfire_choices":[{"data":"Zap","floor":7.0,"key":"SMITH"},{"floor":12.0,"key":"REST"},{"data":"Biased Cognition","floor":15.0,"key":"SMITH"},{"data":"Chill","floor":25.0,"key":"SMITH"},{"data":"Consume","floor":29.0,"key":"SMITH"},{"data":"Loop","floor":32.0,"key":"SMITH"},{"data":"Defragment","floor":40.0,"key":"SMITH"},{"data":"Defragment","floor":42.0,"key":"SMITH"},{"data":"Coolheaded","floor":45.0,"key":"SMITH"},{"floor":49.0,"key":"RECALL"},{"data":"Capacitor","floor":52.0,"key":"SMITH"}],"circlet_count":0,"master_deck":["AscendersBane","Defend_B","Defend_B+1","Defend_B","Zap+1","Dualcast","Consume+1","Loop+1","Biased Cognition+1","Ball Lightning","Chill+1","Cold Snap","Panacea","Self Repair","Coolheaded+1","Electrodynamics","Sweeping Beam","Conserve Battery","Recycle+1","Defragment+1","Coolheaded+1","Hologram+1","Redo+1","Defragment+1","Capacitor+1"],"relics":["Cracked Core","NeowsBlessing","WarpedTongs","Bag of Preparation","Letter Opener","MealTicket","Sozu","Tiny Chest","Cables","Smiling Mask","Astrolabe","Runic Capacitor","Orichalcum","Centennial Puzzle"],"acts_visited":["Exordium","TheCity","TheBeyond","TheEnding"],"potions_floor_usage":[],"damage_taken":[{"damage":0.0,"enemies":"Jaw Worm","floor":1.0,"turns":1.0},{"damage":0.0,"enemies":"Small Slimes","floor":4.0,"turns":1.0},{"damage":0.0,"enemies":"Cultist","floor":5.0,"turns":1.0},{"damage":5.0,"enemies":"Lagavulin","floor":6.0,"turns":4.0},{"damage":36.0,"enemies":"3 Sentries","floor":8.0,"turns":6.0},{"damage":7.0,"enemies":"Exordium Wildlife","floor":10.0,"turns":3.0},{"damage":8.0,"enemies":"Exordium Thugs","floor":11.0,"turns":2.0},{"damage":15.0,"enemies":"Hexaghost","floor":16.0,"turns":9.0},{"damage":4.0,"enemies":"Spheric Guardian","floor":18.0,"turns":4.0},{"damage":7.0,"enemies":"Shell Parasite","floor":21.0,"turns":4.0},{"damage":24.0,"enemies":"Slavers","floor":23.0,"turns":2.0},{"damage":10.0,"enemies":"Snecko","floor":24.0,"turns":5.0},{"damage":0.0,"enemies":"Book of Stabbing","floor":27.0,"turns":6.0},{"damage":0.0,"enemies":"3 Cultists","floor":28.0,"turns":4.0},{"damage":0.0,"enemies":"Shelled Parasite and Fungi","floor":31.0,"turns":4.0},{"damage":10.0,"enemies":"Champ","floor":33.0,"turns":10.0},{"damage":0.0,"enemies":"Orb Walker","floor":35.0,"turns":3.0},{"damage":7.0,"enemies":"3 Shapes","floor":37.0,"turns":3.0},{"damage":38.0,"enemies":"Writhing Mass","floor":39.0,"turns":6.0},{"damage":0.0,"enemies":"Giant Head","floor":41.0,"turns":7.0},{"damage":16.0,"enemies":"Maw","floor":44.0,"turns":7.0},{"damage":1.0,"enemies":"Transient","floor":46.0,"turns":5.0},{"damage":1.0,"enemies":"Jaw Worm Horde","floor":48.0,"turns":2.0},{"damage":6.0,"enemies":"Awakened One","floor":50.0,"turns":16.0},{"damage":19,"enemies":"Shield and Spear","floor":54,"turns":6},{"damage":80,"enemies":"The Heart","floor":55,"turns":3}],"seed_played":"-6317687301021757320","potions_obtained":[{"floor":1.0,"key":"EssenceOfDarkness"},{"floor":4.0,"key":"ColorlessPotion"},{"floor":6.0,"key":"Energy Potion"},{"floor":16.0,"key":"AttackPotion"}],"is_trial":false,"path_per_floor":["M","?","?","M","M","E","R","E","T","M","M","R","?","$","R","B",null,"M","?","?","M","?","E","M","R","T","E","M","R","$","M","R","B",null,"M","$","M","$","M","R","E","R","T","M","R","M","$","M","R","B",null,"R","$","E","B"],"character_chosen":"DEFECT","items_purchased":["Panacea","Self Repair","Coolheaded","Runic Capacitor","Defragment","Capacitor"],"campfire_rested":1,"item_purchase_floors":[14,14,14,36,38,47],"current_hp_per_floor":[64,64,64,64,64,59,59,23,23,16,8,29,29,44,44,39,63,66,66,66,66,66,42,32,32,32,39,46,46,61,68,68,65,70,71,71,71,71,40,40,47,47,47,38,38,44,59,58,58,62,69,69,71,59,0,0],"gold":47,"neow_bonus":"THREE_ENEMY_KILL","is_daily":false,"chose_seed":false,"campfire_upgraded":9,"win_rate":0.0,"timestamp":1613090023,"path_taken":["M","?","?","M","M","E","R","E","T","?","M","R","?","?","R","BOSS","M","?","?","M","?","E","M","R","T","E","M","R","$","M","R","BOSS","M","$","M","?","M","R","E","R","T","M","R","?","$","M","R","BOSS","R","$","E","BOSS"],"items_purchased_type":["Card","Card","Card","Relic","Card","Card"],"build_version":"2020-12-22","purchased_purges":5,"victory":false,"max_hp_per_floor":[71,71,71,71,71,71,71,71,71,71,71,71,71,71,71,71,71,71,71,71,71,71,71,71,71,71,71,71,71,71,71,71,71,71,71,71,71,71,71,71,71,71,71,71,71,71,71,71,71,71,71,71,71,71,71,71],"card_choices":[{"not_picked":["Undo","Rebound"],"picked":"Consume","floor":1.0},{"not_picked":["Chaos","Storm","Heatsinks"],"picked":"SKIP","floor":4.0},{"not_picked":["Reprogram","Go for the Eyes"],"picked":"Loop","floor":5.0},{"not_picked":["Chaos","Turbo"],"picked":"Biased Cognition","floor":6.0},{"not_picked":["Multi-Cast","Redo"],"picked":"Ball Lightning","floor":8.0},{"not_picked":["Double Energy","Turbo"],"picked":"Chill","floor":10.0},{"not_picked":["Reinforced Body","Rebound"],"picked":"Cold Snap","floor":11.0},{"not_picked":["Amplify","Creative AI"],"picked":"Electrodynamics","floor":16.0},{"not_picked":["Fusion+1","Gash"],"picked":"Sweeping Beam","floor":18.0},{"not_picked":["Compile Driver","Stack","Barrage"],"picked":"SKIP","floor":21.0},{"not_picked":["Hologram","Hyperbeam"],"picked":"Conserve Battery","floor":23.0},{"not_picked":["Hologram","Hello World"],"picked":"Recycle+1","floor":24.0},{"not_picked":["Cold Snap+1","Sweeping Beam"],"picked":"Defragment","floor":27.0},{"not_picked":["FTL","Doom and Gloom"],"picked":"Coolheaded+1","floor":28.0},{"not_picked":["Compile Driver","Storm","Cold Snap"],"picked":"SKIP","floor":31.0},{"not_picked":["Reboot","Fission"],"picked":"Multi-Cast","floor":33.0},{"not_picked":["Tempest+1","Steam","Storm"],"picked":"SKIP","floor":35.0},{"not_picked":["Tempest+1","Steam","Storm"],"picked":"SKIP","floor":35.0},{"not_picked":["Steam","Blizzard+1","Ball Lightning"],"picked":"SKIP","floor":37.0},{"not_picked":["Ball Lightning+1","Darkness+1","Go for the Eyes"],"picked":"SKIP","floor":39.0},{"not_picked":["Turbo","Self Repair","Melter"],"picked":"SKIP","floor":41.0},{"not_picked":["Chaos","Rip and Tear","Beam Cell"],"picked":"SKIP","floor":44.0},{"not_picked":["Coolheaded","Steam Power","BootSequence"],"picked":"SKIP","floor":46.0},{"not_picked":["Coolheaded","Beam Cell","Recycle"],"picked":"SKIP","floor":48.0},{"not_picked":["Blizzard+1","Cold Snap","Conserve Battery"],"picked":"SKIP","floor":54}],"player_experience":364353,"relics_obtained":[{"floor":6.0,"key":"Bag of Preparation"},{"floor":8.0,"key":"Letter Opener"},{"floor":9.0,"key":"MealTicket"},{"floor":23.0,"key":"Tiny Chest"},{"floor":26.0,"key":"Cables"},{"floor":27.0,"key":"Smiling Mask"},{"floor":41.0,"key":"Orichalcum"},{"floor":54,"key":"Centennial Puzzle"}],"event_choices":[{"damage_healed":0.0,"max_hp_gain":0.0,"max_hp_loss":0.0,"gold_gain":0.0,"event_name":"Liars Game","player_choice":"Ignored","floor":2.0,"gold_loss":0.0,"damage_taken":0.0},{"damage_healed":0.0,"max_hp_gain":0.0,"max_hp_loss":0.0,"gold_gain":0.0,"event_name":"Accursed Blacksmith","player_choice":"Rummage","floor":3.0,"gold_loss":0.0,"damage_taken":0.0,"relics_obtained":["WarpedTongs"],"cards_obtained":["Pain"]},{"damage_healed":0.0,"max_hp_gain":0.0,"max_hp_loss":0.0,"gold_gain":100.0,"event_name":"Golden Shrine","player_choice":"Pray","floor":13.0,"gold_loss":0.0,"damage_taken":0.0},{"damage_healed":0.0,"max_hp_gain":0.0,"max_hp_loss":0.0,"gold_gain":0.0,"event_name":"The Library","player_choice":"Read","floor":19.0,"gold_loss":0.0,"damage_taken":0.0,"cards_obtained":["Hologram"]},{"damage_healed":0.0,"max_hp_gain":0.0,"max_hp_loss":0.0,"gold_gain":99.0,"event_name":"Nest","player_choice":"Stole From Cult","floor":20.0,"gold_loss":0.0,"damage_taken":0.0},{"cards_removed":["Strike_B"],"damage_healed":0.0,"max_hp_gain":0.0,"max_hp_loss":0.0,"gold_gain":0.0,"event_name":"Designer","player_choice":"Upgrade and Remove","floor":22.0,"gold_loss":90.0,"damage_taken":0.0,"cards_upgraded":["Defend_B"]}],"is_beta":false,"boss_relics":[{"not_picked":["Ectoplasm","SlaversCollar"],"picked":"Sozu"},{"not_picked":["FrozenCore","Empty Cage"],"picked":"Astrolabe"}],"items_purged_floors":[14,30,36,38,53],"is_endless":false,"potions_floor_spawned":[1,4,6,16,18,28,31,39,46],"killed_by":"The Heart","ascension_level":14}}