{"host":"lx933ja015x1ub68","time":1613139972,"event":{"mods":["AchievementEnabler","BaseMod","Better Match","Better Third Choice","BetterRewards","Colored Map","Exacting","FTL Soundtrack","Minty Spire (QoL Compilation)","Shop Mod","StSLib"],"gold_per_floor":[109,174,209,228,248,280,280,280,305,305,319,333,361,390,390,487,487,500,500,500,520,555,555,636,671,671,671,689,689,689,709,709,810,810,826,150,161,161,5,32,32,65,65,93,93,93,108,108],"floor_reached":47,"language":"ENG","playtime":4164,"items_purged":[],"score":745,"play_id":"9dab44e5-3126-43d9-90ce-0e0f805aea37","local_time":"20210213012612","is_ascension_mode":true,"campfire_choices":[{"floor":7.0,"key":"REST"},{"data":"Apotheosis","floor":10.0,"key":"SMITH"},{"floor":15.0,"key":"RECALL"},{"data":"Sunder","floor":23.0,"key":"SMITH"},{"data":"Turbo","floor":27.0,"key":"SMITH"},{"data":"Buffer","floor":29.0,"key":"SMITH"},{"data":"Creative AI","floor":32.0,"key":"SMITH"},{"data":"Zap","floor":41.0,"key":"SMITH"},{"data":"Tempest","floor":45.0,"key":"SMITH"}],"circlet_count":0,"master_deck":["Strike_B","Strike_B","Strike_B","Strike_B","Defend_B","Defend_B","Defend_B","Defend_B","Zap+1","Dualcast","Tempest+1","Stack","Apotheosis+1","Gash","Streamline","Panache","Conserve Battery","Sunder+1","Double Energy+1","Skim","Barrage","Cold Snap+1","Turbo+1","Redo","Beam Cell+1","Ball Lightning","Buffer+1","Stack","Necronomicurse","Melter+1","Turbo","Aggregate","Double Energy+1","Creative AI+1","Double Energy+1","Buffer","Self Repair+1","Conserve Battery+1","Capacitor+1","Madness+1","Madness+1","Barrage","Double Energy+1","Ball Lightning+1"],"relics":["Cracked Core","ClockworkSouvenir","MealTicket","Eternal Feather","MerchantsRug","CaptainsWheel","Mummified Hand","Pantograph","PreservedInsect","Bag of Marbles","Dream Catcher","Regal Pillow","Letter Opener","Odd Mushroom","Smiling Mask","Nuclear Battery","Necronomicon","Red Mask","Mercury Hourglass","Ornamental Fan","Toxic Egg 2","SlaversCollar","Bottled Lightning","HornCleat","Lee\u0027s Waffle","Blood Vial","Bottled Tornado","Whetstone","Ancient Tea Set"],"acts_visited":["Exordium","TheCity","TheBeyond"],"potions_floor_usage":[47],"damage_taken":[{"damage":6.0,"enemies":"Jaw Worm","floor":1.0,"turns":2.0},{"damage":2.0,"enemies":"2 Louse","floor":3.0,"turns":2.0},{"damage":1.0,"enemies":"Cultist","floor":4.0,"turns":3.0},{"damage":2.0,"enemies":"2 Fungi Beasts","floor":5.0,"turns":3.0},{"damage":0.0,"enemies":"3 Sentries","floor":6.0,"turns":3.0},{"damage":4.0,"enemies":"Looter","floor":11.0,"turns":3.0},{"damage":14.0,"enemies":"3 Louse","floor":12.0,"turns":3.0},{"damage":0.0,"enemies":"The Mushroom Lair","floor":13.0,"turns":2.0},{"damage":0.0,"enemies":"Gremlin Nob","floor":14.0,"turns":3.0},{"damage":16.0,"enemies":"The Guardian","floor":16.0,"turns":9.0},{"damage":0.0,"enemies":"Spheric Guardian","floor":18.0,"turns":3.0},{"damage":10.0,"enemies":"2 Thieves","floor":21.0,"turns":4.0},{"damage":19.0,"enemies":"Masked Bandits","floor":22.0,"turns":4.0},{"damage":16.0,"enemies":"Slavers","floor":25.0,"turns":3.0},{"damage":6.0,"enemies":"Cultist and Chosen","floor":28.0,"turns":3.0},{"damage":0.0,"enemies":"Centurion and Healer","floor":31.0,"turns":4.0},{"damage":32.0,"enemies":"Automaton","floor":33.0,"turns":10.0},{"damage":9.0,"enemies":"3 Darklings","floor":35.0,"turns":5.0},{"damage":0.0,"enemies":"3 Shapes","floor":37.0,"turns":3.0},{"damage":12.0,"enemies":"Giant Head","floor":40.0,"turns":8.0},{"damage":8.0,"enemies":"Reptomancer","floor":42.0,"turns":3.0},{"damage":0.0,"enemies":"Nemesis","floor":44.0,"turns":5.0},{"damage":91,"enemies":"Awakened One","floor":47,"turns":12}],"seed_played":"-88446327898597508","potions_obtained":[{"floor":4.0,"key":"Block Potion"},{"floor":13.0,"key":"Weak Potion"},{"floor":16.0,"key":"LiquidBronze"},{"floor":21.0,"key":"FearPotion"},{"floor":25.0,"key":"DuplicationPotion"},{"floor":28.0,"key":"DistilledChaos"},{"floor":33.0,"key":"SkillPotion"},{"floor":40.0,"key":"Weak Potion"},{"floor":42.0,"key":"PowerPotion"},{"floor":44.0,"key":"Block Potion"}],"is_trial":false,"path_per_floor":["M","?","M","M","M","E","R","?","T","R","M","M","?","E","R","B",null,"M","?","?","M","?","R","T","E","T","R","M","R","?","M","R","B",null,"M","$","M","?","$","E","R","E","T","E","R","?","B"],"character_chosen":"DEFECT","items_purchased":["ClockworkSouvenir","MealTicket","Eternal Feather","Tempest","Stack","MerchantsRug","Swift Potion","SkillPotion","Regen Potion","Apotheosis","Gash","Mummified Hand","Pantograph","Panache","PreservedInsect","Bag of Marbles","Bottled Lightning","HornCleat","Lee\u0027s Waffle","Conserve Battery+1","Blood Vial"],"campfire_rested":1,"item_purchase_floors":[0,0,0,0,0,0,0,0,0,0,0,0,0,0,0,0,36,36,36,36,39],"current_hp_per_floor":[29,29,27,26,24,33,67,67,67,75,71,57,57,57,72,59,75,75,59,59,60,41,59,59,43,43,61,55,73,73,73,75,43,75,66,82,82,72,82,80,82,74,74,82,82,82,0,0],"gold":108,"neow_bonus":"","is_daily":false,"chose_seed":false,"campfire_upgraded":7,"win_rate":0.0,"timestamp":1613139972,"path_taken":["M","?","M","M","M","E","R","?","T","R","M","?","?","E","R","BOSS","M","?","?","M","?","R","?","E","T","R","M","R","?","?","R","BOSS","M","$","M","?","?","E","R","E","T","E","R","?","BOSS"],"items_purchased_type":["Relic","Relic","Relic","Card","Card","Relic","Potion","Potion","Potion","Card","Card","Relic","Relic","Card","Relic","Relic","Relic","Relic","Relic","Card","Relic"],"build_version":"2020-12-22","purchased_purges":0,"victory":false,"max_hp_per_floor":[75,75,75,75,75,75,75,75,75,75,75,75,75,75,75,75,75,75,75,75,75,75,75,75,75,75,75,75,75,75,75,75,75,75,75,82,82,82,82,82,82,82,82,82,82,82,82,82],"card_choices":[{"not_picked":["Heatsinks","Self Repair"],"picked":"Conserve Battery","floor":1.0},{"not_picked":["Streamline","Stack"],"picked":"Sunder","floor":3.0},{"not_picked":["Leap","Blizzard"],"picked":"Double Energy","floor":4.0},{"not_picked":["Stack","Conserve Battery"],"picked":"Skim","floor":5.0},{"not_picked":["Steam","Hologram"],"picked":"Barrage","floor":6.0},{"not_picked":["Leap","Steam"],"picked":"Cold Snap","floor":7.0},{"not_picked":["Storm","Compile Driver"],"picked":"Turbo","floor":11.0},{"not_picked":["Rip and Tear","Creative AI"],"picked":"Redo","floor":12.0},{"not_picked":["Streamline","Hologram"],"picked":"Beam Cell","floor":13.0},{"not_picked":["Darkness","Compile Driver"],"picked":"Ball Lightning","floor":14.0},{"not_picked":["Machine Learning","Thunder Strike"],"picked":"Buffer","floor":16.0},{"not_picked":["Blizzard","Beam Cell"],"picked":"Stack","floor":18.0},{"not_picked":["Cold Snap","Barrage"],"picked":"Melter+1","floor":21.0},{"not_picked":["Sweeping Beam","Steam"],"picked":"Turbo","floor":22.0},{"not_picked":["Go for the Eyes+1","Coolheaded+1"],"picked":"Aggregate","floor":25.0},{"not_picked":["Redo+1","Streamline+1"],"picked":"Double Energy+1","floor":28.0},{"not_picked":["Reinforced Body+1","Cold Snap+1"],"picked":"Double Energy+1","floor":31.0},{"not_picked":["All For One","Machine Learning"],"picked":"Buffer","floor":33.0},{"not_picked":["FTL+1","Heatsinks"],"picked":"Self Repair+1","floor":35.0},{"not_picked":["Cold Snap","Hologram+1"],"picked":"Capacitor+1","floor":37.0},{"not_picked":["Rebound+1","Thunder Strike"],"picked":"Barrage","floor":40.0},{"not_picked":["Coolheaded+1","Chaos+1"],"picked":"Double Energy+1","floor":42.0},{"not_picked":["Hyperbeam","Sunder"],"picked":"Ball Lightning+1","floor":44.0}],"player_experience":74574,"relics_obtained":[{"floor":6.0,"key":"Dream Catcher"},{"floor":9.0,"key":"Regal Pillow"},{"floor":12.0,"key":"Letter Opener"},{"floor":13.0,"key":"Odd Mushroom"},{"floor":14.0,"key":"Smiling Mask"},{"floor":19.0,"key":"Necronomicon"},{"floor":22.0,"key":"Red Mask"},{"floor":24.0,"key":"Mercury Hourglass"},{"floor":25.0,"key":"Ornamental Fan"},{"floor":26.0,"key":"Toxic Egg 2"},{"floor":40.0,"key":"Bottled Tornado"},{"floor":42.0,"key":"Whetstone"},{"floor":44.0,"key":"Ancient Tea Set"}],"event_choices":[{"damage_healed":0.0,"max_hp_gain":0.0,"max_hp_loss":0.0,"gold_gain":65.0,"event_name":"Golden Wing","player_choice":"Gained Gold","floor":2.0,"gold_loss":0.0,"damage_taken":0.0},{"damage_healed":0.0,"max_hp_gain":0.0,"max_hp_loss":0.0,"gold_gain":0.0,"event_name":"Upgrade Shrine","player_choice":"Upgraded","floor":8.0,"gold_loss":0.0,"damage_taken":0.0,"cards_upgraded":["Double Energy"]},{"damage_healed":0.0,"max_hp_gain":0.0,"max_hp_loss":0.0,"gold_gain":0.0,"event_name":"Mushrooms","player_choice":"Fought Mushrooms","floor":13.0,"gold_loss":0.0,"damage_taken":0.0},{"damage_healed":0.0,"max_hp_gain":0.0,"max_hp_loss":0.0,"gold_gain":0.0,"event_name":"Cursed Tome","player_choice":"Obtained Book","floor":19.0,"gold_loss":0.0,"damage_taken":16.0},{"damage_healed":0.0,"max_hp_gain":0.0,"max_hp_loss":0.0,"gold_gain":0.0,"event_name":"Beggar","player_choice":"Ignored","floor":20.0,"gold_loss":0.0,"damage_taken":0.0},{"damage_healed":0.0,"max_hp_gain":0.0,"max_hp_loss":0.0,"gold_gain":0.0,"event_name":"Masked Bandits","player_choice":"Fought Bandits","floor":22.0,"gold_loss":0.0,"damage_taken":0.0},{"damage_healed":0.0,"max_hp_gain":0.0,"max_hp_loss":0.0,"gold_gain":0.0,"event_name":"The Library","player_choice":"Read","floor":30.0,"gold_loss":0.0,"damage_taken":0.0,"cards_obtained":["Creative AI"]},{"damage_healed":0.0,"max_hp_gain":0.0,"max_hp_loss":0.0,"gold_gain":0.0,"event_name":"Winding Halls","player_choice":"Embrace Madness","floor":38.0,"gold_loss":0.0,"damage_taken":10.0,"cards_obtained":["Madness","Madness"]},{"damage_healed":0.0,"max_hp_gain":0.0,"max_hp_loss":0.0,"gold_gain":0.0,"event_name":"betterThird:BetterPortal","player_choice":"Portal","floor":46.0,"gold_loss":0.0,"damage_taken":0.0}],"is_beta":false,"boss_relics":[{"not_picked":["Runic Dome","Black Star"],"picked":"Nuclear Battery"},{"not_picked":["Tiny House","Sozu"],"picked":"SlaversCollar"}],"items_purged_floors":[],"is_endless":false,"potions_floor_spawned":[3,4,13,16,21,25,28,33,40,44],"killed_by":"Awakened One","ascension_level":1}}