{"host":"qlznacst95ifd6w5","time":1613108671,"event":{"mods":["2.2 Compatiblity","AchievementEnabler","BaseMod","Bestiary","Block Reminder","Colored Map","Curses Come First","DeckTracker","Highlight Path","Minty Spire (QoL Compilation)","Permanent Neow","Relic Sorter","Relic Stats","StSLib","Together in Spire"],"gold_per_floor":[109,125,141,152,167,167,201,201,228,256,268,268,283,358,358,460,460,472,387,239,239,259,293,293,323,323,323,338,370,390,404,404,501,501,520,520,520,520,43,69,69,85,85,101,121,121,146,159,159,159],"floor_reached":51,"language":"ENG","playtime":1400,"items_purged":["Strike_R","Clumsy"],"score":1029,"play_id":"b9d5c0eb-9017-49de-86eb-a3a517a62f66","local_time":"20210212004431","is_ascension_mode":false,"campfire_choices":[{"data":"Whirlwind","floor":6,"key":"SMITH"},{"data":"Uppercut","floor":8,"key":"SMITH"},{"data":"Bloodletting","floor":15,"key":"SMITH"},{"data":"Seeing Red","floor":24,"key":"SMITH"},{"data":"Burning Pact","floor":27,"key":"SMITH"},{"data":"Impervious","floor":32,"key":"SMITH"},{"data":"Shrug It Off","floor":41,"key":"SMITH"},{"data":"Warcry","floor":46,"key":"SMITH"},{"data":"Bash","floor":49,"key":"SMITH"}],"circlet_count":0,"master_deck":["Strike_R","Strike_R","Strike_R","Defend_R","Defend_R","Defend_R","Defend_R","Bash+1","Uppercut+1","Whirlwind+1","Feed","Feel No Pain+1","Shrug It Off+1","Impervious+1","Warcry+1","Bloodletting+1","Feed","Burning Pact+1","Flex+1","Seeing Red+1","Flex+1","Impervious+1","Impervious+1","Flex+1","True Grit+1","Armaments+1","Seeing Red+1","Decay","Battle Trance+1"],"relics":["Burning Blood","Toxic Egg 2","Frozen Egg 2","Molten Egg 2","Bag of Marbles","PreservedInsect","Pen Nib","Lantern","Cursed Key","Bag of Preparation","Magic Flower","Sundial","Sozu","Membership Card","Red Skull","Pear","Regal Pillow","Self Forming Clay"],"acts_visited":["Exordium","TheCity","TheBeyond"],"potions_floor_usage":[16,33,33,33,50],"damage_taken":[{"damage":0,"enemies":"Cultist","floor":1,"turns":2},{"damage":0,"enemies":"Jaw Worm","floor":2,"turns":1},{"damage":0,"enemies":"2 Louse","floor":3,"turns":2},{"damage":0,"enemies":"Looter","floor":4,"turns":1},{"damage":0,"enemies":"Lots of Slimes","floor":5,"turns":1},{"damage":18,"enemies":"3 Sentries","floor":7,"turns":3},{"damage":0,"enemies":"Gremlin Nob","floor":10,"turns":2},{"damage":0,"enemies":"Large Slime","floor":11,"turns":1},{"damage":0,"enemies":"2 Fungi Beasts","floor":13,"turns":2},{"damage":0,"enemies":"Slime Boss","floor":16,"turns":3},{"damage":0,"enemies":"Chosen","floor":18,"turns":2},{"damage":3,"enemies":"Shell Parasite","floor":22,"turns":1},{"damage":5,"enemies":"Book of Stabbing","floor":23,"turns":2},{"damage":0,"enemies":"Gremlin Leader","floor":25,"turns":1},{"damage":3,"enemies":"Snecko","floor":28,"turns":1},{"damage":3,"enemies":"Slavers","floor":29,"turns":2},{"damage":0,"enemies":"Snake Plant","floor":30,"turns":1},{"damage":0,"enemies":"Chosen and Byrds","floor":31,"turns":2},{"damage":0,"enemies":"Collector","floor":33,"turns":2},{"damage":0,"enemies":"3 Darklings","floor":35,"turns":1},{"damage":0,"enemies":"Nemesis","floor":40,"turns":2},{"damage":0,"enemies":"3 Shapes","floor":42,"turns":2},{"damage":3,"enemies":"3 Darklings","floor":44,"turns":1},{"damage":0,"enemies":"Jaw Worm Horde","floor":45,"turns":1},{"damage":4,"enemies":"Giant Head","floor":47,"turns":3},{"damage":3,"enemies":"Spire Growth","floor":48,"turns":1},{"damage":15,"enemies":"Time Eater","floor":50,"turns":6}],"seed_played":"7482229749290548819","potions_obtained":[{"floor":2,"key":"AttackPotion"},{"floor":3,"key":"PowerPotion"},{"floor":11,"key":"SteroidPotion"},{"floor":16,"key":"LiquidMemories"},{"floor":25,"key":"Energy Potion"},{"floor":31,"key":"Strength Potion"},{"floor":33,"key":"Explosive Potion"}],"is_trial":false,"path_per_floor":["M","M","M","M","M","R","E","R","T","E","M","T","M","?","R","B",null,"M","?","$","?","M","E","R","E","T","R","M","E","M","M","R","B",null,"M","?","?","?","$","E","R","M","T","M","M","R","E","M","R","B",null],"character_chosen":"IRONCLAD","items_purchased":["Burning Pact","Flex+1","Membership Card","Red Skull","Pear","True Grit+1"],"campfire_rested":0,"item_purchase_floors":[20,39,39,39,39,39],"current_hp_per_floor":[88,88,88,88,88,88,79,79,79,85,91,91,94,83,83,89,94,97,97,97,97,97,97,97,97,97,97,97,97,97,97,97,97,97,97,97,97,97,107,107,107,110,110,110,113,113,113,113,113,107],"gold":159,"neow_bonus":"TEN_PERCENT_HP_BONUS","is_daily":false,"chose_seed":false,"campfire_upgraded":9,"win_rate":0.0,"timestamp":1613108671,"path_taken":["M","M","M","M","?","R","E","R","T","E","M","?","M","?","R","BOSS","M","?","$","?","M","E","R","E","T","R","M","E","M","?","R","BOSS","M","?","?","?","$","E","R","?","T","M","?","R","E","M","R","BOSS"],"items_purchased_type":["Card","Card","Relic","Relic","Relic","Card"],"build_version":"2020-12-22","purchased_purges":2,"victory":true,"max_hp_per_floor":[88,88,88,88,88,88,91,91,91,91,91,91,94,94,94,94,94,97,97,97,97,97,97,97,97,97,97,97,97,97,97,97,97,97,97,97,97,97,107,107,107,110,110,110,113,113,113,113,113,113],"relic_stats":{"Sozu":2,"Regal Pillow":0,"counters":[27,49],"Sundial":[0],"Self Forming Clay":[6],"Magic Flower":[3],"PreservedInsect":318,"Pen Nib":[6],"Bag of Preparation":[32],"Cursed Key":2,"obtain_stats":[{"Lantern":12,"Regal Pillow":40,"Pear":39,"Self Forming Clay":43,"Magic Flower":26,"PreservedInsect":9,"Pen Nib":10,"Bag of Preparation":19,"Frozen Egg 2":47,"Cursed Key":17,"Burning Blood":0,"Sozu":34,"Sundial":29,"Molten Egg 2":23,"Bag of Marbles":7,"Membership Card":39,"Toxic Egg 2":25,"Red Skull":39},{"Lantern":8,"Regal Pillow":21,"Pear":20,"Self Forming Clay":22,"Magic Flower":14,"PreservedInsect":6,"Pen Nib":7,"Bag of Preparation":11,"Frozen Egg 2":25,"Cursed Key":10,"Burning Blood":0,"Sozu":19,"Sundial":16,"Molten Egg 2":13,"Bag of Marbles":6,"Membership Card":20,"Toxic Egg 2":14,"Red Skull":20},{"Lantern":13,"Regal Pillow":35,"Pear":33,"Self Forming Clay":37,"Magic Flower":24,"PreservedInsect":10,"Pen Nib":12,"Bag of Preparation":20,"Frozen Egg 2":42,"Cursed Key":18,"Burning Blood":0,"Sozu":32,"Sundial":27,"Molten Egg 2":23,"Bag of Marbles":10,"Membership Card":33,"Toxic Egg 2":24,"Red Skull":33}],"Burning Blood":57},"card_choices":[{"not_picked":["Heavy Blade","Ghostly Armor"],"picked":"Uppercut","floor":1},{"not_picked":["Flex","Twin Strike"],"picked":"Whirlwind","floor":2},{"not_picked":["Body Slam","Warcry"],"picked":"Feed","floor":3},{"not_picked":["Headbutt","Clash","Warcry"],"picked":"SKIP","floor":4},{"not_picked":["Pommel Strike","Warcry"],"picked":"Feel No Pain","floor":5},{"not_picked":["Clothesline","Rage"],"picked":"Shrug It Off","floor":7},{"not_picked":["Demon Form","Hemokinesis"],"picked":"Impervious","floor":10},{"not_picked":["Clothesline","Combust"],"picked":"Warcry","floor":11},{"not_picked":["Pummel","Sword Boomerang"],"picked":"Bloodletting","floor":13},{"not_picked":["Demon Form","Bludgeon"],"picked":"Feed","floor":16},{"not_picked":["Perfected Strike+1","Heavy Blade+1","Anger"],"picked":"SKIP","floor":18},{"not_picked":["Cleave","Power Through"],"picked":"Flex+1","floor":22},{"not_picked":["Reckless Charge+1","Twin Strike+1"],"picked":"Seeing Red","floor":23},{"not_picked":["Feel No Pain","Heavy Blade+1","Iron Wave+1"],"picked":"SKIP","floor":25},{"not_picked":["Rage+1","Body Slam+1"],"picked":"Flex+1","floor":28},{"not_picked":["Hemokinesis+1","Bludgeon+1"],"picked":"Impervious+1","floor":29},{"not_picked":["Heavy Blade+1","Headbutt+1","Second Wind+1"],"picked":"SKIP","floor":30},{"not_picked":["Anger+1","Entrench+1","Dark Embrace"],"picked":"SKIP","floor":31},{"not_picked":["Brutality","Bludgeon+1"],"picked":"Impervious+1","floor":33},{"not_picked":["Iron Wave+1","Sever Soul+1","Flame Barrier+1"],"picked":"SKIP","floor":35},{"not_picked":["Clash+1","Second Wind+1"],"picked":"Armaments+1","floor":40},{"not_picked":["Perfected Strike+1","Body Slam+1"],"picked":"Seeing Red+1","floor":42},{"not_picked":["Uppercut+1","Iron Wave+1"],"picked":"Battle Trance+1","floor":44},{"not_picked":["Power Through+1","Perfected Strike+1","Twin Strike+1"],"picked":"SKIP","floor":45},{"not_picked":["Searing Blow+1","Rupture+1","Shrug It Off+1"],"picked":"SKIP","floor":47},{"not_picked":["Warcry+1","Armaments+1","Clothesline+1"],"picked":"SKIP","floor":48}],"player_experience":7128,"relics_obtained":[{"floor":7,"key":"Bag of Marbles"},{"floor":9,"key":"PreservedInsect"},{"floor":10,"key":"Pen Nib"},{"floor":12,"key":"Lantern"},{"floor":23,"key":"Molten Egg 2"},{"floor":25,"key":"Toxic Egg 2"},{"floor":26,"key":"Magic Flower"},{"floor":29,"key":"Sundial"},{"floor":40,"key":"Regal Pillow"},{"floor":43,"key":"Self Forming Clay"},{"floor":47,"key":"Frozen Egg 2"}],"event_choices":[{"damage_healed":0,"gold_gain":75,"player_choice":"Gather Gold","damage_taken":11,"max_hp_gain":0,"max_hp_loss":0,"event_name":"World of Goop","floor":14,"gold_loss":0},{"damage_healed":0,"gold_gain":0,"player_choice":"Obtained Relic","damage_taken":0,"relics_obtained":["Bag of Preparation"],"max_hp_gain":0,"max_hp_loss":0,"event_name":"Addict","floor":19,"gold_loss":85},{"damage_healed":0,"gold_gain":0,"player_choice":"Ignored","damage_taken":0,"max_hp_gain":0,"max_hp_loss":0,"event_name":"NoteForYourself","floor":21,"gold_loss":0},{"cards_removed":["Strike_R"],"damage_healed":0,"gold_gain":0,"player_choice":"Removed Attack","damage_taken":0,"max_hp_gain":0,"max_hp_loss":0,"event_name":"Falling","floor":36,"gold_loss":0},{"damage_healed":0,"gold_gain":0,"player_choice":"Memory 1","damage_taken":0,"max_hp_gain":0,"max_hp_loss":0,"event_name":"SensoryStone","floor":37,"gold_loss":0},{"damage_healed":0,"gold_gain":0,"player_choice":"Forge","damage_taken":0,"max_hp_gain":0,"max_hp_loss":0,"event_name":"Accursed Blacksmith","floor":38,"gold_loss":0,"cards_upgraded":["Feel No Pain"]}],"is_beta":false,"boss_relics":[{"not_picked":["Philosopher\u0027s Stone","SacredBark"],"picked":"Cursed Key"},{"not_picked":["Mark of Pain","Calling Bell"],"picked":"Sozu"}],"items_purged_floors":[20,39],"is_endless":false,"potions_floor_spawned":[2,3,11,16,23,25,30,31,33,35,40,44],"ascension_level":0}}