{"host":"rykcscnxwcosqdkz","time":1613146281,"event":{"mods":["BaseMod","Conspire","DeckTracker","Ekko","GifTheSpireLib","Hubris","Infinite Spire","Minty Spire (QoL Compilation)","Reliquary","Replay The Spire","StSLib","Stuff the Spire"],"gold_per_floor":[112,112,112,112,131,163,163,60,83,83,83,93,112,131,131,236,236,255,180,160,176,176,176,209,221,221,258,278,297,297,323,323,421,521,535,550,550,565,583,583,593,409,457,469,430,430,460,460,460,460],"floor_reached":51,"language":"ENG","playtime":2937,"items_purged":[],"score":942,"play_id":"c3ee2705-d63f-43f0-b454-77c6e0620248","local_time":"20210212171121","is_ascension_mode":false,"campfire_choices":[{"data":"ekkoTheBoyWhoShatteredTime:NeedlesslyLargeRod","floor":7,"key":"SMITH"},{"data":"ekkoTheBoyWhoShatteredTime:NeedlesslyLargeRod","floor":10,"key":"SMITH"},{"data":"ekkoTheBoyWhoShatteredTime:TimeMaster","floor":15,"key":"SMITH"},{"data":"ekkoTheBoyWhoShatteredTime:Dash","floor":23,"key":"SMITH"},{"data":"ekkoTheBoyWhoShatteredTime:Periocharge","floor":32,"key":"SMITH"},{"data":"ekkoTheBoyWhoShatteredTime:Playful","floor":40,"key":"SMITH"},{"data":"Metamorphosis","floor":44,"key":"SMITH"},{"data":"ekkoTheBoyWhoShatteredTime:Periocharge","floor":46,"key":"SMITH"},{"data":"ekkoTheBoyWhoShatteredTime:SneakHit","floor":49,"key":"SMITH"}],"circlet_count":0,"master_deck":["ekkoTheBoyWhoShatteredTime:Defend","ekkoTheBoyWhoShatteredTime:Defend","ekkoTheBoyWhoShatteredTime:Defend","ekkoTheBoyWhoShatteredTime:Defend","ekkoTheBoyWhoShatteredTime:TimeMaster+1","ekkoTheBoyWhoShatteredTime:Powered","ekkoTheBoyWhoShatteredTime:WideSlice","ekkoTheBoyWhoShatteredTime:NeedlesslyLargeRod+1","ekkoTheBoyWhoShatteredTime:Leap","ekkoTheBoyWhoShatteredTime:PlayTheBeat+1","ekkoTheBoyWhoShatteredTime:NeedlesslyLargeRod+1","ekkoTheBoyWhoShatteredTime:Periocharge+1","ekkoTheBoyWhoShatteredTime:Unchained","ekkoTheBoyWhoShatteredTime:HextechProtobelt","ekkoTheBoyWhoShatteredTime:URF","ekkoTheBoyWhoShatteredTime:Dash+1","ekkoTheBoyWhoShatteredTime:FeelIt","ekkoTheBoyWhoShatteredTime:SneakHit+1","ekkoTheBoyWhoShatteredTime:FeelIt","ekkoTheBoyWhoShatteredTime:Periocharge+1","ekkoTheBoyWhoShatteredTime:Playful+1","ekkoTheBoyWhoShatteredTime:PulsefirePooling","ekkoTheBoyWhoShatteredTime:NaggingBlow","Metamorphosis+1","ekkoTheBoyWhoShatteredTime:NaggingBlow"],"relics":["ekkoTheBoyWhoShatteredTime:zDriveResonance","NeowsBlessing","Pen Nib","StuffTheSpire:HeavyRock","Empty Cage","hubris:BottledHeart","infinitespire:Broken Mirror","Garlic","Bag of Marbles","MutagenicStrength","Blood Vial","Replay:Wanted Poster","MawBank","hubris:GlazedTorus","Busted Crown"],"acts_visited":["Exordium","TheCity","TheBeyond"],"potions_floor_usage":[16,16,20,28,50,50],"damage_taken":[{"damage":0,"enemies":"Jaw Worm","floor":1,"turns":1},{"damage":0,"enemies":"Cultist","floor":5,"turns":1},{"damage":0,"enemies":"Gremlin Nob","floor":6,"turns":1},{"damage":0,"enemies":"Small Slimes","floor":12,"turns":3},{"damage":0,"enemies":"conspire:2 RoseBushes","floor":13,"turns":4},{"damage":9,"enemies":"Gremlin Gang","floor":14,"turns":4},{"damage":13,"enemies":"Hexaghost","floor":16,"turns":5},{"damage":0,"enemies":"3 Byrds","floor":18,"turns":4},{"damage":12,"enemies":"2 Thieves","floor":20,"turns":4},{"damage":34,"enemies":"3 Cultists","floor":21,"turns":5},{"damage":0,"enemies":"Gremlin Leader","floor":24,"turns":10},{"damage":0,"enemies":"Sentry and Sphere","floor":25,"turns":5},{"damage":0,"enemies":"conspire:MimicChest","floor":27,"turns":6},{"damage":0,"enemies":"Snake Plant","floor":28,"turns":3},{"damage":0,"enemies":"Centurion and Healer","floor":29,"turns":4},{"damage":0,"enemies":"Replay:Snechameleon","floor":31,"turns":4},{"damage":0,"enemies":"Automaton","floor":33,"turns":6},{"damage":0,"enemies":"Orb Walker","floor":35,"turns":2},{"damage":0,"enemies":"3 Shapes","floor":36,"turns":5},{"damage":0,"enemies":"Writhing Mass","floor":38,"turns":2},{"damage":0,"enemies":"Transient","floor":39,"turns":5},{"damage":0,"enemies":"4 Shapes","floor":41,"turns":3},{"damage":0,"enemies":"Giant Head","floor":47,"turns":5},{"damage":0,"enemies":"hubris:GrandSnecko","floor":50,"turns":4}],"seed_played":"7497465543107190992","potions_obtained":[{"floor":5,"key":"Block Potion"},{"floor":6,"key":"Elixir"},{"floor":12,"key":"SteroidPotion"},{"floor":18,"key":"Adrenaline Potion"},{"floor":24,"key":"Weak Potion"},{"floor":27,"key":"Reflective Coating"},{"floor":33,"key":"Explosive Potion"}],"is_trial":false,"path_per_floor":["M","?","?","?","M","E","R","$","T","R","?","M","M","M","R","B",null,"M","?","M","M","?","R","E","M","T","?","M","M","?","E","R","B",null,"M","M","?","M","M","R","M","$","T","R","$","R","E","AVR","R","B",null],"character_chosen":"EKKO_THE_BOY_WHO_SHATTERED_TIME","items_purchased":["ekkoTheBoyWhoShatteredTime:PlayTheBeat+1","ekkoTheBoyWhoShatteredTime:NeedlesslyLargeRod","Metamorphosis","ekkoTheBoyWhoShatteredTime:NaggingBlow"],"campfire_rested":0,"item_purchase_floors":[8,8,42,45],"current_hp_per_floor":[78,78,78,78,78,78,78,78,78,78,78,78,78,69,69,56,78,78,78,66,32,1,1,1,1,1,1,1,1,1,1,1,1,1,1,1,1,1,1,1,1,1,1,1,1,1,1,1,1,1],"gold":460,"neow_bonus":"THREE_ENEMY_KILL","is_daily":false,"chose_seed":false,"campfire_upgraded":9,"win_rate":0.0,"timestamp":1613146281,"path_taken":["M","?","?","?","?","E","R","$","T","R","?","?","?","?","R","BOSS","M","?","M","M","?","R","E","M","T","?","M","?","?","E","R","BOSS","M","M","?","?","M","R","M","$","T","R","$","R","E","AVR","R","BOSS"],"items_purchased_type":["Card","Card","Card","Card"],"build_version":"2020-12-22","purchased_purges":0,"victory":true,"max_hp_per_floor":[78,78,78,78,78,78,78,78,78,78,78,78,78,78,78,78,78,78,78,78,78,1,1,1,1,1,1,1,1,1,1,1,1,1,1,1,1,1,1,1,1,1,1,1,1,1,1,1,1,1],"card_choices":[{"not_picked":["ekkoTheBoyWhoShatteredTime:WaitForKeyTiming","ekkoTheBoyWhoShatteredTime:Disturblast"],"picked":"ekkoTheBoyWhoShatteredTime:WideSlice","floor":1},{"not_picked":["ekkoTheBoyWhoShatteredTime:DefensiveStance","ekkoTheBoyWhoShatteredTime:AfterimageSetup"],"picked":"ekkoTheBoyWhoShatteredTime:NeedlesslyLargeRod","floor":5},{"not_picked":["ekkoTheBoyWhoShatteredTime:QuickBreak","ekkoTheBoyWhoShatteredTime:HauntedAfterimage"],"picked":"ekkoTheBoyWhoShatteredTime:Leap","floor":6},{"not_picked":["ekkoTheBoyWhoShatteredTime:AfterimageSetup","ekkoTheBoyWhoShatteredTime:AfterimageTimeWrap","ekkoTheBoyWhoShatteredTime:SpHit"],"picked":"SKIP","floor":12},{"not_picked":["ekkoTheBoyWhoShatteredTime:AfterimageTease","ekkoTheBoyWhoShatteredTime:SneakHit"],"picked":"ekkoTheBoyWhoShatteredTime:Unchained","floor":13},{"not_picked":["ekkoTheBoyWhoShatteredTime:NaggingBlow","ekkoTheBoyWhoShatteredTime:TimeRecall"],"picked":"ekkoTheBoyWhoShatteredTime:HextechProtobelt","floor":14},{"not_picked":["ekkoTheBoyWhoShatteredTime:Periocharge","ekkoTheBoyWhoShatteredTime:TrickOrTreatTrend"],"picked":"ekkoTheBoyWhoShatteredTime:URF","floor":16},{"not_picked":["ekkoTheBoyWhoShatteredTime:QuickBreak+1","ekkoTheBoyWhoShatteredTime:FluidEnergy"],"picked":"ekkoTheBoyWhoShatteredTime:Dash","floor":18},{"not_picked":["ekkoTheBoyWhoShatteredTime:NashorsTooth","ekkoTheBoyWhoShatteredTime:AfterimageTease","ekkoTheBoyWhoShatteredTime:CalmingWaves"],"picked":"SKIP","floor":20},{"not_picked":["ekkoTheBoyWhoShatteredTime:SpHit","ekkoTheBoyWhoShatteredTime:FeelIt","ekkoTheBoyWhoShatteredTime:CommittedStrike"],"picked":"SKIP","floor":21},{"not_picked":["ekkoTheBoyWhoShatteredTime:MicCheck","ekkoTheBoyWhoShatteredTime:Overflow"],"picked":"ekkoTheBoyWhoShatteredTime:FeelIt","floor":24},{"not_picked":["ekkoTheBoyWhoShatteredTime:NeedlesslyLargeRod","ekkoTheBoyWhoShatteredTime:Disturblast"],"picked":"ekkoTheBoyWhoShatteredTime:SneakHit","floor":25},{"not_picked":["ekkoTheBoyWhoShatteredTime:WaitForKeyTiming","ekkoTheBoyWhoShatteredTime:PhaseDive"],"picked":"ekkoTheBoyWhoShatteredTime:FeelIt","floor":27},{"not_picked":["ekkoTheBoyWhoShatteredTime:AfterimageTease","ekkoTheBoyWhoShatteredTime:AfterimageHit+1","ekkoTheBoyWhoShatteredTime:Dash+1"],"picked":"SKIP","floor":28},{"not_picked":["ekkoTheBoyWhoShatteredTime:Dash","ekkoTheBoyWhoShatteredTime:AfterimageHit+1","ekkoTheBoyWhoShatteredTime:DelayedWork"],"picked":"SKIP","floor":29},{"not_picked":["ekkoTheBoyWhoShatteredTime:ZhonyasHourglass","ekkoTheBoyWhoShatteredTime:SpHit","ekkoTheBoyWhoShatteredTime:HauntedAfterimage"],"picked":"SKIP","floor":31},{"not_picked":["ekkoTheBoyWhoShatteredTime:SandstormSympathy","ekkoTheBoyWhoShatteredTime:TimeIndustry"],"picked":"ekkoTheBoyWhoShatteredTime:Periocharge","floor":33},{"not_picked":["ekkoTheBoyWhoShatteredTime:WaitForKeyTiming","ekkoTheBoyWhoShatteredTime:Backtrack"],"picked":"ekkoTheBoyWhoShatteredTime:Playful","floor":35},{"not_picked":["ekkoTheBoyWhoShatteredTime:IcebornGauntlet+1","ekkoTheBoyWhoShatteredTime:WaitForKeyTiming+1","ekkoTheBoyWhoShatteredTime:Overflow"],"picked":"SKIP","floor":36},{"not_picked":["ekkoTheBoyWhoShatteredTime:AfterimageHit","ekkoTheBoyWhoShatteredTime:NeedlesslyLargeRod","ekkoTheBoyWhoShatteredTime:AfterimageTease"],"picked":"SKIP","floor":38},{"not_picked":["ekkoTheBoyWhoShatteredTime:Unchained+1","ekkoTheBoyWhoShatteredTime:Greed"],"picked":"ekkoTheBoyWhoShatteredTime:PulsefirePooling","floor":39},{"not_picked":["ekkoTheBoyWhoShatteredTime:TimeRecall","ekkoTheBoyWhoShatteredTime:FeelIt+1"],"picked":"ekkoTheBoyWhoShatteredTime:NaggingBlow","floor":41},{"not_picked":["ekkoTheBoyWhoShatteredTime:AfterimageTease+1","ekkoTheBoyWhoShatteredTime:Process","ekkoTheBoyWhoShatteredTime:DefensiveStance"],"picked":"SKIP","floor":47}],"player_experience":39702,"relics_obtained":[{"floor":6,"key":"Pen Nib"},{"floor":9,"key":"StuffTheSpire:HeavyRock"},{"floor":24,"key":"infinitespire:Broken Mirror"},{"floor":26,"key":"Garlic"},{"floor":27,"key":"Bag of Marbles"},{"floor":31,"key":"Blood Vial"},{"floor":43,"key":"MawBank"},{"floor":47,"key":"hubris:GlazedTorus"}],"event_choices":[{"cards_removed":["ekkoTheBoyWhoShatteredTime:Strike"],"damage_healed":0,"gold_gain":0,"player_choice":"Purged","damage_taken":0,"max_hp_gain":0,"max_hp_loss":0,"event_name":"Purifier","floor":4,"gold_loss":0},{"damage_healed":0,"gold_gain":0,"cards_transformed":["ekkoTheBoyWhoShatteredTime:Strike"],"player_choice":"Transformed","damage_taken":0,"max_hp_gain":0,"max_hp_loss":0,"event_name":"Transmorgrifier","floor":11,"gold_loss":0,"cards_obtained":["ekkoTheBoyWhoShatteredTime:Periocharge"]},{"cards_removed":["ekkoTheBoyWhoShatteredTime:Strike"],"damage_healed":0,"gold_gain":0,"player_choice":"Gave Gold","damage_taken":0,"max_hp_gain":0,"max_hp_loss":0,"event_name":"Beggar","floor":19,"gold_loss":75},{"damage_healed":0,"gold_gain":0,"player_choice":"Inject Mutagens","damage_taken":0,"relics_obtained":["MutagenicStrength"],"max_hp_gain":0,"max_hp_loss":0,"event_name":"Drug Dealer","floor":30,"gold_loss":0},{"damage_healed":0,"gold_gain":0,"player_choice":"Got Potions","damage_taken":0,"max_hp_gain":0,"max_hp_loss":0,"event_name":"Lab","floor":37,"gold_loss":0}],"is_beta":false,"boss_relics":[{"not_picked":["Black Star","Velvet Choker"],"picked":"Empty Cage"},{"not_picked":["Astrolabe","hubris:Backtick"],"picked":"Replay:Wanted Poster"}],"items_purged_floors":[],"is_endless":false,"potions_floor_spawned":[5,6,12,18,24,27,33,36,41,47],"ascension_level":0}}