{"host":"56xwnffi6e9z5l58","time":1613150315,"event":{"mods":["Aspiration","BaseMod","Better Match","Better Note","Better Sensory Stone","BetterRewards","Colored Map","Colored Powertips","Conspire","Downfall","GifTheSpireLib","Hermit","Highlight Path","Hubris","Infinite Spire","Key Reminder","Minty Spire (QoL Compilation)","Permanent Neow","Quick Restart","Rare Cards Sparkle","Replay The Spire","StSLib","Stuff the Spire","SuperFastMode","Unceasing Turn Reminder"],"gold_per_floor":[300,314,71,71,91,91,91,91,110,110,128,140,158,200,218,218,218,218],"floor_reached":16,"language":"ENG","playtime":566,"items_purged":["hexamod:Defend"],"score":103,"play_id":"39b115a1-48f7-4e95-b350-34451160bdf7","local_time":"20210213011835","is_ascension_mode":false,"campfire_choices":[{"floor":1,"key":"DIG"},{"data":"hexamod:WildfireWeapon","floor":6,"key":"SMITH"},{"data":"hexamod:NightmareStrike","floor":10,"key":"SMITH"}],"circlet_count":0,"master_deck":["hexamod:Strike+1","hexamod:Strike","hexamod:Strike","hexamod:Strike","hexamod:Defend","hexamod:Defend","hexamod:Defend","hexamod:Sear","hexamod:Float","hexamod:FirstSeal","hexamod:EmpoweredFlame+1","hexamod:FifthSeal","hexamod:SixthSeal","hexamod:WildfireWeapon+1","hexamod:FourthSeal","hexamod:NightmareStrike+1","hexamod:ThirdSeal","hexamod:HauntingEcho+1","hexamod:FlamesFromBeyond+1","hexamod:ChargedBarrage","hexamod:SecondSeal","hexamod:Incineration","hexamod:PowerFromBeyond+1","hexamod:GhostOfSpireFuture","hexamod:ExtraCrispy"],"relics":["hexamod:SpiritBrand","Old Coin","Lantern","Ring of Fangs","Ring of Fury","Replay:Wax Seal","Spirit Poop","InkBottle","keyreminder:keyreminder"],"acts_visited":["Exordium"],"potions_floor_usage":[14,15,16,16,16],"damage_taken":[{"damage":0,"enemies":"Cultist","floor":2,"turns":3},{"damage":0,"enemies":"downfall:FleeingMerchant","floor":3,"turns":4},{"damage":10,"enemies":"2 Louse","floor":5,"turns":6},{"damage":12,"enemies":"Jaw Worm","floor":9,"turns":5},{"damage":8,"enemies":"Large Slime","floor":11,"turns":7},{"damage":26,"enemies":"2 Fungi Beasts","floor":12,"turns":5},{"damage":12,"enemies":"3 Louse","floor":13,"turns":4},{"damage":3,"enemies":"Gremlin Nob","floor":14,"turns":3},{"damage":18,"enemies":"Blue Slaver","floor":15,"turns":5},{"damage":16,"enemies":"SI_SHIV_ARCHETYPE","floor":16,"turns":3}],"seed_played":"8893415852241955178","potions_obtained":[{"floor":9,"key":"Dexterity Potion"},{"floor":11,"key":"Block Potion"},{"floor":12,"key":"LiquidMemories"},{"floor":14,"key":"Fire Potion"},{"floor":15,"key":"Elixir"}],"is_trial":false,"path_per_floor":["R_BF","M","$","?","M","R","T","?","M","R","M","M","M","E","M","B"],"character_chosen":"THE_SPIRIT","items_purchased":["hexamod:FifthSeal"],"campfire_rested":0,"item_purchase_floors":[3],"current_hp_per_floor":[70,70,70,70,67,67,67,67,62,62,61,42,30,34,16,0,0,0],"gold":218,"neow_bonus":"ONE_RARE_RELIC","is_daily":false,"chose_seed":false,"campfire_upgraded":2,"win_rate":0.0,"timestamp":1613150315,"path_taken":["R_BF","M","$","?","M","R","T","?","M","R","M","M","M","E","M","BOSS"],"items_purchased_type":["Card"],"build_version":"2020-12-22","purchased_purges":1,"victory":false,"max_hp_per_floor":[70,70,70,70,70,70,70,70,70,70,70,70,70,70,70,70,70,70],"card_choices":[{"not_picked":["hexamod:NightmareGuise","hexamod:SpectersWail"],"picked":"hexamod:FirstSeal","floor":2},{"not_picked":["hexamod:BurningTouch","hexamod:AdvancingGuard"],"picked":"hexamod:EmpoweredFlame","floor":3},{"not_picked":["hexamod:FourthSeal","hexamod:ThirdSeal"],"picked":"hexamod:SixthSeal","floor":5},{"not_picked":["hexamod:EtherealExpedition","hexamod:NightmareGuise"],"picked":"hexamod:WildfireWeapon","floor":5},{"not_picked":["hexamod:FirstSeal","hexamod:SecondSeal"],"picked":"hexamod:FourthSeal","floor":9},{"not_picked":["hexamod:HeatMetal","hexamod:AdvancingGuard"],"picked":"hexamod:NightmareStrike","floor":9},{"not_picked":["hexamod:FourthSeal","hexamod:SixthSeal"],"picked":"hexamod:ThirdSeal","floor":11},{"not_picked":["hexamod:SoulSteal","hexamod:NightmareStrike"],"picked":"hexamod:HauntingEcho","floor":11},{"not_picked":["hexamod:SuperheatedStrike","hexamod:NightmareStrike"],"picked":"hexamod:FlamesFromBeyond","floor":12},{"not_picked":["hexamod:FirstSeal","hexamod:NightmareStrike"],"picked":"hexamod:ChargedBarrage","floor":12},{"not_picked":["hexamod:FourthSeal","hexamod:FirstSeal"],"picked":"hexamod:SecondSeal","floor":13},{"not_picked":["hexamod:SpectralAdrenaline","hexamod:PhantomFireball"],"picked":"hexamod:Incineration","floor":13},{"not_picked":["hexamod:ShieldOfDarkness","hexamod:FirstSeal","hexamod:NightmareStrike"],"picked":"SKIP","floor":13},{"not_picked":["hexamod:BacktrackSmack","hexamod:SpectersWail"],"picked":"hexamod:PowerFromBeyond","floor":14},{"not_picked":["hexamod:RainOfEmbers","hexamod:SpectralSpark"],"picked":"hexamod:GhostOfSpireFuture","floor":15},{"not_picked":["hexamod:NightmareStrike","hexamod:BurningTouch"],"picked":"hexamod:ExtraCrispy","floor":15}],"player_experience":1032184,"relics_obtained":[{"floor":1,"key":"Lantern"},{"floor":4,"key":"Ring of Fangs"},{"floor":4,"key":"Ring of Fury"},{"floor":7,"key":"Replay:Wax Seal"},{"floor":14,"key":"InkBottle"}],"event_choices":[{"cards_removed":["Looming Evil"],"damage_healed":0,"gold_gain":0,"player_choice":"Offered Curse","damage_taken":0,"relics_obtained":["Spirit Poop"],"max_hp_gain":0,"max_hp_loss":0,"event_name":"Bonfire Elementals","floor":8,"gold_loss":0}],"is_beta":false,"boss_relics":[],"items_purged_floors":[3],"is_endless":false,"potions_floor_spawned":[9,13,14,15],"killed_by":"SI_SHIV_ARCHETYPE","ascension_level":0}}