{"host":"avfk0uqadyfnr875","time":1613097808,"event":{"mods":["2.2 Compatiblity","Act Like it!","BaseMod","Chen","Colored Powertips","Downfall","Gensokyo","Koishi","KomeijiMod","Marisa（F雨　魔理沙）","Minty Spire (QoL Compilation)","Pale of the Ancients","Quick Restart","READ ME - Guardian Mod","Reimu（博丽灵梦）","Shop Mod","StSLib","The Animator","[功能]功能增强和修复MOD"],"gold_per_floor":[138,2,15,15,39,74,113,208,208,14,14,52,70,11,11,426,426,445,303,152,191,32,65,85,120,120,120,136,136,136,136,136,572,572,596,368,368,241,241,241,275,275,275,319,333,377,377,395,395,395,395,395,872,922,977,977,977,734,809,889,889,702,797,871,871,701,816,816,816,816],"floor_reached":69,"language":"ZHS","playtime":5763,"items_purged":["animator:Strike","animator:Strike","animator:Strike","animator:Curse_GriefSeed","animator:Strike_Elsword","animator:Aqua","animator:Defend_Elsword","animator:Defend","animator:Defend","animator:Defend","animator:Mitsurugi+1","animator:Vanir"],"score":1581,"play_id":"ef6382af-c5c9-4225-8ac4-6bf017a77472","local_time":"20210212104328","is_ascension_mode":true,"campfire_choices":[{"floor":11.0,"key":"RECALL"},{"data":"animator:Emilia","floor":15.0,"key":"SMITH"},{"data":"animator:QuestionMark","floor":29.0,"key":"SMITH"},{"data":"animator:Eve","floor":32.0,"key":"SMITH"},{"data":"animator:Laby","floor":40.0,"key":"SMITH"},{"data":"animator:Elesis","floor":42.0,"key":"SMITH"},{"data":"animator:Elesis","floor":47.0,"key":"SMITH"},{"data":"animator:Add","floor":49.0,"key":"SMITH"},{"data":"animator:Kagari","floor":52.0,"key":"SMITH"},{"floor":68.0,"key":"REST"}],"circlet_count":0,"master_deck":["animator:Chung+1","animator:Raven+1","animator:Eve+1","animator:Laby+1","animator:Elesis+2","animator:Add+1","animator:GoblinSlayer+1","animator:Ciel+1","animator:Rena+1","animator:Emilia+1","animator:QuestionMark+1","animator:Souei+1","animator:Chung+1","animator:Lu+1","animator:LeleiLaLalena+1","animator:Wiz+1","animator:Albedo+1","animator:HomuraAkemi+1","animator:Ain+1","animator:Evileye+1","animator:GoblinSlayer+1","animator:SayakaMiki+1","animator:SwordMaiden+1","animator:Arpeggio+1","animator:Kagari+1","animator:Ara+1","animator:Lu+1","animator:PandorasActor+1","animator:Elesis+2","animator:MadokaKaname+1","animator:Rimuru","animator:Hans+1","animator:Darkness+1","animator:Rena+1","animator:RoryMercury+1","animator:HarukoHaruhara+1","animator:MamizouFutatsuiwa+1","animator:Elesis+2","animator:Magilou+1","animator:NagisaMomoe+1","animator:Arpeggio+1","animator:SayakaMiki+1","animator:Elesis+2","animator:Elsword+1","animator:Shuna+1","animator:DwarfShaman+1","animator:Souei+1","animator:GoblinSlayer+1","animator:Patchouli+1","animator:Darkness+1","animator:Shimakaze+1","animator:Eris+1","animator:NononJakuzure+1","animator:TakanashiRikka+1","animator:Cirno+1","animator:Aisha+1"],"relics":["animator:TheEgnaroPiece","animator:LivingPicture","animator:TheMissingPiece","animator:AncientMedallion"],"acts_visited":["Exordium","TheCity","TheBeyond","TheEnding","EYB:TheUnnamedReign"],"potions_floor_usage":[69,69],"damage_taken":[{"damage":7.0,"enemies":"Cultist","floor":1.0,"turns":5.0},{"damage":8.0,"enemies":"Jaw Worm","floor":3.0,"turns":2.0},{"damage":0.0,"enemies":"2 Louse","floor":6.0,"turns":3.0},{"damage":28.0,"enemies":"3 Sentries","floor":7.0,"turns":7.0},{"damage":3.0,"enemies":"Gremlin Nob","floor":8.0,"turns":5.0},{"damage":0.0,"enemies":"Gremlin Nob","floor":12.0,"turns":3.0},{"damage":0.0,"enemies":"Looter","floor":13.0,"turns":4.0},{"damage":0.0,"enemies":"Hexaghost","floor":16.0,"turns":8.0},{"damage":1.0,"enemies":"3 Byrds","floor":18.0,"turns":5.0},{"damage":15.0,"enemies":"Shell Parasite","floor":21.0,"turns":6.0},{"damage":18.0,"enemies":"Slavers","floor":23.0,"turns":4.0},{"damage":6.0,"enemies":"Chosen and Byrds","floor":24.0,"turns":5.0},{"damage":3.0,"enemies":"Book of Stabbing","floor":25.0,"turns":5.0},{"damage":7.0,"enemies":"Shelled Parasite and Fungi","floor":28.0,"turns":4.0},{"damage":6.0,"enemies":"Automaton","floor":33.0,"turns":11.0},{"damage":0.0,"enemies":"3 Shapes","floor":35.0,"turns":3.0},{"damage":0.0,"enemies":"Reptomancer","floor":41.0,"turns":4.0},{"damage":2.0,"enemies":"Nemesis","floor":44.0,"turns":3.0},{"damage":7.0,"enemies":"3 Darklings","floor":45.0,"turns":4.0},{"damage":2.0,"enemies":"Giant Head","floor":46.0,"turns":5.0},{"damage":2.0,"enemies":"Spire Growth","floor":48.0,"turns":2.0},{"damage":77.0,"enemies":"Time Eater","floor":50.0,"turns":8.0},{"damage":28.0,"enemies":"animator:UNNAMED_HAT","floor":54.0,"turns":13.0},{"damage":3.0,"enemies":"animator:UNNAMED_CULTIST_1","floor":55.0,"turns":12.0},{"damage":27.0,"enemies":"animator:LARGE_WISP","floor":59.0,"turns":8.0},{"damage":10.0,"enemies":"animator:UNNAMED_CULTIST_2","floor":60.0,"turns":13.0},{"damage":9.0,"enemies":"animator:ULTIMATE_WISP","floor":63.0,"turns":9.0},{"damage":8.0,"enemies":"animator:ULTIMATE_CRYSTAL","floor":67.0,"turns":11.0},{"damage":102,"enemies":"animator:TheUnnamed","floor":69,"turns":15}],"seed_played":"-678696655886654883","potions_obtained":[{"floor":1.0,"key":"LiquidBronze"},{"floor":3.0,"key":"ExcitationPotion"},{"floor":3.0,"key":"SpeedPotion"},{"floor":6.0,"key":"Explosive Potion"},{"floor":8.0,"key":"animator:FalseLifePotion"},{"floor":21.0,"key":"BlessingOfTheForge"},{"floor":23.0,"key":"Block Potion"},{"floor":41.0,"key":"ZuzhouPotion:ReiMu"},{"floor":44.0,"key":"Energy Potion"},{"floor":44.0,"key":"Slimebound:ThreeZeroPotion"},{"floor":45.0,"key":"bronze:BurnAndBuffPotion"},{"floor":54.0,"key":"animator:FalseLifePotion"},{"floor":55.0,"key":"animator:FalseLifePotion"},{"floor":59.0,"key":"animator:FalseLifePotion"},{"floor":60.0,"key":"animator:FalseLifePotion"},{"floor":60.0,"key":"animator:FalseLifePotion"},{"floor":60.0,"key":"animator:FalseLifePotion"},{"floor":63.0,"key":"animator:FalseLifePotion"},{"floor":67.0,"key":"animator:FalseLifePotion"}],"is_trial":false,"path_per_floor":["M","$","M","?","T","M","E","?","T","$","R","E","M","$","R","B",null,"M","$","?","M","$","E","M","E","T","?","M","R","T","?","R","B",null,"M","$","?","$","?","R","E","R","T","E","M","E","R","M","R","B",null,"R","??","M","M","T","?","$","M","M","?","$","E","T","?","$","E","R","B"],"character_chosen":"THE_ANIMATOR","items_purchased":["HornCleat","OrangePellets","Ancient Tea Set","animator:Elesis","animator:Emilia","animator:QuestionMark","Toxic Egg 2","animator:ShionDessert","Swift Potion","MerchantsRug","animator:Lu","animator:LeleiLaLalena+1","RuthlessExorcism:ReiMu","animator:GoblinSlayer","Prayer Wheel","Red Skull","SkillPotion","Boot","Happy Flower","Medical Kit","animator:Lelouch+1","animator:Arpeggio","animator:Kagari","ClockworkSouvenir","Incense Burner","Paper Crane","animator:HarukoHaruhara+1","animator:MamizouFutatsuiwa+1","Whetstone","Art of War","Brimstone","animator:Elesis+1","animator:Magilou+1","animator:FalseLifePotion","animator:FalseLifePotion","animator:Patchouli","animator:AncientMedallion","animator:AncientMedallion","animator:AncientMedallion","animator:Darkness","animator:Shimakaze","animator:AncientMedallion","animator:AncientMedallion","animator:AncientMedallion","animator:TakanashiRikka","animator:Cirno","animator:AncientMedallion","animator:AncientMedallion","animator:AncientMedallion"],"campfire_rested":1,"item_purchase_floors":[2,2,2,2,10,10,10,10,10,10,14,14,14,19,19,19,19,22,22,22,22,22,22,36,36,36,36,36,38,38,38,38,38,58,58,58,58,58,58,58,58,62,62,62,62,66,66,66,66],"current_hp_per_floor":[53,53,46,46,46,48,23,22,22,22,22,32,34,34,34,37,74,81,85,85,73,88,67,69,68,68,83,84,84,84,74,74,76,97,107,107,107,107,117,117,117,117,117,118,117,111,111,108,108,39,92,92,86,61,61,61,17,17,16,32,32,32,61,61,61,61,78,86,0,0],"gold":816,"neow_bonus":"THREE_RARE_CARDS","is_daily":false,"chose_seed":false,"campfire_upgraded":8,"win_rate":0.0,"timestamp":1613097808,"path_taken":["M","$","M","?","?","M","E","?","T","$","R","E","M","?","R","BOSS","M","$","?","M","$","E","M","E","T","?","M","R","?","?","R","BOSS","M","$","?","$","?","R","E","R","T","E","M","E","R","?","R","BOSS","R","??","M","M","T","?","$","M","M","?","$","E","T","?","$","E","R","BOSS"],"items_purchased_type":["Relic","Relic","Relic","Card","Card","Card","Relic","Relic","Potion","Relic","Card","Card","Relic","Card","Relic","Relic","Potion","Relic","Relic","Relic","Card","Card","Card","Relic","Relic","Relic","Card","Card","Relic","Relic","Relic","Card","Card","Potion","Potion","Card","Relic","Relic","Relic","Card","Card","Relic","Relic","Relic","Card","Card","Relic","Relic","Relic"],"build_version":"2020-12-22","purchased_purges":12,"victory":false,"max_hp_per_floor":[67,67,68,63,63,63,64,64,64,64,64,74,74,74,74,75,83,85,85,85,88,88,85,87,89,89,89,91,91,91,97,97,96,102,107,107,107,107,117,117,117,117,117,120,117,111,111,108,108,110,110,110,86,86,86,86,86,86,86,86,86,86,86,86,86,86,86,86,86,86],"card_choices":[{"not_picked":["animator:HomuraAkemi","animator:ItamiYouji"],"picked":"animator:Eve","floor":0.0},{"not_picked":["animator:LizardPriest","animator:Souei"],"picked":"animator:Laby","floor":1.0},{"not_picked":["animator:Raven","animator:Kaijin"],"picked":"animator:Vanir","floor":1.0},{"not_picked":["animator:Vesta","animator:Chung"],"picked":"animator:Aqua","floor":3.0},{"not_picked":["animator:Kazuma","animator:Verdia","animator:Shalltear"],"picked":"SKIP","floor":3.0},{"not_picked":["animator:YuiTsuruno","animator:Verdia"],"picked":"animator:Add","floor":6.0},{"not_picked":["animator:Priestess","animator:Ciel"],"picked":"animator:GoblinSlayer","floor":6.0},{"not_picked":["animator:Chung","animator:Aisha"],"picked":"animator:Ciel","floor":7.0},{"not_picked":["animator:Mitsurugi","animator:Shion"],"picked":"animator:Rena","floor":8.0},{"not_picked":["animator:Ara","animator:PinaCoLada"],"picked":"animator:Souei+1","floor":12.0},{"not_picked":["animator:YunYun","animator:IrohaTamaki"],"picked":"animator:Chung+1","floor":13.0},{"not_picked":["animator:Raven","animator:YaoHaDucy","animator:Add+1"],"picked":"SKIP","floor":13.0},{"not_picked":["animator:MadokaKaname+1","animator:Albedo"],"picked":"animator:Eris+1","floor":16.0},{"not_picked":["animator:Eris+1","animator:PinaCoLada"],"picked":"animator:Wiz+1","floor":16.0},{"not_picked":["animator:PinaCoLada","animator:Eris+1"],"picked":"animator:Albedo","floor":16.0},{"not_picked":["animator:Wiz+1","animator:Ainz"],"picked":"animator:HomuraAkemi+1","floor":16.0},{"not_picked":["animator:Ciel+1","animator:Raven"],"picked":"animator:Ain","floor":18.0},{"not_picked":["animator:Rena+1","animator:Bozes"],"picked":"animator:Evileye+1","floor":18.0},{"not_picked":["animator:Kaijin","animator:NarberalGamma+1"],"picked":"animator:SayakaMiki+1","floor":21.0},{"not_picked":["animator:Aisha","animator:YunYun"],"picked":"animator:SwordMaiden+1","floor":21.0},{"not_picked":["animator:Shalltear","animator:Verdia+1"],"picked":"animator:Mitsurugi+1","floor":21.0},{"not_picked":["animator:Ciel+1","animator:YuiTsuruno"],"picked":"animator:Ara+1","floor":23.0},{"not_picked":["animator:Laby","animator:Spearman","animator:YuiTsuruno"],"picked":"SKIP","floor":24.0},{"not_picked":["animator:Hakurou","animator:Mitsurugi","animator:SayakaMiki+1"],"picked":"SKIP","floor":24.0},{"not_picked":["animator:Benimaru","animator:Darkness","animator:Chung+1"],"picked":"SKIP","floor":24.0},{"not_picked":["animator:GuildGirl","animator:TukaLunaMarceau+1"],"picked":"animator:Lu","floor":28.0},{"not_picked":["animator:Millim","animator:SuzuneAmano"],"picked":"animator:PandorasActor+1","floor":28.0},{"not_picked":["animator:SayakaMiki+1","animator:Priestess+1","animator:Spearman"],"picked":"SKIP","floor":28.0},{"not_picked":["animator:Wiz+1","animator:Eris+1"],"picked":"animator:Elesis","floor":33.0},{"not_picked":["animator:Eris+1","animator:PinaCoLada"],"picked":"animator:MadokaKaname+1","floor":33.0},{"not_picked":["animator:PinaCoLada","animator:Elesis"],"picked":"animator:Rimuru","floor":33.0},{"not_picked":["animator:PinaCoLada","animator:MadokaKaname+1"],"picked":"animator:Hans","floor":33.0},{"not_picked":["animator:YuiTsuruno+1","animator:Witch+1"],"picked":"animator:Darkness","floor":35.0},{"not_picked":["animator:Add+1","animator:Shion+1"],"picked":"animator:Rena+1","floor":35.0},{"not_picked":["animator:Mitsurugi+1","animator:Shuna+1"],"picked":"animator:RoryMercury+1","floor":35.0},{"not_picked":["animator:Rena+1","animator:Chris+1","animator:Shion+1"],"picked":"SKIP","floor":41.0},{"not_picked":["animator:KyokoSakura+1","animator:IrohaTamaki+1"],"picked":"animator:NagisaMomoe+1","floor":44.0},{"not_picked":["animator:KyokoSakura+1","animator:Ara+1"],"picked":"animator:Arpeggio+1","floor":45.0},{"not_picked":["animator:Kaijin+1","animator:Bozes+1"],"picked":"animator:SayakaMiki+1","floor":45.0},{"not_picked":["animator:Hakurou+1","animator:Shion+1","animator:Tyuule+1"],"picked":"SKIP","floor":45.0},{"not_picked":["animator:YachiyoNanami","animator:Add+1","animator:PandorasActor+1"],"picked":"SKIP","floor":46.0},{"not_picked":["animator:Demiurge+1","animator:IrohaTamaki+1"],"picked":"animator:Elesis+1","floor":48.0},{"not_picked":["animator:Demiurge+1","animator:TukaLunaMarceau+1"],"picked":"animator:Elsword+1","floor":48.0},{"not_picked":["animator:YuiTsuruno+1","animator:Evileye+1","animator:Shion+1"],"picked":"SKIP","floor":48.0},{"not_picked":["animator:Shion","animator:KyokoSakura"],"picked":"animator:Shuna","floor":54.0},{"not_picked":["animator:Priestess","animator:Spearman"],"picked":"animator:DwarfShaman","floor":54.0},{"not_picked":["animator:SuzuneAmano","animator:YaoHaDucy"],"picked":"animator:Souei+1","floor":55.0},{"not_picked":["animator:Kaijin+1","animator:Bozes"],"picked":"animator:GoblinSlayer","floor":55.0},{"not_picked":["animator:Cocytus","animator:OrikoMikuni"],"picked":"animator:Eris","floor":59.0},{"not_picked":["animator:Entoma+1","animator:Demiurge","animator:Kuribayashi+1"],"picked":"SKIP","floor":59.0},{"not_picked":["animator:HighElfArcher","animator:Kuribayashi","animator:Kazuma"],"picked":"SKIP","floor":60.0},{"not_picked":["animator:Tyuule","animator:Lu+1","animator:Millim"],"picked":"SKIP","floor":60.0},{"not_picked":["animator:Magilou","animator:IchigoKurosaki"],"picked":"animator:NononJakuzure","floor":61.0},{"not_picked":["animator:SuzuneAmano","animator:Mitsurugi"],"picked":"animator:Aisha+1","floor":67.0}],"player_experience":388909,"relics_obtained":[{"floor":5.0,"key":"Vajra"},{"floor":7.0,"key":"Calipers"},{"floor":8.0,"key":"Oddly Smooth Stone"},{"floor":12.0,"key":"Pear"},{"floor":16.0,"key":"MealTicket"},{"floor":23.0,"key":"animator:Hoodie"},{"floor":25.0,"key":"Lizard Tail"},{"floor":26.0,"key":"Bottled Lightning"},{"floor":30.0,"key":"Darkstone Periapt"},{"floor":31.0,"key":"Necronomicon"},{"floor":33.0,"key":"Tea:ReiMu"},{"floor":34.0,"key":"Lantern"},{"floor":34.0,"key":"Molten Egg 2"},{"floor":34.0,"key":"Champion Belt"},{"floor":41.0,"key":"Mercury Hourglass"},{"floor":43.0,"key":"CrazyTorch:ReiMu"},{"floor":44.0,"key":"Potion Belt"},{"floor":46.0,"key":"Bronze Scales"},{"floor":53.0,"key":"animator:TheEgnaroPiece"},{"floor":56.0,"key":"animator:AncientMedallion"},{"floor":63.0,"key":"animator:AncientMedallion"},{"floor":64.0,"key":"animator:AncientMedallion"},{"floor":67.0,"key":"animator:AncientMedallion"}],"event_choices":[{"damage_healed":0.0,"max_hp_gain":0.0,"max_hp_loss":5.0,"gold_gain":0.0,"event_name":"Golden Idol","player_choice":"Lose Max HP","floor":4.0,"gold_loss":0.0,"damage_taken":0.0,"relics_obtained":["Golden Idol"]},{"damage_healed":0.0,"max_hp_gain":0.0,"max_hp_loss":0.0,"gold_gain":0.0,"event_name":"Dead Adventurer","player_choice":"Searched \u00271\u0027 times","floor":8.0,"gold_loss":0.0,"damage_taken":0.0},{"damage_healed":0.0,"max_hp_gain":0.0,"max_hp_loss":0.0,"gold_gain":0.0,"event_name":"Cursed Tome","player_choice":"Obtained Book","floor":31.0,"gold_loss":0.0,"damage_taken":16.0},{"damage_healed":0.0,"max_hp_gain":0.0,"max_hp_loss":0.0,"gold_gain":0.0,"event_name":"Tomb of Lord Red Mask","player_choice":"Ignored","floor":37.0,"gold_loss":0.0,"damage_taken":0.0},{"cards_removed":["animator:Lelouch"],"damage_healed":0.0,"max_hp_gain":10.0,"max_hp_loss":0.0,"gold_gain":0.0,"event_name":"Bonfire Elementals","player_choice":"Offered Rare","floor":39.0,"gold_loss":0.0,"damage_taken":0.0},{"damage_healed":0.0,"max_hp_gain":0.0,"max_hp_loss":0.0,"gold_gain":0.0,"event_name":"SensoryStone","player_choice":"Memory 1","floor":61.0,"gold_loss":0.0,"damage_taken":0.0}],"is_beta":false,"boss_relics":[{"not_picked":["animator:CursedBlade","Black Star"],"picked":"animator:HolyGrailRelic"},{"not_picked":["Velvet Choker","Empty Cage"],"picked":"Calling Bell"}],"items_purged_floors":[10,10,10,10,19,19,36,36,36,36,36,36],"is_endless":false,"potions_floor_spawned":[1,3,3,6,6,8,12,12,12,21,23,23,24,25,28,33,33,35,41,44,44,44,45,45,48,48,60,60,60,63,67],"killed_by":"animator:TheUnnamed","ascension_level":7}}