{"host":"xko5sdb82mf02c09","time":1613151384,"event":{"mods":["AchievementEnabler","BaseMod","Colored Map","Minty Spire (QoL Compilation)","StSLib","everything is the same but u backflip on backflip"],"gold_per_floor":[110,129,146,165,165,165,197,25,25,58,58,69,69,83,83,184,184,203,215,67,85,85,85,116,128,152,172,190,216,232,264,264,360,360,373,46,57,75,87,87,112,38,62,62,62],"floor_reached":44,"language":"KOR","playtime":2215,"items_purged":["Defend_B"],"score":643,"play_id":"a591e90d-272d-4ce4-969e-ae0c03fb4f10","local_time":"20210213023624","is_ascension_mode":true,"campfire_choices":[{"data":"Zap","floor":6,"key":"SMITH"},{"data":"Undo","floor":11,"key":"SMITH"},{"data":"Steam","floor":15,"key":"SMITH"},{"data":"Capacitor","floor":23,"key":"SMITH"},{"data":"Defragment","floor":32,"key":"SMITH"},{"data":"Seek","floor":40,"key":"SMITH"}],"circlet_count":0,"master_deck":["Strike_B","Strike_B","Strike_B","Strike_B","Defend_B","Defend_B","Zap+1","Dualcast","Ball Lightning","Undo+1","Gash","BootSequence","Rainbow+1","Steam+1","FTL","Seek+1","Self Repair+1","Capacitor+1","Coolheaded","Sweeping Beam","Hello World+1","Necronomicurse","Defragment+1","Turbo+1","Leap+1","Conserve Battery+1","Echo Form","Gash+1","Heatsinks","Turbo+1","Heatsinks","Defragment","Regret"],"relics":["Cracked Core","Nunchaku","HornCleat","White Beast Statue","Potion Belt","Runic Pyramid","Necronomicon","Pen Nib","Toy Ornithopter","Vajra","Boot","Cursed Key","Singing Bowl","Toxic Egg 2","Omamori"],"acts_visited":["TheCity","TheBeyond"],"potions_floor_usage":[7,16,18,19,21,24,24,24,24,24,25,25,29,29,30,31,31,31,31,33,37,39,41],"damage_taken":[{"damage":5.0,"enemies":"2 Louse","floor":1.0,"turns":2.0},{"damage":0,"enemies":"Cultist","floor":2,"turns":3},{"damage":2,"enemies":"Jaw Worm","floor":3,"turns":2},{"damage":0,"enemies":"2 Fungi Beasts","floor":4,"turns":3},{"damage":15,"enemies":"3 Sentries","floor":7,"turns":5},{"damage":6,"enemies":"Lagavulin","floor":10,"turns":6},{"damage":3,"enemies":"Large Slime","floor":12,"turns":5},{"damage":0,"enemies":"Exordium Wildlife","floor":14,"turns":3},{"damage":7,"enemies":"Slime Boss","floor":16,"turns":8},{"damage":0,"enemies":"Chosen","floor":18,"turns":3},{"damage":0,"enemies":"2 Thieves","floor":19,"turns":4},{"damage":5,"enemies":"Centurion and Healer","floor":21,"turns":5},{"damage":21,"enemies":"Slavers","floor":24,"turns":6},{"damage":3,"enemies":"Cultist and Chosen","floor":25,"turns":6},{"damage":3,"enemies":"Sentry and Sphere","floor":27,"turns":5},{"damage":0,"enemies":"Centurion and Healer","floor":28,"turns":8},{"damage":16,"enemies":"Book of Stabbing","floor":29,"turns":4},{"damage":7,"enemies":"Cultist and Chosen","floor":30,"turns":6},{"damage":7,"enemies":"Slavers","floor":31,"turns":2},{"damage":37,"enemies":"Champ","floor":33,"turns":11},{"damage":1,"enemies":"Orb Walker","floor":35,"turns":3},{"damage":16,"enemies":"3 Darklings","floor":37,"turns":5},{"damage":8,"enemies":"Sphere and 2 Shapes","floor":38,"turns":6},{"damage":10,"enemies":"Transient","floor":39,"turns":5},{"damage":59,"enemies":"Nemesis","floor":41,"turns":7},{"damage":30,"enemies":"3 Darklings","floor":44,"turns":3}],"seed_played":"-6698505009202615036","potions_obtained":[{"floor":2,"key":"Weak Potion"},{"floor":3,"key":"ColorlessPotion"},{"floor":10,"key":"Fire Potion"},{"floor":12,"key":"Strength Potion"},{"floor":14,"key":"EssenceOfDarkness"},{"floor":16,"key":"FocusPotion"},{"floor":18,"key":"EntropicBrew"},{"floor":19,"key":"Block Potion"},{"floor":21,"key":"LiquidBronze"},{"floor":24,"key":"BlessingOfTheForge"},{"floor":25,"key":"PowerPotion"},{"floor":27,"key":"Weak Potion"},{"floor":28,"key":"Swift Potion"},{"floor":29,"key":"AttackPotion"},{"floor":30,"key":"LiquidBronze"},{"floor":31,"key":"Block Potion"},{"floor":33,"key":"PowerPotion"},{"floor":35,"key":"LiquidMemories"},{"floor":37,"key":"LiquidBronze"},{"floor":38,"key":"Ancient Potion"},{"floor":39,"key":"FocusPotion"},{"floor":41,"key":"BlessingOfTheForge"}],"is_trial":false,"path_per_floor":["M","M","M","M","?","R","E","$","T","E","R","M","?","M","R","B",null,"M","M","$","M","?","R","E","M","T","M","M","E","M","E","R","B",null,"M","$","M","M","M","R","E","$","T","M"],"character_chosen":"DEFECT","items_purchased":["SkillPotion","Steam","Capacitor","Coolheaded","Sweeping Beam","Heatsinks","Singing Bowl","Defragment"],"campfire_rested":0,"item_purchase_floors":[8,8,20,20,20,36,36,42],"current_hp_per_floor":[70,70,68,68,68,68,53,53,53,47,47,44,44,44,44,37,66,66,66,66,71,55,55,44,41,41,48,58,62,70,75,75,48,68,67,67,77,79,79,79,30,30,30,0,0],"gold":62,"neow_bonus":"RANDOM_COMMON_RELIC","is_daily":false,"chose_seed":false,"campfire_upgraded":6,"win_rate":0.0,"timestamp":1613151384,"path_taken":["M","M","M","M","?","R","E","$","T","E","R","?","?","M","R","BOSS","M","M","$","M","?","R","E","M","T","M","M","E","M","E","R","BOSS","M","$","M","M","M","R","E","$","T","M"],"items_purchased_type":["Potion","Card","Card","Card","Card","Card","Relic","Card"],"build_version":"2020-12-22","purchased_purges":1,"victory":false,"max_hp_per_floor":[75,75,75,75,75,75,75,75,75,75,75,75,75,75,75,75,75,75,75,75,75,75,75,75,75,75,75,75,75,75,75,75,75,75,75,75,77,79,79,79,79,79,79,79,79],"card_choices":[{"not_picked":["Cold Snap","Redo"],"picked":"Ball Lightning","floor":1},{"not_picked":["Go for the Eyes","Ball Lightning"],"picked":"Undo","floor":2},{"not_picked":["Streamline","Steam Power"],"picked":"Gash","floor":3},{"not_picked":["Hologram","White Noise"],"picked":"BootSequence","floor":4},{"not_picked":["Chaos","Sweeping Beam"],"picked":"Rainbow","floor":7},{"not_picked":["Barrage","Turbo"],"picked":"FTL","floor":10},{"not_picked":["Redo","Lockon","Darkness"],"picked":"SKIP","floor":12},{"not_picked":["Auto Shields","Beam Cell","Genetic Algorithm"],"picked":"SKIP","floor":14},{"not_picked":["Amplify","All For One"],"picked":"Seek","floor":16},{"not_picked":["Leap","Ball Lightning+1","Barrage"],"picked":"SKIP","floor":18},{"not_picked":["Consume+1","Reprogram"],"picked":"Self Repair+1","floor":19},{"not_picked":["Beam Cell","Sunder"],"picked":"Hello World+1","floor":21},{"not_picked":["Barrage","Meteor Strike"],"picked":"Defragment","floor":24},{"not_picked":["Ball Lightning","Steam"],"picked":"Turbo+1","floor":25},{"not_picked":["Blizzard","Leap+1","Reprogram+1"],"picked":"SKIP","floor":27},{"not_picked":["Ball Lightning","BootSequence","Genetic Algorithm+1"],"picked":"SKIP","floor":28},{"not_picked":["Cold Snap+1","Hologram"],"picked":"Leap+1","floor":29},{"not_picked":["Rebound","Hyperbeam","Sweeping Beam"],"picked":"SKIP","floor":30},{"not_picked":["Turbo","Loop"],"picked":"Conserve Battery+1","floor":31},{"not_picked":["Seek","Hyperbeam"],"picked":"Echo Form","floor":33},{"not_picked":["Sweeping Beam","Aggregate"],"picked":"Gash+1","floor":35},{"not_picked":["Barrage+1","Rip and Tear","Stack+1"],"picked":"Singing Bowl","floor":37},{"not_picked":["Go for the Eyes","Rainbow","Cold Snap"],"picked":"Singing Bowl","floor":38},{"not_picked":["Undo+1","Lockon+1"],"picked":"Turbo+1","floor":39},{"not_picked":["Darkness+1","Hello World+1"],"picked":"Heatsinks","floor":41}],"player_experience":498662,"relics_obtained":[{"floor":7,"key":"HornCleat"},{"floor":9,"key":"White Beast Statue"},{"floor":10,"key":"Potion Belt"},{"floor":22,"key":"Necronomicon"},{"floor":24,"key":"Pen Nib"},{"floor":26,"key":"Toy Ornithopter"},{"floor":29,"key":"Vajra"},{"floor":31,"key":"Boot"},{"floor":41,"key":"Toxic Egg 2"},{"floor":43,"key":"Omamori"}],"event_choices":[{"cards_removed":["Defend_B"],"damage_healed":0,"gold_gain":0,"player_choice":"Card Removal","damage_taken":0,"max_hp_gain":0,"max_hp_loss":0,"event_name":"Wheel of Change","floor":5,"gold_loss":0},{"damage_healed":0,"gold_gain":0,"player_choice":"Grow","damage_taken":0,"max_hp_gain":0,"max_hp_loss":0,"event_name":"Living Wall","floor":13,"gold_loss":0,"cards_upgraded":["Rainbow"]},{"damage_healed":0,"gold_gain":0,"player_choice":"Obtained Book","damage_taken":16,"max_hp_gain":0,"max_hp_loss":0,"event_name":"Cursed Tome","floor":22,"gold_loss":0}],"is_beta":false,"boss_relics":[{"not_picked":["Ectoplasm","Busted Crown"],"picked":"Runic Pyramid"},{"not_picked":["Snecko Eye","Philosopher\u0027s Stone"],"picked":"Cursed Key"}],"items_purged_floors":[8],"is_endless":false,"potions_floor_spawned":[2,3,10,12,14,16,18,19,21,24,25,27,28,29,30,31,33,35,37,38,39,41],"killed_by":"3 Darklings","ascension_level":5}}