{"host":"5fozw18ph4jp5uv8","time":1613101433,"event":{"mods":["BaseMod","Duelist Mod","GifTheSpireLib","Hermit","Minty Spire (QoL Compilation)","StSLib"],"gold_per_floor":[145,145,95,95,21,21,38,38,61,92,104,116,140,152,164,277,289,311,323,335,347,373,385,426,449,536,548,574,605,629,641,641],"floor_reached":31,"language":"ENG","playtime":1983,"items_purged":[],"score":245,"play_id":"03863fad-4c97-46ed-84fe-8b9bb4411c03","local_time":"20210211194353","is_ascension_mode":false,"campfire_choices":[{"data":"theDuelist:SilverDragon","floor":6.0,"key":"SMITH"},{"data":"theDuelist:DragonMirror","floor":8.0,"key":"SMITH"},{"data":"theDuelist:BlueEyes","floor":11.0,"key":"SMITH"},{"floor":15.0,"key":"REST"},{"floor":23,"key":"REST"},{"floor":27,"key":"REST"}],"circlet_count":0,"master_deck":["theDuelist:BabyDragon","theDuelist:BlackBrutdrago","theDuelist:SilverDragon+1","theDuelist:TornadoDragon","theDuelist:CastleWalls","theDuelist:CaveDragon","theDuelist:BarrelDragon","theDuelist:GaiaDragonChamp","theDuelist:SuperancientDinobeast","theDuelist:BlueEyes+1","theDuelist:LesserDragon","theDuelist:CaveDragon","theDuelist:DragonMirror+1","theDuelist:RainbowOverdragon","theDuelist:VeilDarkness+1","theDuelist:SeismicShockwave","theDuelist:LesserDragon","theDuelist:ExploderDragon+1","theDuelist:YamataDragon","theDuelist:Sparks","theDuelist:LordD"],"relics":["theDuelist:MillenniumPuzzle","theDuelist:CardPoolRelic","theDuelist:CardPoolBasicRelic","theDuelist:BoosterPackPoolRelic","theDuelist:CardPoolAddRelic","theDuelist:CardPoolMinusRelic","theDuelist:CardPoolSaveRelic","theDuelist:CardPoolOptionsRelic","NeowsBlessing","MawBank","theDuelist:GamblerChip","theDuelist:MillenniumRing","theDuelist:BoosterPackHealer"],"acts_visited":["Exordium","TheCity"],"potions_floor_usage":[30,30],"damage_taken":[{"damage":0.0,"enemies":"2 Louse","floor":1.0,"turns":1.0},{"damage":0.0,"enemies":"Jaw Worm","floor":7.0,"turns":1.0},{"damage":0.0,"enemies":"Cultist","floor":10.0,"turns":2.0},{"damage":15.0,"enemies":"Lots of Slimes","floor":13.0,"turns":4.0},{"damage":32.0,"enemies":"Hexaghost","floor":16.0,"turns":8.0},{"damage":22,"enemies":"2 Thieves","floor":18,"turns":4},{"damage":0,"enemies":"Spheric Guardian","floor":22,"turns":3},{"damage":39,"enemies":"Slavers","floor":24,"turns":5},{"damage":23,"enemies":"Cultist and Chosen","floor":25,"turns":7},{"damage":12,"enemies":"Snecko","floor":28,"turns":3},{"damage":12,"enemies":"3 Cultists","floor":29,"turns":5},{"damage":21,"enemies":"Centurion and Healer","floor":30,"turns":6},{"damage":21,"enemies":"Snake Plant","floor":31,"turns":2}],"seed_played":"5591634983966857061","potions_obtained":[{"floor":1.0,"key":"AttackPotion"},{"floor":10.0,"key":"PowerPotion"},{"floor":16.0,"key":"Dexterity Potion"},{"floor":18,"key":"LiquidMemories"},{"floor":25,"key":"theDuelist:BurningPotionB"}],"is_trial":false,"path_per_floor":["M","?","?","?","$","R","M","R","T","M","R","$","M","?","R","B",null,"M","?","?","?","M","R","E","M","T","R","M","M","M","M"],"character_chosen":"THE_DUELIST","items_purchased":["theDuelist:BlueEyes"],"campfire_rested":3,"item_purchase_floors":[5],"current_hp_per_floor":[80,80,80,80,80,80,80,80,80,80,80,80,65,65,80,48,80,58,58,58,58,58,80,41,18,18,42,34,26,16,0,0],"gold":641,"neow_bonus":"THREE_ENEMY_KILL","is_daily":false,"chose_seed":false,"campfire_upgraded":3,"win_rate":0.0,"timestamp":1613101433,"path_taken":["M","?","?","?","$","R","M","R","T","?","R","?","M","?","R","BOSS","M","?","?","?","M","R","E","M","T","R","M","M","M","M"],"items_purchased_type":["Card"],"build_version":"2020-12-22","purchased_purges":0,"victory":false,"max_hp_per_floor":[80,80,80,80,80,80,80,80,80,80,80,80,80,80,80,80,80,80,80,80,80,80,80,80,80,80,80,80,80,80,80,80],"card_choices":[{"not_picked":["theDuelist:Kabazauls","theDuelist:DefenseZone","theDuelist:BabyDragon","theDuelist:Earthquake"],"picked":"theDuelist:SilverDragon","floor":1.0},{"not_picked":["theDuelist:MiraculousDescent","theDuelist:AutorokketDragon","theDuelist:ArtifactSanctum"],"picked":"theDuelist:DragonMirror","floor":7.0},{"not_picked":["theDuelist:Anthrosaurus","theDuelist:Duoterion","theDuelist:MoltenDestruction","theDuelist:CyberDragonCore"],"picked":"theDuelist:BlackBrutdrago","floor":10.0},{"not_picked":["theDuelist:MadFlameKaiju","theDuelist:GalaxyTyranno","theDuelist:FiendSkull","theDuelist:OceanDragonLord"],"picked":"theDuelist:GaiaDragonChamp","floor":13.0},{"not_picked":["theDuelist:StardustDragon","theDuelist:OceanDragonLord","theDuelist:CyberDragonInfinity","theDuelist:BSkullDragon"],"picked":"theDuelist:SeismicShockwave","floor":16.0},{"not_picked":["theDuelist:ArmedDragon5","theDuelist:GenesisDragon","theDuelist:Carboneddon","theDuelist:Destroyersaurus"],"picked":"theDuelist:ExploderDragon+1","floor":18},{"not_picked":["theDuelist:BattleguardKing","theDuelist:BigFire","theDuelist:Hinotama+1","theDuelist:LightningDarts"],"picked":"theDuelist:RainbowOverdragon","floor":22},{"not_picked":["theDuelist:CyberDinosaur","theDuelist:Destroyersaurus","theDuelist:HazyFlameHydra","theDuelist:MadSwordBeast"],"picked":"theDuelist:SuperancientDinobeast","floor":24},{"not_picked":["theDuelist:MadSwordBeast+1","theDuelist:CyberDragonVier+1","theDuelist:SphereChaos","theDuelist:LesserDragon"],"picked":"theDuelist:TwinHeadedBehemoth","floor":25},{"not_picked":["theDuelist:DefenseDraw","theDuelist:DefenseZone+1","theDuelist:DragonCaptureJar","theDuelist:FireDarts"],"picked":"theDuelist:VeilDarkness+1","floor":28},{"not_picked":["theDuelist:BigFire","theDuelist:Hinotama","theDuelist:ForbiddenChalice","theDuelist:GreenGraveOni"],"picked":"theDuelist:DianKeto","floor":29},{"not_picked":["theDuelist:Pyrorex","theDuelist:BusterBlader","theDuelist:BabyDragon","theDuelist:DarkDriceratops"],"picked":"theDuelist:LordD","floor":30}],"player_experience":24871,"relics_obtained":[{"floor":9.0,"key":"MawBank"},{"floor":24,"key":"theDuelist:MillenniumRing"},{"floor":26,"key":"theDuelist:BoosterPackHealer"}],"event_choices":[{"damage_healed":0.0,"max_hp_gain":0.0,"max_hp_loss":0.0,"gold_gain":0.0,"event_name":"Scrap Ooze","player_choice":"Fled","floor":2.0,"gold_loss":0.0,"damage_taken":0.0},{"cards_removed":["theDuelist:CastleWalls"],"damage_healed":0.0,"max_hp_gain":0.0,"max_hp_loss":0.0,"gold_gain":0.0,"event_name":"The Cleric","player_choice":"Card Removal","floor":3.0,"gold_loss":50.0,"damage_taken":0.0},{"damage_healed":0.0,"max_hp_gain":0.0,"max_hp_loss":0.0,"gold_gain":0.0,"event_name":"Wheel of Change","player_choice":"Full Heal","floor":4.0,"gold_loss":0.0,"damage_taken":0.0},{"damage_healed":0.0,"max_hp_gain":0.0,"max_hp_loss":0.0,"gold_gain":0.0,"event_name":"Relic Duplicator","player_choice":"Leave","duelist":true,"floor":14.0,"gold_loss":0.0,"damage_taken":0.0},{"damage_healed":0,"gold_gain":0,"player_choice":"Read","damage_taken":0,"max_hp_gain":0,"max_hp_loss":0,"event_name":"The Library","floor":19,"gold_loss":0,"cards_obtained":["theDuelist:BarrelDragon"]},{"damage_healed":0,"gold_gain":0,"player_choice":"Traded Sparks for Tornado Dragon","duelist":true,"damage_taken":0,"max_hp_gain":0,"max_hp_loss":0,"event_name":"Card Trader","floor":20,"gold_loss":0},{"damage_healed":0,"gold_gain":0,"player_choice":"Ignored","damage_taken":0,"max_hp_gain":0,"max_hp_loss":0,"event_name":"Ghosts","floor":21,"gold_loss":0}],"is_beta":false,"boss_relics":[{"not_picked":["Astrolabe","Tiny House"],"picked":"theDuelist:GamblerChip"}],"items_purged_floors":[],"is_endless":false,"potions_floor_spawned":[1,10,16,18,25,28],"killed_by":"Snake Plant","ascension_level":0}}