{"host":"g0zlq7spi0ykrc8e","time":1613156893,"event":{"mods":["BaseMod","Colored Powertips","Friendly Minions","Kiyohime（清姬）","Lobotomy","Minty Spire (QoL Compilation)","Nova Terra(诺娃・泰拉)","Prisma Mod","Quick Restart","Remilia（蕾米莉亚）","StSLib","UnlockEverythingMod","WarShipGirlsR/战舰少女R mod","Yakumo Yukari mod"],"gold_per_floor":[113,130,142,156,156,190,190,206,206,206,241,241,274,293,293,395,395,413,427,427,73,172,207,207,0,27,27,27,41,41,68,68,212,212,222,236,95,145,159,159,109,109,158,158,158],"floor_reached":44,"language":"ZHS","playtime":2332,"items_purged":["PrismaMod:IllyaCommonAttack","PrismaMod:IllyaCommonDefend","PrismaMod:IllyaCommonAttack","PrismaMod:IllyaCommonDefend"],"score":514,"play_id":"301eba4a-cdcb-45a5-9575-d9443fcb893b","local_time":"20210213030813","is_ascension_mode":false,"campfire_choices":[{"data":"PrismaMod:IllyaCheapChannelAttack","floor":10.0,"key":"SMITH"},{"data":"PrismaMod:IllyaSaphire","floor":12.0,"key":"SMITH"},{"data":"PrismaMod:IllyaAlice","floor":15.0,"key":"SMITH"},{"data":"PrismaMod:IllyaCarnivalAttack","floor":30.0,"key":"SMITH"},{"floor":32.0,"key":"REST"},{"floor":40,"key":"RECALL"},{"data":"PrismaMod:IllyaUncommonAttack","floor":42,"key":"SMITH"}],"circlet_count":0,"master_deck":["PrismaMod:IllyaCommonAttack","PrismaMod:IllyaCommonDefend","PrismaMod:IllyaCommonAttack","PrismaMod:IllyaCommonDefend","PrismaMod:IllyaCommonAttack","PrismaMod:IllyaCommonDefend","PrismaMod:IllyaUncommonAttack+1","PrismaMod:IllyaUncommonDefend+1","Dramatic Entrance","PrismaMod:IllyaCheapAttack","PrismaMod:IllyaAOECommonAttack","PrismaMod:IllyaCheapChannelAttack+1","PrismaMod:IllyaMinorReinForce","PrismaMod:IllyaSaphire+1","PrismaMod:IllyaPartialInstallAssassin","PrismaMod:IllyaAlice+1","PrismaMod:IllyaGrail","PrismaMod:IllyaCarnivalAttack+1","PrismaMod:IllyaBride","Necronomicurse","PrismaMod:IllyaCommandSeal","PrismaMod:IllyaCarnivalPrismaAstolfo","PrismaMod:IllyaInstallCaster","PrismaMod:IllyaCommonEvoke+1","PrismaMod:IllyaDualEvoke+1","PrismaMod:IllyaUncommonAttack+1","PrismaMod:IllyaSaphire","PrismaMod:IllyaCommonEvoke+1"],"relics":["PrismaMod:PrismaRuby","Tiny Chest","StrikeDummy","Blue Candle","Smiling Mask","SlaversCollar","Necronomicon","Blood Vial","Bag of Marbles","MealTicket","Molten Egg 2","Strange Spoon","Vajra","Ice Cream","Gambling Chip","Bronze Scales","ScarletDevilRocket"],"acts_visited":["Exordium","TheCity","TheBeyond"],"potions_floor_usage":[39,44],"damage_taken":[{"damage":0.0,"enemies":"Cultist","floor":1.0,"turns":4.0},{"damage":0.0,"enemies":"2 Louse","floor":2.0,"turns":2.0},{"damage":0.0,"enemies":"Jaw Worm","floor":3.0,"turns":4.0},{"damage":13.0,"enemies":"3 Louse","floor":4.0,"turns":3.0},{"damage":0.0,"enemies":"Lagavulin","floor":6.0,"turns":7.0},{"damage":6.0,"enemies":"Large Slime","floor":8.0,"turns":6.0},{"damage":22.0,"enemies":"Gremlin Nob","floor":11.0,"turns":5.0},{"damage":4.0,"enemies":"Lagavulin","floor":13.0,"turns":7.0},{"damage":0.0,"enemies":"Looter","floor":14.0,"turns":2.0},{"damage":17.0,"enemies":"Hexaghost","floor":16.0,"turns":9.0},{"damage":37.0,"enemies":"Spheric Guardian","floor":18.0,"turns":5.0},{"damage":8.0,"enemies":"3 Byrds","floor":19.0,"turns":5.0},{"damage":0.0,"enemies":"Gremlin Leader","floor":23.0,"turns":7.0},{"damage":1.0,"enemies":"3 Cultists","floor":29.0,"turns":4.0},{"damage":8.0,"enemies":"Book of Stabbing","floor":31.0,"turns":5.0},{"damage":44.0,"enemies":"Champ","floor":33.0,"turns":7.0},{"damage":0.0,"enemies":"Orb Walker","floor":35.0,"turns":4.0},{"damage":40.0,"enemies":"3 Darklings","floor":36.0,"turns":6.0},{"damage":40,"enemies":"Maw","floor":39,"turns":7},{"damage":48,"enemies":"Reptomancer","floor":44,"turns":2}],"seed_played":"6936320138119074191","potions_obtained":[{"floor":1.0,"key":"Block Potion"},{"floor":4.0,"key":"Fire Potion"},{"floor":8.0,"key":"LiquidBronze"},{"floor":13.0,"key":"GamblersBrew"},{"floor":23.0,"key":"Strength Potion"},{"floor":29.0,"key":"DistilledChaos"},{"floor":31.0,"key":"CultistPotion"},{"floor":35.0,"key":"LiquidMemories"},{"floor":39,"key":"LiquidBronze"}],"is_trial":false,"path_per_floor":["M","M","M","M","?","E","T","M","T","R","E","R","E","M","R","B",null,"M","M","?","$","?","E","T","$","T","T","?","M","R","E","R","B",null,"M","M","$","T","M","R","$","R","T","E"],"character_chosen":"ILLYA","items_purchased":["Blood Vial","Bag of Marbles","Strange Spoon","PrismaMod:IllyaUncommonAttack+1","PrismaMod:IllyaSaphire"],"campfire_rested":1,"item_purchase_floors":[21,21,25,37,37],"current_hp_per_floor":[75,75,75,62,62,62,62,56,56,56,34,34,30,30,30,18,75,38,30,14,14,14,21,21,36,36,36,36,40,40,40,62,23,75,75,40,55,55,27,27,42,42,42,0,0],"gold":158,"neow_bonus":"RANDOM_COLORLESS","is_daily":false,"chose_seed":false,"campfire_upgraded":5,"win_rate":0.0,"timestamp":1613156893,"path_taken":["M","M","?","M","?","E","?","M","T","R","E","R","E","M","R","BOSS","M","M","?","$","?","E","?","$","T","?","?","?","R","E","R","BOSS","M","M","$","?","M","R","$","R","T","E"],"items_purchased_type":["Relic","Relic","Relic","Card","Card"],"build_version":"2020-12-22","purchased_purges":4,"victory":false,"max_hp_per_floor":[75,75,75,75,75,75,75,75,75,75,75,75,75,75,75,75,75,75,75,75,75,75,75,75,75,75,75,75,75,75,75,75,75,75,75,75,75,75,75,75,75,75,75,75,75],"card_choices":[{"not_picked":["Swift Strike","Dark Shackles"],"picked":"Dramatic Entrance","floor":0.0},{"not_picked":["PrismaMod:IllyaGun","PrismaMod:IllyaUberPoisonBlock"],"picked":"PrismaMod:IllyaCheapAttack","floor":1.0},{"not_picked":["PrismaMod:IllyaSaphire","PrismaMod:IllyaGrailKun"],"picked":"PrismaMod:IllyaAOECommonAttack","floor":2.0},{"not_picked":["PrismaMod:IllyaGun","PrismaMod:IllyaRubysPotion"],"picked":"PrismaMod:IllyaCheapChannelAttack","floor":3.0},{"not_picked":["PrismaMod:IllyaCommonEvoke","PrismaMod:IllyaCheapChannelPoison"],"picked":"PrismaMod:IllyaMinorReinForce","floor":4.0},{"not_picked":["PrismaMod:IllyaBride","PrismaMod:IllyaUberDefendChannel"],"picked":"PrismaMod:IllyaSaphire","floor":6.0},{"not_picked":["PrismaMod:IllyaPoisonTippedWeapons","PrismaMod:IllyaCheapAttack"],"picked":"PrismaMod:IllyaPartialInstallAssassin","floor":8.0},{"not_picked":["PrismaMod:IllyaUncommonAttack","PrismaMod:IllyaSaphire","PrismaMod:IllyaStunPoison"],"picked":"SKIP","floor":11.0},{"not_picked":["PrismaMod:IllyaHassanGift","PrismaMod:IllyaMaid"],"picked":"PrismaMod:IllyaAlice","floor":13.0},{"not_picked":["PrismaMod:IllyaUpgradeOrbs","PrismaMod:IllyaBride"],"picked":"PrismaMod:IllyaGrail","floor":14.0},{"not_picked":["PrismaMod:IllyaCarnivalDefend","PrismaMod:IllyaZwei"],"picked":"PrismaMod:IllyaCarnivalAttack","floor":16.0},{"not_picked":["PrismaMod:IllyaBlindPoisonToss","PrismaMod:IllyaSaphire","PrismaMod:IllyaRubysPotion"],"picked":"SKIP","floor":18.0},{"not_picked":["PrismaMod:IllyaUpgradeOrbs","PrismaMod:IllyaGrailKun"],"picked":"PrismaMod:IllyaBride","floor":19.0},{"not_picked":["PrismaMod:IllyaCheapChannelDefend+1","PrismaMod:IllyaUncommonEvoke"],"picked":"PrismaMod:IllyaCommandSeal","floor":23.0},{"not_picked":["PrismaMod:IllyaFriendMaker+1","PrismaMod:IllyaReinForce"],"picked":"PrismaMod:IllyaCarnivalPrismaAstolfo","floor":29.0},{"not_picked":["PrismaMod:IllyaGun+1","PrismaMod:IllyaCommonEvoke+1","PrismaMod:IllyaBlindPoisonToss+1"],"picked":"SKIP","floor":31.0},{"not_picked":["PrismaMod:IllyaCarnivalPrismaAstolfo","PrismaMod:IllyaInstallAssassin"],"picked":"PrismaMod:IllyaInstallCaster","floor":33.0},{"not_picked":["PrismaMod:IllyaBoysLove+1","PrismaMod:IllyaPoisonTippedWeapons+1"],"picked":"PrismaMod:IllyaCommonEvoke+1","floor":35.0},{"not_picked":["PrismaMod:IllyaGrailKun+1","PrismaMod:IllyaMaid"],"picked":"PrismaMod:IllyaDualEvoke+1","floor":36.0},{"not_picked":["PrismaMod:IllyaBlindPoisonToss+1","PrismaMod:IllyaCheapChannelDefend"],"picked":"PrismaMod:IllyaCommonEvoke+1","floor":39}],"player_experience":142467,"relics_obtained":[{"floor":6.0,"key":"Tiny Chest"},{"floor":9.0,"key":"StrikeDummy"},{"floor":11.0,"key":"Blue Candle"},{"floor":13.0,"key":"Smiling Mask"},{"floor":20.0,"key":"Necronomicon"},{"floor":23.0,"key":"MealTicket"},{"floor":24.0,"key":"Molten Egg 2"},{"floor":26.0,"key":"Vajra"},{"floor":27.0,"key":"Ice Cream"},{"floor":31.0,"key":"Gambling Chip"},{"floor":38.0,"key":"Bronze Scales"},{"floor":43,"key":"ScarletDevilRocket"}],"event_choices":[{"damage_healed":0.0,"max_hp_gain":0.0,"max_hp_loss":0.0,"gold_gain":0.0,"event_name":"Living Wall","player_choice":"Grow","floor":5.0,"gold_loss":0.0,"damage_taken":0.0,"cards_upgraded":["PrismaMod:IllyaUncommonDefend"]},{"damage_healed":0.0,"max_hp_gain":0.0,"max_hp_loss":0.0,"gold_gain":0.0,"event_name":"Cursed Tome","player_choice":"Obtained Book","floor":20.0,"gold_loss":0.0,"damage_taken":16.0},{"damage_healed":0.0,"max_hp_gain":0.0,"max_hp_loss":0.0,"gold_gain":99.0,"event_name":"Nest","player_choice":"Stole From Cult","floor":22.0,"gold_loss":0.0,"damage_taken":0.0},{"damage_healed":0.0,"max_hp_gain":0.0,"max_hp_loss":0.0,"gold_gain":0.0,"event_name":"NoteForYourself","player_choice":"Ignored","floor":28.0,"gold_loss":0.0,"damage_taken":0.0}],"is_beta":false,"boss_relics":[{"not_picked":["Runic Pyramid","Philosopher\u0027s Stone"],"picked":"SlaversCollar"},{"not_picked":["Cursed Key","Fusion Hammer","Pandora\u0027s Box"]}],"items_purged_floors":[21,25,37,41],"is_endless":false,"potions_floor_spawned":[1,4,8,13,23,29,31,35,39],"killed_by":"Reptomancer","ascension_level":0}}