{"host":"2pluridizrp50jef","time":1613092221,"event":{"mods":["ATMod(°¢èªMod)","AchievementEnabler","Act Like it!","BaseMod","Bestiary","Better Altar","Better Match","Better Note","Better Sensory Stone","Better Skull","Better Third Choice","BetterRewards","Colored Powertips","Conspire","Curses Come First","Custom Start","Duelist Mod","Energized Spire","Gensokyo","Hallownest","Hubris","Infinite Spire","KinomotoSakuraMod(Ä¾Ö®±¾Ó£)","Lobotomy","LobotomyExtend","Luminous","Minty Spire (QoL Compilation)","Rare Cards Sparkle","Relic Stats","Reliquary","Replay The Spire","StSLib","noobMod","¡¾ÒÅÎï¿¨ÅÆ¡¿REMEMod"],"gold_per_floor":[118,128,53,110,161,161,216,228,240,295,335,347,406,418,430,618,630,667,729,741,775,787,799,839,883,920,974,986,998,1010,1044,1143,1272,1284,1311,1248,1260,1272,1284,1315,1353,1420,1432,1498,1510,1550,1612,1692,1704,1725,1737,1749,1761,1673,1716,1740],"floor_reached":57,"language":"ZHS","playtime":68107,"items_purged":["ClowCardTheShield","conspire:GhostlyDefend","conspire:GhostlyDefend"],"score":1241,"play_id":"c51ef0ba-6de2-4006-b67e-28540b5c87c1","local_time":"20210211171021","is_ascension_mode":false,"campfire_choices":[{"data":"ClowCardTheShot","floor":6,"key":"SMITH"},{"data":"ClowCardTheDream","floor":12,"key":"SMITH"},{"data":"Burn","floor":15,"key":"PURGE"},{"data":"ClowCardTheTwin","floor":23,"key":"SMITH"},{"data":"AT_FamilyPortrait","floor":23,"key":"SMITH"},{"floor":30,"key":"RECALL"},{"data":"ReplayTheSpireMod:Echoes of Time","floor":49,"key":"SMITH"},{"data":"ClowCardTheBig","floor":49,"key":"SMITH"},{"data":"ClowCardTheTwin","floor":53,"key":"SMITH"},{"data":"ClowCardTheMist","floor":53,"key":"SMITH"}],"circlet_count":0,"master_deck":["SakuraCardTheFly+","SakuraCardTheThrough+","SakuraCardTheSword+","conspire:GhostlyStrike+1","conspire:GhostlyStrike+1","conspire:GhostlyStrike","conspire:GhostlyDefend","SpellCardSeal+1","SpellCardRelease","AT_FamilyPortrait+1","AT_FamilyPortrait+1","ClowCardTheDream+1","ClowCardTheShot+1","ClowCardTheDream+1","ClowCardTheFirey+1","ClowCardThePower+1","ClowCardTheMist+1","infinitespire:OneForAll+1","ClowCardTheTwin+1","ClowCardTheMirror+1","ClowCardTheRain+1","ClowCardTheThrough+1","AT_FamilyPortrait+1","ClowCardTheChange+1","ReplayTheSpireMod:Echoes of Time+1","ClowCardTheBig+1","ClowCardTheTwin+1","ClowCardTheMove+1"],"relics":["KSMOD_SealedBook","KSMOD_StarWand","AT_ATBox","REME_ComplimentaryCards","ice","LetterFromLob","REME_ArchaeologicalTools","MawBank","Molten Egg 2","hubris:TinFlute","Prayer Wheel","Replay:Arrowhead","Busted Crown","Pen Nib","REME_HourglassOfDeath","Ornamental Fan","hubris:Towel","AT_SilvercatRing","Prayer Wheel","KSMOD_TomoyosHeart","Prayer Wheel","reliquary:Stiletto","Bag of Preparation","infinitespire:Joker Card","KSMOD_TaoistSuit"],"acts_visited":[],"potions_floor_usage":[21,24,42],"damage_taken":[{"damage":10,"enemies":"Small Slimes","floor":1,"turns":3},{"damage":15,"enemies":"2 Louse","floor":2,"turns":3},{"damage":0,"enemies":"Cultist","floor":5,"turns":2},{"damage":30,"enemies":"Lagavulin","floor":7,"turns":4},{"damage":9,"enemies":"3 Sentries","floor":10,"turns":3},{"damage":5,"enemies":"Blue Slaver","floor":11,"turns":4},{"damage":0,"enemies":"Gremlin Nob","floor":13,"turns":1},{"damage":17,"enemies":"Fading Forest","floor":16,"turns":11},{"damage":3,"enemies":"2 Thieves","floor":18,"turns":2},{"damage":0,"enemies":"Shell Parasite","floor":21,"turns":2},{"damage":9,"enemies":"theDuelist:KaibaA2","floor":24,"turns":2},{"damage":0,"enemies":"Snake Plant","floor":25,"turns":2},{"damage":49,"enemies":"Nightmare","floor":27,"turns":4},{"damage":12,"enemies":"Shelled Parasite and Fungi","floor":31,"turns":2},{"damage":31,"enemies":"hubris:MusketHawk","floor":33,"turns":5},{"damage":5,"enemies":"3 Shapes","floor":35,"turns":2},{"damage":0,"enemies":"3 Darklings","floor":40,"turns":2},{"damage":6,"enemies":"Writhing Mass","floor":41,"turns":2},{"damage":0,"enemies":"Transient","floor":42,"turns":4},{"damage":77,"enemies":"Nightmare","floor":44,"turns":4},{"damage":0,"enemies":"Jaw Worm Horde","floor":46,"turns":1},{"damage":2,"enemies":"Nemesis","floor":47,"turns":3},{"damage":6,"enemies":"2 Orb Walkers","floor":48,"turns":2},{"damage":0,"enemies":"Replay:Hell Engine","floor":50,"turns":1},{"damage":0,"enemies":"Shield and Spear","floor":55,"turns":2},{"damage":16,"enemies":"The Heart","floor":56,"turns":3}],"seed_played":"6547381266051900053","potions_obtained":[{"floor":5,"key":"conspire:TimeTravelPotion"},{"floor":11,"key":"FairyPotion"},{"floor":13,"key":"REME_GoldPotion"},{"floor":24,"key":"Fruit Juice"},{"floor":35,"key":"Energy Potion"},{"floor":42,"key":"Energy Potion"}],"is_trial":false,"path_per_floor":["M","M","$","?","M","R","E","?","T","E","M","R","E","?","R","B",null,"M","?","?","M","T","R","E","M","T","NM","?","$","R","M","R","B",null,"M","?","?","?","T","M","M","M","T","NM","?","M","E","?","R","B",null,null,"R","$","E","B",null],"character_chosen":"KINOMOTOSAKURA","items_purchased":[],"campfire_rested":0,"item_purchase_floors":[],"current_hp_per_floor":[60,45,45,45,45,45,15,15,15,6,70,70,70,70,70,64,76,73,73,73,73,73,73,69,69,69,20,20,15,15,3,3,98,98,93,93,93,93,93,93,87,87,87,10,10,10,119,119,119,119,119,119,119,119,119,186],"gold":1740,"neow_bonus":"UPGRADE_CARD","is_daily":false,"chose_seed":false,"campfire_upgraded":8,"win_rate":0.0,"timestamp":1613092221,"path_taken":["M","M","$","?","M","R","E","?","T","E","M","R","E","?","R","BOSS","M","?","?","M","?","R","E","?","T","NM","?","?","R","M","R","BOSS","M","?","?","?","?","M","?","M","T","NM","?","M","E","?","R","BOSS","R","$","E","BOSS"],"items_purchased_type":[],"build_version":"2020-12-22","purchased_purges":3,"victory":true,"max_hp_per_floor":[70,70,70,70,70,70,70,70,70,70,70,70,70,70,70,76,76,77,77,77,79,79,79,85,85,85,92,92,92,92,94,94,98,98,99,99,99,99,99,99,102,105,105,116,116,116,119,119,119,119,119,119,119,119,119,292],"relic_stats":{"Busted Crown":122,"counters":[26,76],"Ornamental Fan":[104],"Prayer Wheel":14,"Pen Nib":[12],"Bag of Preparation":[8],"MawBank":564,"obtain_stats":[{"AT_ATBox":0,"KSMOD_SealedBook":0,"Pen Nib":22,"infinitespire:Joker Card":48,"ice":0,"Bag of Preparation":47,"KSMOD_TaoistSuit":55,"hubris:Towel":38,"AT_SilvercatRing":39,"MawBank":7,"Replay:Arrowhead":13,"Busted Crown":17,"KSMOD_TomoyosHeart":43,"REME_HourglassOfDeath":24,"Ornamental Fan":27,"Molten Egg 2":9,"Prayer Wheel":11,"KSMOD_SealedWand":0,"reliquary:Stiletto":44,"LetterFromLob":1,"REME_ArchaeologicalTools":4,"hubris:TinFlute":10,"REME_ComplimentaryCards":0,"KSMOD_StarWand":34},{"AT_ATBox":0,"KSMOD_SealedBook":0,"Pen Nib":10,"infinitespire:Joker Card":23,"ice":0,"Bag of Preparation":22,"KSMOD_TaoistSuit":25,"hubris:Towel":16,"AT_SilvercatRing":16,"MawBank":4,"Replay:Arrowhead":7,"Busted Crown":8,"KSMOD_TomoyosHeart":19,"REME_HourglassOfDeath":11,"Ornamental Fan":13,"Molten Egg 2":4,"Prayer Wheel":6,"KSMOD_SealedWand":0,"reliquary:Stiletto":20,"LetterFromLob":1,"REME_ArchaeologicalTools":2,"hubris:TinFlute":5,"REME_ComplimentaryCards":0,"KSMOD_StarWand":15},{"AT_ATBox":0,"KSMOD_SealedBook":0,"Pen Nib":35,"infinitespire:Joker Card":70,"ice":0,"Bag of Preparation":68,"KSMOD_TaoistSuit":73,"hubris:Towel":52,"AT_SilvercatRing":52,"MawBank":12,"Replay:Arrowhead":20,"Busted Crown":31,"KSMOD_TomoyosHeart":60,"REME_HourglassOfDeath":37,"Ornamental Fan":43,"Molten Egg 2":12,"Prayer Wheel":19,"KSMOD_SealedWand":0,"reliquary:Stiletto":64,"LetterFromLob":3,"REME_ArchaeologicalTools":6,"hubris:TinFlute":15,"REME_ComplimentaryCards":0,"KSMOD_StarWand":50}]},"card_choices":[{"not_picked":["ClowCardTheWindy","ClowCardTheGlow"],"picked":"ClowCardTheDream","floor":1},{"not_picked":["ClowCardTheSweet","ClowCardTheBig"],"picked":"ClowCardTheShot","floor":2},{"not_picked":["ClowCardTheMaze","ClowCardTheSilent"],"picked":"ClowCardTheDream","floor":5},{"not_picked":["ClowCardTheStorm","ClowCardTheShadow"],"picked":"ClowCardTheFirey","floor":7},{"not_picked":["ClowCardTheLoop","ClowCardTheThunder+1","ClowCardTheArrow+1"],"picked":"SKIP","floor":10},{"not_picked":["ClowCardTheLock","ClowCardTheMaze"],"picked":"ClowCardThePower+1","floor":11},{"not_picked":["ClowCardTheFloat","ClowCardTheRain","ClowCardTheSweet"],"picked":"SKIP","floor":11},{"not_picked":["ClowCardTheSnow+1","ClowCardTheBubbles+1"],"picked":"ClowCardTheMist","floor":13},{"not_picked":["ClowCardTheTime","ClowCardTheFight+1"],"picked":"ClowCardTheThrough+1","floor":16},{"not_picked":["ClowCardTheSilent"],"picked":"SKIP","floor":18},{"not_picked":["ClowCardTheSong+1"],"picked":"SKIP","floor":18},{"not_picked":[],"picked":"ClowCardTheTwin","floor":21},{"not_picked":["ClowCardTheWood"],"picked":"SKIP","floor":21},{"not_picked":["ClowCardTheIllusion+1"],"picked":"SKIP","floor":24},{"not_picked":[],"picked":"ClowCardTheMirror+1","floor":25},{"not_picked":["ClowCardTheMaze"],"picked":"SKIP","floor":25},{"not_picked":[],"picked":"ClowCardTheFly+1","floor":27},{"not_picked":[],"picked":"ClowCardTheRain+1","floor":31},{"not_picked":["ClowCardTheSnow+1"],"picked":"SKIP","floor":31},{"not_picked":[],"picked":"ClowCardTheThrough+1","floor":33},{"not_picked":["ClowCardTheSilent"],"picked":"SKIP","floor":35},{"not_picked":["ClowCardTheSilent+1"],"picked":"SKIP","floor":35},{"not_picked":["ClowCardTheCloud+1"],"picked":"SKIP","floor":40},{"not_picked":["ClowCardTheCloud+1"],"picked":"SKIP","floor":40},{"not_picked":[],"picked":"ClowCardTheChange+1","floor":41},{"not_picked":["ClowCardTheBubbles+1"],"picked":"SKIP","floor":41},{"not_picked":["ClowCardTheArrow+1"],"picked":"SKIP","floor":42},{"not_picked":["ClowCardTheChange"],"picked":"SKIP","floor":42},{"not_picked":["ClowCardTheShadow"],"picked":"SKIP","floor":42},{"not_picked":["infinitespire:Oblivion","infinitespire:Punishment"],"picked":"ReplayTheSpireMod:Echoes of Time","floor":44},{"not_picked":[],"picked":"ClowCardTheBig","floor":44},{"not_picked":[],"picked":"ClowCardTheTwin","floor":46},{"not_picked":["ClowCardTheIllusion"],"picked":"SKIP","floor":46},{"not_picked":["ClowCardTheLock+1"],"picked":"SKIP","floor":46},{"not_picked":["ClowCardTheWindy"],"picked":"SKIP","floor":46},{"not_picked":["ClowCardTheIllusion"],"picked":"SKIP","floor":46},{"not_picked":["ClowCardTheLock+1"],"picked":"SKIP","floor":46},{"not_picked":["ClowCardTheWindy"],"picked":"SKIP","floor":46},{"not_picked":[],"picked":"ClowCardTheMove+1","floor":47},{"not_picked":["ClowCardTheArrow+1"],"picked":"SKIP","floor":55}],"player_experience":110321,"relics_obtained":[{"floor":1,"key":"LetterFromLob"},{"floor":4,"key":"REME_ArchaeologicalTools"},{"floor":7,"key":"MawBank"},{"floor":9,"key":"Molten Egg 2"},{"floor":10,"key":"hubris:TinFlute"},{"floor":13,"key":"Replay:Arrowhead"},{"floor":22,"key":"Pen Nib"},{"floor":24,"key":"REME_HourglassOfDeath"},{"floor":27,"key":"Ornamental Fan"},{"floor":39,"key":"AT_SilvercatRing"},{"floor":43,"key":"KSMOD_TomoyosHeart"},{"floor":44,"key":"reliquary:Stiletto"},{"floor":47,"key":"Bag of Preparation"},{"floor":48,"key":"infinitespire:Joker Card"},{"floor":55,"key":"KSMOD_TaoistSuit"}],"event_choices":[{"damage_healed":15,"gold_gain":0,"player_choice":"Embrace Burn","damage_taken":0,"max_hp_gain":0,"max_hp_loss":70,"event_name":"betterThird:BetterShining","floor":8,"gold_loss":0},{"damage_healed":0,"gold_gain":0,"player_choice":"Agree","damage_taken":0,"max_hp_gain":0,"max_hp_loss":0,"event_name":"conspire:LoneGhost","floor":14,"gold_loss":0},{"damage_healed":0,"gold_gain":100,"player_choice":"Bet on Murderer","damage_taken":0,"max_hp_gain":0,"max_hp_loss":0,"event_name":"The Joust","floor":19,"gold_loss":50},{"cards_removed":["AT_FamilyPortrait"],"damage_healed":0,"gold_gain":0,"player_choice":"Take \u0026 Give","damage_taken":0,"max_hp_gain":0,"max_hp_loss":0,"event_name":"betterNote:BetterNote","floor":20,"gold_loss":0,"cards_obtained":["infinitespire:OneForAll"]},{"damage_healed":0,"gold_gain":0,"player_choice":"Upgraded","damage_taken":0,"max_hp_gain":0,"max_hp_loss":0,"event_name":"Upgrade Shrine","floor":28,"gold_loss":0,"cards_upgraded":["ClowCardTheDream"]},{"damage_healed":0,"gold_gain":0,"player_choice":"Random: Orange","damage_taken":0,"max_hp_gain":0,"max_hp_loss":0,"event_name":"betterThird:BetterPortal","floor":36,"gold_loss":0},{"damage_healed":0,"gold_gain":0,"player_choice":"2","damage_taken":0,"max_hp_gain":0,"max_hp_loss":0,"event_name":"betterMatch:BetterMatch","floor":36,"gold_loss":0,"cards_obtained":["betterMatch:UncommonCard"]},{"damage_healed":0,"gold_gain":3,"player_choice":"4","damage_taken":0,"max_hp_gain":0,"max_hp_loss":0,"event_name":"betterStone:BetterStone","floor":37,"gold_loss":0,"cards_obtained":["AT_FamilyPortrait"]},{"damage_healed":0,"gold_gain":0,"player_choice":"Ignored","damage_taken":0,"max_hp_gain":0,"max_hp_loss":0,"event_name":"The Moai Head","floor":45,"gold_loss":0},{"damage_healed":0,"gold_gain":0,"player_choice":"Fight","damage_taken":0,"max_hp_gain":0,"max_hp_loss":0,"event_name":"Mysterious Sphere","floor":48,"gold_loss":0}],"is_beta":false,"boss_relics":[{"not_picked":["Replay:Ancient Bell","reliquary:Ember"],"picked":"Busted Crown"},{"not_picked":["reliquary:Craggleroot","REME_DuelDisc"],"picked":"KSMOD_StarWand"}],"items_purged_floors":[3,29,54],"is_endless":false,"potions_floor_spawned":[1,5,11,13,18,21,24,31,33,35,42,47],"ascension_level":0}}