{"host":"rtw1tnr74gozsrw1","time":1613174204,"event":{"mods":["BaseMod","Colored Map","Colored Powertips","Highlight Path","Infinite Spire","Minty Spire (QoL Compilation)","StSLib","The Jungle"],"gold_per_floor":[112,112,37,37,51,51,51,79,79,79,91,91,120,131,131,131,131],"floor_reached":16,"language":"ENG","playtime":321,"items_purged":["Strike_R"],"score":153,"play_id":"2dc75c81-eec2-471a-8189-cbead38ccdb4","local_time":"20210213005644","is_ascension_mode":true,"campfire_choices":[{"data":"Inflame","floor":6,"key":"SMITH"},{"data":"Bash","floor":10,"key":"SMITH"},{"data":"Defend_R","floor":12,"key":"SMITH"},{"floor":15,"key":"REST"}],"circlet_count":0,"master_deck":["Strike_R","Strike_R","Strike_R","Defend_R+1","Defend_R","Defend_R","Defend_R","Bash+1","Inflame+1","Flex","Flex"],"relics":["Burning Blood","NeowsBlessing","Omamori","Anchor","Matryoshka","Bag of Marbles"],"acts_visited":["Exordium"],"potions_floor_usage":[16],"damage_taken":[{"damage":0,"enemies":"Cultist","floor":1,"turns":1},{"damage":0,"enemies":"Small Slimes","floor":5,"turns":2},{"damage":0,"enemies":"Gremlin Nob","floor":8,"turns":1},{"damage":0,"enemies":"Jaw Worm","floor":11,"turns":3},{"damage":39,"enemies":"3 Sentries","floor":13,"turns":11},{"damage":9,"enemies":"Red Slaver","floor":14,"turns":4},{"damage":68,"enemies":"Hexaghost","floor":16,"turns":9}],"seed_played":"1018682234097270140","potions_obtained":[{"floor":11,"key":"Strength Potion"},{"floor":13,"key":"FearPotion"},{"floor":14,"key":"SkillPotion"}],"is_trial":false,"path_per_floor":["M","?","$","?","M","R","?","E","T","R","M","R","E","M","R","B"],"character_chosen":"IRONCLAD","items_purchased":[],"campfire_rested":1,"item_purchase_floors":[],"current_hp_per_floor":[80,77,77,77,80,80,80,80,80,80,80,80,47,44,68,0,0],"gold":131,"neow_bonus":"THREE_ENEMY_KILL","is_daily":false,"chose_seed":false,"campfire_upgraded":3,"win_rate":0.0,"timestamp":1613174204,"path_taken":["M","?","$","?","M","R","?","E","T","R","M","R","E","M","R","BOSS"],"items_purchased_type":[],"build_version":"2020-12-22","purchased_purges":1,"victory":false,"max_hp_per_floor":[80,80,80,80,80,80,80,80,80,80,80,80,80,80,80,80,80],"card_choices":[{"not_picked":["Second Wind","Shrug It Off"],"picked":"Inflame","floor":1},{"not_picked":["Shrug It Off","Sword Boomerang","Warcry"],"picked":"SKIP","floor":5},{"not_picked":["Sentinel","Feed","Thunderclap"],"picked":"SKIP","floor":8},{"not_picked":["Iron Wave","Armaments","Combust"],"picked":"SKIP","floor":11},{"not_picked":["Headbutt","Evolve"],"picked":"Flex","floor":13},{"not_picked":["Hemokinesis","Havoc"],"picked":"Flex","floor":14}],"player_experience":148963,"relics_obtained":[{"floor":8,"key":"Anchor"},{"floor":9,"key":"Matryoshka"},{"floor":13,"key":"Bag of Marbles"}],"event_choices":[{"damage_healed":0,"gold_gain":0,"player_choice":"Success","damage_taken":3,"relics_obtained":["Omamori"],"max_hp_gain":0,"max_hp_loss":0,"event_name":"Scrap Ooze","floor":2,"gold_loss":0},{"cards_removed":["Strike_R"],"damage_healed":0,"gold_gain":0,"player_choice":"Purged","damage_taken":0,"max_hp_gain":0,"max_hp_loss":0,"event_name":"Purifier","floor":7,"gold_loss":0}],"is_beta":false,"boss_relics":[],"items_purged_floors":[3],"is_endless":false,"potions_floor_spawned":[11,13,14],"killed_by":"Hexaghost","ascension_level":3}}