{"host":"b6y7xm5pwpiq42ks","time":1613152333,"event":{"mods":["AchievementEnabler","BaseMod","Highlight Path","Minty Spire (QoL Compilation)","Permanent Neow","Quick Restart"],"gold_per_floor":[117,133,133,208,173,206,206,236,260,280,292,292,303,313,313,414,414,431,447,447,447,48,76,76,106,106,76,95,95,105,121,121,218,218,236,236,251,6,6,39,58,88,100,112,157,169,201,224,236,248,248],"floor_reached":50,"language":"ENG","playtime":1904,"items_purged":[],"score":682,"play_id":"bb215070-1122-4177-b7c1-d2889839f35c","local_time":"20210212095213","is_ascension_mode":false,"campfire_choices":[{"floor":7.0,"key":"REST"},{"floor":15.0,"key":"REST"},{"data":"Rage","floor":24.0,"key":"SMITH"},{"floor":29,"key":"REST"},{"data":"Barricade","floor":32,"key":"SMITH"},{"floor":46,"key":"REST"},{"floor":49,"key":"REST"}],"circlet_count":0,"master_deck":["Strike_R+1","Strike_R+1","Strike_R+1","Strike_R+1","Strike_R+1","Defend_R+1","Defend_R+1","Defend_R+1","Defend_R+1","Bash","Rage+1","Shrug It Off","Anger","Flex+1","Seeing Red","Anger","Twin Strike","Offering","Sword Boomerang+1","Combust","Shrug It Off+1","Double Tap","Combust","Metallicize","Anger","Barricade+1","Limit Break","Shrug It Off+1","Madness","Madness","Fire Breathing","Bandage Up","Metallicize","Cleave","Thunderclap","Immolate","Anger","Flex+1","Dual Wield+1","Ghostly Armor+1","Battle Trance+1"],"relics":["Burning Blood","Ancient Tea Set","Boot","Mango","Regal Pillow","Black Star","MutagenicStrength","Self Forming Clay","Chemical X","Centennial Puzzle","Nunchaku","Dream Catcher","Mummified Hand","Letter Opener","Mark of Pain","DollysMirror","PreservedInsect","Anchor","Toxic Egg 2","MawBank","Thread and Needle","Red Skull","Meat on the Bone"],"acts_visited":["Exordium","TheCity","TheBeyond"],"potions_floor_usage":[25,31,33,37,41,45,45,48,50],"damage_taken":[{"damage":10.0,"enemies":"Cultist","floor":1.0,"turns":4.0},{"damage":11.0,"enemies":"2 Louse","floor":2.0,"turns":3.0},{"damage":34.0,"enemies":"Lagavulin","floor":6.0,"turns":6.0},{"damage":25.0,"enemies":"3 Sentries","floor":8.0,"turns":10.0},{"damage":2.0,"enemies":"Small Slimes","floor":10.0,"turns":3.0},{"damage":6.0,"enemies":"3 Louse","floor":11.0,"turns":3.0},{"damage":43.0,"enemies":"Exordium Wildlife","floor":13.0,"turns":6.0},{"damage":5.0,"enemies":"Looter","floor":14.0,"turns":2.0},{"damage":52.0,"enemies":"Slime Boss","floor":16.0,"turns":12.0},{"damage":16.0,"enemies":"Spheric Guardian","floor":18.0,"turns":5.0},{"damage":8.0,"enemies":"3 Byrds","floor":19.0,"turns":4.0},{"damage":21.0,"enemies":"Slavers","floor":23.0,"turns":5.0},{"damage":18,"enemies":"Gremlin Leader","floor":25,"turns":5},{"damage":9,"enemies":"Centurion and Healer","floor":28,"turns":3},{"damage":13,"enemies":"3 Cultists","floor":30,"turns":4},{"damage":17,"enemies":"Snecko","floor":31,"turns":6},{"damage":61,"enemies":"Automaton","floor":33,"turns":8},{"damage":9,"enemies":"Orb Walker","floor":35,"turns":3},{"damage":41,"enemies":"3 Darklings","floor":37,"turns":7},{"damage":26,"enemies":"Nemesis","floor":40,"turns":7},{"damage":9,"enemies":"4 Shapes","floor":41,"turns":4},{"damage":6,"enemies":"Reptomancer","floor":42,"turns":2},{"damage":19,"enemies":"Giant Head","floor":45,"turns":7},{"damage":27,"enemies":"Maw","floor":47,"turns":8},{"damage":12,"enemies":"Spire Growth","floor":48,"turns":4},{"damage":103,"enemies":"Awakened One","floor":50,"turns":11}],"seed_played":"-6526909708775852754","potions_obtained":[{"floor":1.0,"key":"SteroidPotion"},{"floor":6.0,"key":"FearPotion"},{"floor":13.0,"key":"Explosive Potion"},{"floor":14.0,"key":"ElixirPotion"},{"floor":18.0,"key":"ColorlessPotion"},{"floor":23.0,"key":"SteroidPotion"},{"floor":27,"key":"BlessingOfTheForge"},{"floor":27,"key":"LiquidBronze"},{"floor":31,"key":"DuplicationPotion"},{"floor":33,"key":"Regen Potion"},{"floor":40,"key":"PowerPotion"},{"floor":42,"key":"BloodPotion"},{"floor":44,"key":"Swift Potion"},{"floor":44,"key":"SkillPotion"},{"floor":47,"key":"DuplicationPotion"}],"is_trial":false,"path_per_floor":["M","M","?","?","?","E","R","E","T","M","M","?","M","M","R","B",null,"M","M","?","?","$","E","R","E","T","?","M","R","M","M","R","B",null,"M","?","M","$","?","E","M","E","T","?","E","R","M","M","R","B"],"character_chosen":"IRONCLAD","items_purchased":["Self Forming Clay","Chemical X","Bandage Up","DollysMirror"],"campfire_rested":5,"item_purchase_floors":[22,22,38,38],"current_hp_per_floor":[76,71,76,65,85,57,82,77,77,81,81,81,44,45,89,43,99,89,87,87,87,87,72,72,60,60,60,57,99,92,81,81,26,99,96,84,54,54,54,38,35,39,39,39,30,74,57,63,99,0,0],"gold":248,"neow_bonus":"RANDOM_COMMON_RELIC","is_daily":false,"chose_seed":false,"campfire_upgraded":2,"win_rate":0.0,"timestamp":1613152333,"path_taken":["M","?","?","?","?","E","R","E","T","?","M","?","M","M","R","BOSS","M","M","?","?","$","E","R","E","T","?","?","R","?","M","R","BOSS","M","?","M","$","?","E","M","E","T","?","E","R","M","M","R","BOSS"],"items_purchased_type":["Relic","Relic","Card","Relic"],"build_version":"2020-12-22","purchased_purges":0,"victory":false,"max_hp_per_floor":[80,80,85,85,85,85,85,99,99,99,99,99,99,99,99,99,99,99,99,99,99,99,99,99,99,99,99,99,99,99,99,99,99,99,99,99,99,99,99,99,99,99,99,99,99,99,99,99,99,99,99],"card_choices":[{"not_picked":["Wild Strike","Cleave"],"picked":"Rage","floor":1.0},{"not_picked":["Evolve","Headbutt"],"picked":"Reckless Charge","floor":2.0},{"not_picked":["Body Slam","Headbutt"],"picked":"Shrug It Off","floor":6.0},{"not_picked":["Pummel","Fiend Fire"],"picked":"Anger","floor":8.0},{"not_picked":["Twin Strike","True Grit"],"picked":"Flex","floor":10.0},{"not_picked":["Dark Embrace","Cleave"],"picked":"Seeing Red","floor":11.0},{"not_picked":["Shrug It Off","Whirlwind"],"picked":"Anger","floor":13.0},{"not_picked":["Clothesline","Havoc"],"picked":"Twin Strike","floor":14.0},{"not_picked":["Fiend Fire","Bludgeon"],"picked":"Offering","floor":16.0},{"not_picked":["Hemokinesis","Heavy Blade"],"picked":"Sword Boomerang+1","floor":18.0},{"not_picked":["Shrug It Off","Clash"],"picked":"Combust","floor":19.0},{"not_picked":["Searing Blow","Clothesline"],"picked":"Shrug It Off+1","floor":23.0},{"not_picked":["Offering","Rage"],"picked":"Double Tap","floor":25},{"not_picked":["Perfected Strike+1","True Grit"],"picked":"Combust","floor":28},{"not_picked":["Spot Weakness+1","Dropkick+1"],"picked":"Metallicize","floor":29},{"not_picked":["Armaments","True Grit"],"picked":"Anger","floor":30},{"not_picked":["Perfected Strike+1","Pommel Strike"],"picked":"Barricade","floor":31},{"not_picked":["Feed","Barricade"],"picked":"Limit Break","floor":33},{"not_picked":["Disarm","Heavy Blade+1"],"picked":"Shrug It Off+1","floor":35},{"not_picked":["Warcry","Pommel Strike"],"picked":"Fire Breathing","floor":37},{"not_picked":["Clash+1","Warcry+1"],"picked":"Cleave","floor":40},{"not_picked":["Pummel","Iron Wave"],"picked":"Thunderclap","floor":41},{"not_picked":["Reckless Charge","True Grit+1"],"picked":"Immolate","floor":42},{"not_picked":["Reckless Charge","Flex+1"],"picked":"Anger","floor":45},{"not_picked":["Hemokinesis","Blood for Blood+1"],"picked":"Flex+1","floor":46},{"not_picked":["Clash","Ghostly Armor+1"],"picked":"Dual Wield+1","floor":47},{"not_picked":["Pummel","Shrug It Off+1"],"picked":"Ghostly Armor+1","floor":48},{"not_picked":["Flex+1","Whirlwind+1"],"picked":"Battle Trance+1","floor":49}],"player_experience":166046,"relics_obtained":[{"floor":6.0,"key":"Boot"},{"floor":8.0,"key":"Mango"},{"floor":9.0,"key":"Regal Pillow"},{"floor":23.0,"key":"Centennial Puzzle"},{"floor":23.0,"key":"Nunchaku"},{"floor":25,"key":"Dream Catcher"},{"floor":25,"key":"Mummified Hand"},{"floor":26,"key":"Letter Opener"},{"floor":40,"key":"PreservedInsect"},{"floor":40,"key":"Anchor"},{"floor":42,"key":"Toxic Egg 2"},{"floor":42,"key":"MawBank"},{"floor":43,"key":"Thread and Needle"},{"floor":45,"key":"Red Skull"},{"floor":45,"key":"Meat on the Bone"}],"event_choices":[{"damage_healed":0.0,"max_hp_gain":5.0,"max_hp_loss":0.0,"gold_gain":0.0,"event_name":"Big Fish","player_choice":"Donut","floor":3.0,"gold_loss":0.0,"damage_taken":0.0},{"damage_healed":0.0,"max_hp_gain":0.0,"max_hp_loss":0.0,"gold_gain":75.0,"event_name":"World of Goop","player_choice":"Gather Gold","floor":4.0,"gold_loss":0.0,"damage_taken":11.0},{"damage_healed":21.0,"max_hp_gain":0.0,"max_hp_loss":0.0,"gold_gain":0.0,"event_name":"The Cleric","player_choice":"Healed","floor":5.0,"gold_loss":35.0,"damage_taken":0.0},{"damage_healed":0.0,"max_hp_gain":0.0,"max_hp_loss":0.0,"gold_gain":0.0,"event_name":"Living Wall","player_choice":"Grow","floor":12.0,"gold_loss":0.0,"damage_taken":0.0,"cards_upgraded":["Flex"]},{"damage_healed":0.0,"max_hp_gain":0.0,"max_hp_loss":0.0,"gold_gain":0.0,"event_name":"Drug Dealer","player_choice":"Inject Mutagens","floor":20.0,"gold_loss":0.0,"damage_taken":0.0,"relics_obtained":["MutagenicStrength"]},{"damage_healed":0.0,"max_hp_gain":0.0,"max_hp_loss":0.0,"gold_gain":0.0,"event_name":"Back to Basics","player_choice":"Simplicity","floor":21.0,"gold_loss":0.0,"damage_taken":0.0,"cards_upgraded":["Strike_R","Strike_R","Strike_R","Strike_R","Strike_R","Defend_R","Defend_R","Defend_R","Defend_R"]},{"damage_healed":0,"gold_gain":0,"player_choice":"Bought 2 Potions","damage_taken":0,"max_hp_gain":0,"max_hp_loss":0,"event_name":"The Woman in Blue","floor":27,"gold_loss":0},{"damage_healed":0,"gold_gain":0,"player_choice":"Embrace Madness","damage_taken":12,"max_hp_gain":0,"max_hp_loss":0,"event_name":"Winding Halls","floor":36,"gold_loss":0,"cards_obtained":["Madness","Madness"]},{"cards_removed":["Reckless Charge"],"damage_healed":0,"gold_gain":0,"player_choice":"Removed Attack","damage_taken":0,"max_hp_gain":0,"max_hp_loss":0,"event_name":"Falling","floor":39,"gold_loss":0},{"damage_healed":0,"gold_gain":0,"player_choice":"Got Potions","damage_taken":0,"max_hp_gain":0,"max_hp_loss":0,"event_name":"Lab","floor":44,"gold_loss":0}],"is_beta":false,"boss_relics":[{"not_picked":["Snecko Eye","Coffee Dripper"],"picked":"Black Star"},{"not_picked":["Velvet Choker","SacredBark"],"picked":"Mark of Pain"}],"items_purged_floors":[],"is_endless":false,"potions_floor_spawned":[1,6,13,14,18,23,28,31,33,40,42,47],"killed_by":"Awakened One","ascension_level":0}}