{"host":"skr63qsdfgeey3it","time":1613164414,"event":{"mods":["BaseMod","Colored Map","Hubris","Minty Spire (QoL Compilation)","Monster B Gone","Reliquary","Replay The Spire","Spicy Shops","StSLib"],"gold_per_floor":[117,117,50,50,225,268,268,292,292,292,292,315,351,351,351,444,444,458,458,704,723,80,118,118,151,198,198,209,224,299,315,315,386,386,396,191,211,3,20,45,70,70,70,70,70,88,143,154,154,154],"floor_reached":51,"language":"ENG","playtime":2372,"items_purged":["Doubt","Defend_G","Defend_G"],"score":1581,"play_id":"6bb39ed7-445b-47e8-96b4-1f38065db28c","local_time":"20210212151334","is_ascension_mode":true,"campfire_choices":[{"data":"Adrenaline","floor":7,"key":"SMITH"},{"floor":11,"key":"REST"},{"floor":15,"key":"REST"},{"data":"Night Terror","floor":24,"key":"SMITH"},{"floor":32,"key":"REST"},{"data":"The Bomb","floor":42,"key":"SMITH"},{"data":"ReplayTheSpireMod:Scrap Shanks","floor":44,"key":"SMITH"}],"circlet_count":0,"master_deck":["AscendersBane","Strike_G","Strike_G","Strike_G","Strike_G","Defend_G","Defend_G+1","Defend_G","Survivor","Neutralize","Dagger Spray+1","Adrenaline+1","Backflip","Flying Knee","Quick Slash","After Image+1","Night Terror+1","ReplayTheSpireMod:Tripwire","Predator","Flechettes","ReplayTheSpireMod:Scrap Shanks+1","Midas Touch","Outmaneuver","Leg Sweep+1","Infinite Blades","Envenom+1","Backflip+1","The Bomb+1","Acrobatics+1","Accuracy+1","Noxious Fumes+1"],"relics":["Ring of the Snake","NeowsBlessing","Gambling Chip","Bloody Idol","reliquary:HotPoker","ReplayTheSpireMod:Shallot","hubris:CuriousFeather","hubris:CrackedHourglass","Membership Card","hubris:BundleOfHerbs","Ninja Scroll","Replay:Rubber Ducky","Nunchaku","Replay:Grab Bag","hubris:VirtuousBlindfold","Sozu","Snecko Heart","Letter Opener","reliquary:PartyBalloon","Replay:Wax Seal","StoneCalendar","ReplayTheSpireMod:Ninjato","hubris:MedicalManual"],"acts_visited":["Exordium","TheCity","TheBeyond"],"potions_floor_usage":[13,16,22,22,33,50],"damage_taken":[{"damage":0,"enemies":"Small Slimes","floor":1,"turns":1},{"damage":0,"enemies":"Lagavulin","floor":6,"turns":1},{"damage":0,"enemies":"Cultist","floor":8,"turns":1},{"damage":0,"enemies":"Jaw Worm","floor":12,"turns":2},{"damage":12,"enemies":"Gremlin Nob","floor":13,"turns":2},{"damage":43,"enemies":"Hexaghost","floor":16,"turns":16},{"damage":0,"enemies":"Shell Parasite","floor":18,"turns":5},{"damage":0,"enemies":"Chosen","floor":21,"turns":5},{"damage":29,"enemies":"Replay:Snechameleon","floor":23,"turns":4},{"damage":12,"enemies":"Book of Stabbing","floor":25,"turns":7},{"damage":0,"enemies":"Snecko","floor":28,"turns":5},{"damage":2,"enemies":"Centurion and Healer","floor":29,"turns":5},{"damage":2,"enemies":"Snake Plant","floor":31,"turns":4},{"damage":3,"enemies":"Pondfish","floor":33,"turns":9},{"damage":13,"enemies":"Orb Walker","floor":35,"turns":2},{"damage":0,"enemies":"3 Shapes","floor":37,"turns":1},{"damage":0,"enemies":"Sphere and 2 Shapes","floor":39,"turns":2},{"damage":0,"enemies":"Giant Head","floor":40,"turns":6},{"damage":0,"enemies":"Mind Bloom Boss Battle","floor":41,"turns":6},{"damage":4,"enemies":"4 Shapes","floor":46,"turns":1},{"damage":0,"enemies":"2 Orb Walkers","floor":47,"turns":4},{"damage":0,"enemies":"Spire Growth","floor":48,"turns":3},{"damage":15,"enemies":"Replay:Hell Engine","floor":50,"turns":5}],"seed_played":"6752444287905091744","potions_obtained":[{"floor":6,"key":"SkillPotion"},{"floor":8,"key":"Death Potion"},{"floor":13,"key":"AttackPotion"},{"floor":25,"key":"SteroidPotion"},{"floor":33,"key":"Adrenaline Potion"}],"is_trial":false,"path_per_floor":["M","?","$","?","?","E","R","M","T","?","R","M","E","?","R","B",null,"M","?","?","M","$","E","R","E","T","?","M","M","?","M","R","B",null,"M","$","M","$","M","E","?","R","T","R","?","M","?","M","R_BF","B",null],"character_chosen":"THE_SILENT","items_purchased":["Gambling Chip","Membership Card","ReplayTheSpireMod:Scrap Shanks","Fruit Juice","Midas Touch","hubris:BundleOfHerbs","The Bomb","Letter Opener","reliquary:PartyBalloon"],"campfire_rested":3,"item_purchase_floors":[3,22,22,22,22,22,36,38,38],"current_hp_per_floor":[59,59,59,43,43,43,43,43,43,30,49,49,37,37,56,13,53,53,53,53,53,63,49,49,37,37,37,42,45,43,46,68,70,75,67,67,72,72,76,76,76,76,76,76,76,76,76,76,76,61],"gold":154,"neow_bonus":"THREE_ENEMY_KILL","is_daily":false,"chose_seed":false,"campfire_upgraded":4,"win_rate":0.0,"timestamp":1613164414,"path_taken":["M","?","?","?","?","E","R","M","T","?","R","M","E","?","R","BOSS","M","?","?","M","$","E","R","E","T","?","M","?","?","M","R","BOSS","M","$","M","$","M","E","?","R","T","R","?","?","?","M","R_BF","BOSS"],"items_purchased_type":["Relic","Relic","Card","Potion","Card","Relic","Card","Relic","Relic"],"build_version":"2020-12-22","purchased_purges":3,"victory":true,"max_hp_per_floor":[66,66,66,66,66,66,66,66,66,66,66,66,66,66,66,66,66,66,66,66,66,76,76,76,76,76,76,76,76,76,76,76,76,76,76,76,76,76,76,76,76,76,76,76,76,76,76,76,76,76],"card_choices":[{"not_picked":["Outmaneuver","hubris:SlightOfHand"],"picked":"Dagger Spray","floor":1},{"not_picked":["Concentrate","Masterful Stab"],"picked":"Adrenaline","floor":6},{"not_picked":["hubris:SlightOfHand","Cloak And Dagger"],"picked":"Backflip","floor":8},{"not_picked":["Deflect","Poisoned Stab"],"picked":"Flying Knee","floor":12},{"not_picked":["Grand Finale","hubris:SlightOfHand"],"picked":"Quick Slash","floor":13},{"not_picked":["Venomology","Corpse Explosion"],"picked":"Night Terror","floor":16},{"not_picked":["Blade Dance","Endless Agony"],"picked":"ReplayTheSpireMod:Tripwire","floor":18},{"not_picked":["Deadly Poison","Underhanded Strike"],"picked":"Predator","floor":20},{"not_picked":["Underhanded Strike","Cloak And Dagger"],"picked":"Flechettes","floor":21},{"not_picked":["ReplayTheSpireMod:From All Sides","PiercingWail"],"picked":"Outmaneuver","floor":23},{"not_picked":["Venomology","hubris:Counter"],"picked":"Leg Sweep","floor":25},{"not_picked":["PiercingWail","Concentrate","Setup"],"picked":"SKIP","floor":28},{"not_picked":["Outmaneuver","Concentrate","Finisher"],"picked":"SKIP","floor":29},{"not_picked":["Outmaneuver","Dodge and Roll"],"picked":"Infinite Blades","floor":31},{"not_picked":["Corpse Explosion","Doppelganger"],"picked":"Envenom","floor":33},{"not_picked":["Distraction","Sucker Punch"],"picked":"Backflip+1","floor":35},{"not_picked":["Quick Slash","All Out Attack"],"picked":"Acrobatics+1","floor":37},{"not_picked":["Backflip","Slice","Dagger Throw"],"picked":"SKIP","floor":39},{"not_picked":["Deadly Poison","Replay:Poison Smokescreen","ReplayTheSpireMod:Exploit Weakness"],"picked":"SKIP","floor":40},{"not_picked":["Outmaneuver","Deflect"],"picked":"Accuracy+1","floor":41},{"not_picked":["Prepared","Dagger Spray+1"],"picked":"Noxious Fumes+1","floor":46},{"not_picked":["Backflip","Bane+1","Hidden Blade"],"picked":"SKIP","floor":48}],"player_experience":959975,"relics_obtained":[{"floor":6,"key":"reliquary:HotPoker"},{"floor":9,"key":"ReplayTheSpireMod:Shallot"},{"floor":13,"key":"hubris:CuriousFeather"},{"floor":23,"key":"Ninja Scroll"},{"floor":25,"key":"Replay:Rubber Ducky"},{"floor":26,"key":"Nunchaku"},{"floor":40,"key":"Replay:Wax Seal"},{"floor":41,"key":"StoneCalendar"},{"floor":43,"key":"ReplayTheSpireMod:Ninjato"},{"floor":47,"key":"hubris:MedicalManual"}],"event_choices":[{"damage_healed":0,"gold_gain":0,"player_choice":"Upgraded","damage_taken":0,"max_hp_gain":0,"max_hp_loss":0,"event_name":"Upgrade Shrine","floor":2,"gold_loss":0,"cards_upgraded":["Dagger Spray"]},{"damage_healed":0,"gold_gain":0,"player_choice":"Take Damage","damage_taken":16,"relics_obtained":["Golden Idol"],"max_hp_gain":0,"max_hp_loss":0,"event_name":"Golden Idol","floor":4,"gold_loss":0},{"damage_healed":0,"gold_gain":175,"player_choice":"AGREE","damage_taken":0,"max_hp_gain":0,"max_hp_loss":0,"event_name":"Liars Game","floor":5,"gold_loss":0,"cards_obtained":["Doubt"]},{"damage_healed":0,"gold_gain":0,"player_choice":"Entered Light","damage_taken":13,"max_hp_gain":0,"max_hp_loss":0,"event_name":"Shining Light","floor":10,"gold_loss":0,"cards_upgraded":["Defend_G","Strike_G"]},{"damage_healed":0,"gold_gain":0,"player_choice":"Gave Idol","damage_taken":0,"relics_obtained":["Bloody Idol"],"max_hp_gain":0,"max_hp_loss":0,"event_name":"Forgotten Altar","floor":27,"relics_lost":["Golden Idol"],"gold_loss":0},{"damage_healed":0,"gold_gain":75,"player_choice":"Touch","damage_taken":7,"max_hp_gain":0,"max_hp_loss":0,"event_name":"FaceTrader","floor":30,"gold_loss":0},{"damage_healed":0,"gold_gain":0,"player_choice":"Fight","damage_taken":0,"max_hp_gain":0,"max_hp_loss":0,"event_name":"MindBloom","floor":41,"gold_loss":0},{"damage_healed":0,"gold_gain":0,"player_choice":"Forge","damage_taken":0,"max_hp_gain":0,"max_hp_loss":0,"event_name":"Accursed Blacksmith","floor":45,"gold_loss":0,"cards_upgraded":["Envenom"]},{"damage_healed":0,"gold_gain":0,"player_choice":"Fight","damage_taken":0,"max_hp_gain":0,"max_hp_loss":0,"event_name":"Mysterious Sphere","floor":47,"gold_loss":0}],"is_beta":false,"boss_relics":[{"not_picked":["Ectoplasm","Replay:Drink Me"],"picked":"hubris:CrackedHourglass"},{"not_picked":["Ring of the Serpent","ChewingGum"],"picked":"Replay:Grab Bag"},{"not_picked":["Coffee Dripper","hubris:TerracottaHorce"],"picked":"hubris:VirtuousBlindfold"},{"not_picked":["Replay:Wanted Poster","ReplayTheSpireMod:Onyx Gauntlets"],"picked":"Sozu"},{"not_picked":["Black Star","Snecko Scales"],"picked":"Snecko Heart"}],"items_purged_floors":[22,36,36],"is_endless":false,"potions_floor_spawned":[6,8,13,25,28,29,33,35,40,41,48],"ascension_level":14}}