{"host":"0kk91h4bq4kgfj0u","time":1613099230,"event":{"mods":["BaseMod","Bestiary","Block Reminder","Colored Map","Colored Powertips","Curses Come First","Downfall","Highlight Path","Minty Spire (QoL Compilation)","Relic Stats","StSLib"],"gold_per_floor":[99,112,127,147,163,177,249,260,260,279,79,179,189,203,214,319,319,319,339,356,370,370,370,370],"floor_reached":22,"language":"ENG","playtime":1603,"items_purged":[],"score":211,"play_id":"60a5d792-ece1-4d33-b56a-d5018902af55","local_time":"20210211220710","is_ascension_mode":false,"campfire_choices":[{"floor":1,"key":"RECALL"},{"floor":11,"key":"REST"},{"data":"champ:DefensiveShout","floor":18,"key":"SMITH"}],"circlet_count":0,"master_deck":["champ:Strike","champ:Strike","champ:Strike","champ:Strike","champ:Defend","champ:Defend","champ:Defend","champ:Defend","champ:Execute","champ:Taunt+1","champ:GutPunch","champ:Endure","champ:Haymaker","champ:FlashCut","champ:PerfectedStrike","champ:EnGarde","champ:DefensiveShout+1","champ:Taunt","champ:FanOfKnives","champ:PreemptiveStrike","champ:ShieldThrow","Jack Of All Trades","Clumsy","champ:EnragedBash","champ:CalledShot","champ:SetATrap","champ:IronFortress","champ:Improvising","champ:Backstep+1","champ:DeathBlow"],"relics":["champ:ChampionCrown","downfall:HeartBlessingRed","downfall:HeartBlessingBlue","downfall:GremlinSack","bronze:MakeshiftBattery"],"acts_visited":["Exordium","TheCity"],"potions_floor_usage":[13,15,16,16],"damage_taken":[{"damage":16,"enemies":"Jaw Worm","floor":2,"turns":4},{"damage":14,"enemies":"Cultist","floor":3,"turns":4},{"damage":5,"enemies":"2 Louse","floor":4,"turns":4},{"damage":25,"enemies":"Exordium Wildlife","floor":5,"turns":6},{"damage":6,"enemies":"3 Louse","floor":6,"turns":4},{"damage":17,"enemies":"Blue Slaver","floor":8,"turns":3},{"damage":5,"enemies":"2 Fungi Beasts","floor":10,"turns":4},{"damage":23,"enemies":"2 Fungi Beasts","floor":12,"turns":4},{"damage":43,"enemies":"Gremlin Gang","floor":13,"turns":4},{"damage":28,"enemies":"Exordium Thugs","floor":14,"turns":5},{"damage":10,"enemies":"3 Louse","floor":15,"turns":2},{"damage":54,"enemies":"IC_STATUS_ARCHETYPE","floor":16,"turns":8},{"damage":22,"enemies":"Shell Parasite","floor":19,"turns":5},{"damage":37,"enemies":"Snake Plant","floor":20,"turns":3},{"damage":44,"enemies":"Sentry and Sphere","floor":21,"turns":5},{"damage":47,"enemies":"3 Cultists","floor":22,"turns":4}],"seed_played":"-6093687509903865312","potions_obtained":[{"floor":3,"key":"Swift Potion"},{"floor":4,"key":"champ:TechniquePotion"},{"floor":5,"key":"bronze:BurnAndBuffPotion"},{"floor":12,"key":"champ:OpenerPotion"},{"floor":13,"key":"champ:CounterPotion"},{"floor":20,"key":"Dexterity Potion"}],"is_trial":false,"path_per_floor":["R","M","M","M","M","M","T","M","?","M","R","?","M","M","M","B",null,"R","M","M","M","M"],"character_chosen":"THE_CHAMP","items_purchased":[],"campfire_rested":1,"item_purchase_floors":[],"current_hp_per_floor":[99,93,89,89,79,78,78,71,71,66,108,90,59,46,41,9,109,109,92,60,46,0,0,0],"gold":370,"neow_bonus":"TEN_PERCENT_HP_BONUS","is_daily":false,"chose_seed":false,"campfire_upgraded":1,"win_rate":0.0,"timestamp":1613099230,"path_taken":["R","M","M","M","M","M","T","M","?","M","R","?","?","M","M","BOSS","R","M","M","?","M"],"items_purchased_type":[],"build_version":"2020-12-22","purchased_purges":0,"victory":false,"max_hp_per_floor":[99,99,99,99,99,99,99,99,99,99,109,109,109,109,109,109,109,109,109,109,109,109,109,109],"relic_stats":{"counters":[16,69],"obtain_stats":[{"downfall:HeartBlessingRed":11,"downfall:GremlinSack":12,"downfall:HeartBlessingBlue":11,"champ:ChampionCrown":0,"bronze:MakeshiftBattery":17},{"downfall:HeartBlessingRed":7,"downfall:GremlinSack":8,"downfall:HeartBlessingBlue":7,"champ:ChampionCrown":0,"bronze:MakeshiftBattery":12},{"downfall:HeartBlessingRed":29,"downfall:GremlinSack":33,"downfall:HeartBlessingBlue":29,"champ:ChampionCrown":0,"bronze:MakeshiftBattery":52}]},"card_choices":[{"not_picked":["champ:IronFortress","champ:BringItOn"],"picked":"champ:GutPunch","floor":2},{"not_picked":["champ:FlashCut","champ:FocusedDefense"],"picked":"champ:Endure","floor":3},{"not_picked":["champ:EndlessRage","champ:EnGarde"],"picked":"champ:Haymaker","floor":4},{"not_picked":["champ:Haymaker","champ:FanOfKnives"],"picked":"champ:FlashCut","floor":5},{"not_picked":["champ:FlashCut","champ:SwordThrow"],"picked":"champ:PerfectedStrike","floor":6},{"not_picked":["champ:PreciseThrust","champ:CrownThrow"],"picked":"champ:EnGarde","floor":8},{"not_picked":["champ:AdrenalArmor","champ:BladeFlurry"],"picked":"champ:DefensiveShout","floor":10},{"not_picked":["champ:FanOfKnives","champ:DefensiveShout"],"picked":"champ:EnragedBash","floor":12},{"not_picked":["champ:PerfectedStrike","champ:EndlessRage"],"picked":"champ:CalledShot","floor":13},{"not_picked":["champ:BladeFlurry","champ:Haymaker"],"picked":"champ:SetATrap","floor":14},{"not_picked":["champ:ArenaPreparation","champ:StanceDance"],"picked":"champ:IronFortress","floor":15},{"not_picked":["champ:SwordThrow","champ:CheapShot"],"picked":"champ:Improvising","floor":16},{"not_picked":["champ:FanOfKnives+1","champ:PerfectedStrike","champ:Endure+1"],"picked":"SKIP","floor":19},{"not_picked":["champ:Encircle+1","champ:Circumvent"],"picked":"champ:Backstep+1","floor":20},{"not_picked":["champ:GutPunch+1","champ:EnGarde"],"picked":"champ:DeathBlow","floor":21}],"player_experience":925040,"relics_obtained":[{"floor":12,"key":"downfall:GremlinSack"}],"event_choices":[{"damage_healed":0,"gold_gain":0,"player_choice":"Grow","damage_taken":0,"max_hp_gain":0,"max_hp_loss":0,"event_name":"Living Wall","floor":9,"gold_loss":0,"cards_upgraded":["champ:Taunt"]}],"is_beta":false,"boss_relics":[{"not_picked":["Runic Pyramid","SacredBark"],"picked":"bronze:MakeshiftBattery"}],"items_purged_floors":[],"is_endless":false,"potions_floor_spawned":[3,4,5,6,12,13,20],"killed_by":"3 Cultists","ascension_level":0}}