{"host":"5inz41fcnifmg6v2","time":1613112628,"event":{"mods":["BaseMod","Downfall","Minty Spire (QoL Compilation)","Reliquary","Replay The Spire","StSLib"],"gold_per_floor":[115,132,149,166,13,47,62,62,62,76,76,103,378,398,398,398,398],"floor_reached":16,"language":"ZHS","playtime":1112,"items_purged":[],"score":125,"play_id":"b2427555-bf67-4e83-9911-0eac883c650f","local_time":"20210212145028","is_ascension_mode":true,"campfire_choices":[{"floor":8,"key":"REST"},{"floor":11,"key":"REST"},{"floor":15,"key":"RECALL"}],"circlet_count":0,"master_deck":["Strike_R","Strike_R","Strike_R","Strike_R","Strike_R","Defend_R","Defend_R","Defend_R","Defend_R","Bash","Hemokinesis","Pommel Strike","Run Through","Bludgeon","Shrug It Off","Twin Strike","Rampage","Perfected Strike","Regret","Sword Boomerang"],"relics":["Burning Blood","ClockworkSouvenir","reliquary:PartyBalloon","Vajra"],"acts_visited":["Exordium"],"potions_floor_usage":[4,4,4,4,12,16],"damage_taken":[{"damage":1,"enemies":"Cultist","floor":1,"turns":4},{"damage":4,"enemies":"Small Slimes","floor":2,"turns":4},{"damage":9,"enemies":"Jaw Worm","floor":3,"turns":2},{"damage":19,"enemies":"Exordium Thugs","floor":4,"turns":4},{"damage":33,"enemies":"Lagavulin","floor":6,"turns":4},{"damage":20,"enemies":"Large Slime","floor":7,"turns":5},{"damage":14,"enemies":"3 Louse","floor":10,"turns":2},{"damage":20,"enemies":"3 Sentries","floor":12,"turns":4},{"damage":3,"enemies":"2 Fungi Beasts","floor":14,"turns":2},{"damage":65,"enemies":"The Guardian","floor":16,"turns":11}],"seed_played":"8255896741356328045","potions_obtained":[{"floor":1,"key":"EntropicBrew"},{"floor":6,"key":"Milkshake"},{"floor":10,"key":"Fire Potion"},{"floor":14,"key":"SpeedPotion"}],"is_trial":false,"path_per_floor":["M","M","M","M","$","E","M","R","T","M","R","E","?","M","R","B"],"character_chosen":"IRONCLAD","items_purchased":["ClockworkSouvenir"],"campfire_rested":2,"item_purchase_floors":[5],"current_hp_per_floor":[88,88,85,72,72,45,31,57,57,49,75,61,61,64,64,0,0],"gold":398,"neow_bonus":"TEN_PERCENT_HP_BONUS","is_daily":false,"chose_seed":false,"campfire_upgraded":0,"win_rate":0.0,"timestamp":1613112628,"path_taken":["M","M","?","?","$","E","M","R","T","M","R","E","?","M","R","BOSS"],"items_purchased_type":["Relic"],"build_version":"2020-12-22","purchased_purges":0,"victory":false,"max_hp_per_floor":[88,88,88,88,88,88,88,88,88,88,88,88,88,88,88,88,88],"card_choices":[{"not_picked":["ReplayTheSpireMod:Strike From Hell","Shrug It Off"],"picked":"Hemokinesis","floor":1},{"not_picked":["Abandon","ReplayTheSpireMod:Strike From Hell"],"picked":"Pommel Strike","floor":2},{"not_picked":["Heavy Blade","Metallicize"],"picked":"Run Through","floor":3},{"not_picked":["Seeing Red","True Grit"],"picked":"Bludgeon","floor":4},{"not_picked":["Replay:Undeath\u0027s Touch","Warcry"],"picked":"Shrug It Off","floor":6},{"not_picked":["Thunderclap","Exhume"],"picked":"Twin Strike","floor":7},{"not_picked":["Body Slam","Perfected Strike"],"picked":"Rampage","floor":10},{"not_picked":["Power Through","Clash"],"picked":"Perfected Strike","floor":12},{"not_picked":["Anger","Replay:Undeath\u0027s Touch"],"picked":"Sword Boomerang","floor":14}],"player_experience":80909,"relics_obtained":[{"floor":6,"key":"reliquary:PartyBalloon"},{"floor":12,"key":"Vajra"}],"event_choices":[{"damage_healed":0,"gold_gain":275,"player_choice":"Desecrate","damage_taken":0,"max_hp_gain":0,"max_hp_loss":0,"event_name":"Golden Shrine","floor":13,"gold_loss":0,"cards_obtained":["Regret"]}],"is_beta":false,"boss_relics":[],"items_purged_floors":[],"is_endless":false,"potions_floor_spawned":[1,6,10,14],"killed_by":"The Guardian","ascension_level":2}}