{"host":"r4aerl4ckfvw1dw3","time":1613116487,"event":{"mods":["BaseMod","BetterRewards","Minty Spire (QoL Compilation)","Quick Restart","StSLib"],"gold_per_floor":[109,30,49,63,63,97,97,113,137,153,188,188,201,236,236,340,340,325,13,13,13,13,13,23,39,39,39,39],"floor_reached":27,"language":"ENG","playtime":1949,"items_purged":["Strike_B"],"score":268,"play_id":"6b66563c-0829-47d9-913a-77da9861604f","local_time":"20210211235447","is_ascension_mode":true,"campfire_choices":[{"floor":7,"key":"REST"},{"floor":12,"key":"REST"},{"floor":15,"key":"REST"},{"data":"Zap","floor":23,"key":"SMITH"}],"circlet_count":0,"master_deck":["Defend_B+1","Defend_B+1","Defend_B+1","Defend_B+1","Zap+1","Dualcast","Consume","Static Discharge","Coolheaded","Sweeping Beam","Steam","Stack","Gash","Amplify","Go for the Eyes","Coolheaded","Hyperbeam","Hologram+1","Heatsinks+1","Defragment+1","Ball Lightning"],"relics":["Cracked Core","MealTicket","Juzu Bracelet","Smiling Mask","Ice Cream","Astrolabe","Matryoshka","Cables","Ornamental Fan"],"acts_visited":["Exordium","TheCity"],"potions_floor_usage":[6,6,11,18,27,27],"damage_taken":[{"damage":1,"enemies":"Cultist","floor":1,"turns":4},{"damage":8,"enemies":"2 Louse","floor":3,"turns":4},{"damage":7,"enemies":"Small Slimes","floor":4,"turns":3},{"damage":24,"enemies":"3 Sentries","floor":6,"turns":6},{"damage":13,"enemies":"3 Louse","floor":8,"turns":3},{"damage":7,"enemies":"Looter","floor":10,"turns":4},{"damage":15,"enemies":"Gremlin Nob","floor":11,"turns":4},{"damage":7,"enemies":"Blue Slaver","floor":13,"turns":4},{"damage":25,"enemies":"3 Sentries","floor":14,"turns":5},{"damage":35,"enemies":"The Guardian","floor":16,"turns":17},{"damage":6,"enemies":"2 Thieves","floor":18,"turns":4},{"damage":17,"enemies":"Spheric Guardian","floor":24,"turns":6},{"damage":11,"enemies":"Centurion and Healer","floor":25,"turns":14},{"damage":34,"enemies":"Gremlin Leader","floor":27,"turns":9}],"seed_played":"1192713897755942837","potions_obtained":[{"floor":1,"key":"LiquidBronze"},{"floor":3,"key":"Explosive Potion"},{"floor":4,"key":"SpeedPotion"},{"floor":13,"key":"EssenceOfDarkness"},{"floor":16,"key":"PowerPotion"},{"floor":25,"key":"SkillPotion"}],"is_trial":false,"path_per_floor":["M","$","M","M","$","E","R","M","T","M","E","R","M","E","R","B",null,"M","$","?","?","?","R","M","M","T","E"],"character_chosen":"DEFECT","items_purchased":["Static Discharge","Matryoshka"],"campfire_rested":3,"item_purchase_floors":[2,19],"current_hp_per_floor":[81,81,73,66,66,42,66,53,53,46,31,55,48,23,47,12,82,76,82,82,82,82,82,65,54,54,20,20],"gold":39,"neow_bonus":"TEN_PERCENT_HP_BONUS","is_daily":false,"chose_seed":false,"campfire_upgraded":1,"win_rate":0.0,"timestamp":1613116487,"path_taken":["M","$","M","M","$","E","R","?","T","M","E","R","M","E","R","BOSS","M","$","?","?","?","R","M","M","T","E"],"items_purchased_type":["Card","Relic"],"build_version":"2020-12-22","purchased_purges":1,"victory":false,"max_hp_per_floor":[82,82,82,82,82,82,82,82,82,82,82,82,82,82,82,82,82,82,82,82,82,82,82,82,82,82,82,82],"card_choices":[{"not_picked":["Reprogram","Aggregate"],"picked":"Consume","floor":1},{"not_picked":["Melter","Stack"],"picked":"Coolheaded","floor":3},{"not_picked":["FTL","Scrape"],"picked":"Sweeping Beam","floor":4},{"not_picked":["Redo","Hologram"],"picked":"Steam","floor":6},{"not_picked":["Chaos","Compile Driver"],"picked":"Stack","floor":8},{"not_picked":["Hologram","Darkness"],"picked":"Gash","floor":10},{"not_picked":["Rip and Tear","Beam Cell"],"picked":"Amplify","floor":11},{"not_picked":["Leap","Redo"],"picked":"Go for the Eyes","floor":13},{"not_picked":["Beam Cell","Redo"],"picked":"Coolheaded","floor":14},{"not_picked":["Rainbow","Thunder Strike"],"picked":"Hyperbeam","floor":16},{"not_picked":["Stack","Conserve Battery","Rebound+1"],"picked":"SKIP","floor":18},{"not_picked":["FTL","Leap","Chaos"],"picked":"SKIP","floor":24},{"not_picked":["Conserve Battery","Barrage"],"picked":"Ball Lightning","floor":25}],"player_experience":586741,"relics_obtained":[{"floor":6,"key":"MealTicket"},{"floor":9,"key":"Juzu Bracelet"},{"floor":11,"key":"Smiling Mask"},{"floor":14,"key":"Ice Cream"},{"floor":26,"key":"Cables"},{"floor":26,"key":"Ornamental Fan"}],"event_choices":[{"damage_healed":0,"gold_gain":0,"player_choice":"Ignored","damage_taken":0,"max_hp_gain":0,"max_hp_loss":0,"event_name":"The Mausoleum","floor":20,"gold_loss":0},{"damage_healed":0,"gold_gain":0,"player_choice":"Simplicity","damage_taken":0,"max_hp_gain":0,"max_hp_loss":0,"event_name":"Back to Basics","floor":21,"gold_loss":0,"cards_upgraded":["Defend_B","Defend_B","Defend_B","Defend_B"]},{"damage_healed":0,"gold_gain":0,"player_choice":"Ignored","damage_taken":0,"max_hp_gain":0,"max_hp_loss":0,"event_name":"Vampires","floor":22,"gold_loss":0}],"is_beta":false,"boss_relics":[{"not_picked":["FrozenCore","Tiny House"],"picked":"Astrolabe"}],"items_purged_floors":[19],"is_endless":false,"potions_floor_spawned":[1,3,4,13,16,25],"killed_by":"Gremlin Leader","ascension_level":3}}