{"host":"z8k0b1oqxoiri7b9","time":1613141867,"event":{"mods":["AchievementEnabler","BaseMod","Downfall","Minty Spire (QoL Compilation)","StSLib"],"gold_per_floor":[99,119,131,146,296,39,84,119,119,139,139,139,139,24,44,143,143,143,143,143,158,176,193,193,193,193,193],"floor_reached":25,"language":"ENG","playtime":1601,"items_purged":["downfall:Icky","Pain"],"score":201,"play_id":"e929cee6-a719-45a5-81b0-22a4ab3b44f1","local_time":"20210212225747","is_ascension_mode":false,"campfire_choices":[{"data":"sneckomod:Cheat","floor":1,"key":"SMITH"},{"floor":9,"key":"REST"},{"data":"sneckomod:IronFang","floor":18,"key":"SMITH"}],"circlet_count":0,"master_deck":["sneckomod:Defend","sneckomod:Defend","sneckomod:Defend","sneckomod:TailWhip","sneckomod:SnekBite","sneckomod:Unknown","sneckomod:Cheat+1","sneckomod:IronFang","expansioncontent:DashGenerateEvil","Die Die Die","Concentrate","sneckomod:QuickBite","sneckomod:IronFang+1","sneckomod:UnknownClassSLIMEBOUND"],"relics":["sneckomod:SneckoSoul","Boot","SlaversCollar","downfall:RedIOU","MealTicket"],"acts_visited":["Exordium","TheCity"],"potions_floor_usage":[10,16],"damage_taken":[{"damage":0,"enemies":"2 Louse","floor":2,"turns":3},{"damage":6,"enemies":"Cultist","floor":3,"turns":3},{"damage":3,"enemies":"Jaw Worm","floor":4,"turns":2},{"damage":5,"enemies":"downfall:FleeingMerchant","floor":6,"turns":4},{"damage":38,"enemies":"Lagavulin","floor":8,"turns":7},{"damage":14,"enemies":"Gremlin Gang","floor":10,"turns":4},{"damage":2,"enemies":"downfall:FleeingMerchant","floor":14,"turns":4},{"damage":0,"enemies":"2 Fungi Beasts","floor":15,"turns":2},{"damage":15,"enemies":"SI_SHIV_ARCHETYPE","floor":16,"turns":10},{"damage":11,"enemies":"Chosen","floor":21,"turns":6},{"damage":9,"enemies":"3 Byrds","floor":22,"turns":4},{"damage":0,"enemies":"Snecko","floor":23,"turns":5},{"damage":74,"enemies":"Cultist and Chosen","floor":25,"turns":10}],"seed_played":"8634205122845397695","potions_obtained":[{"floor":3,"key":"champ:CounterPotion"},{"floor":15,"key":"hexamod:SoulburnPotion"},{"floor":16,"key":"Strength Potion"}],"is_trial":false,"path_per_floor":["R","M","M","M","?","$","T","E","R","M","R","?","R","$","M","B",null,"R","?","?","M","M","M","T","M"],"character_chosen":"THE_SNECKO","items_purchased":["expansioncontent:DashGenerateEvil"],"campfire_rested":1,"item_purchase_floors":[6],"current_hp_per_floor":[63,63,57,54,54,49,49,11,38,24,24,24,24,22,22,7,90,90,90,90,79,70,70,70,0,0,0],"gold":193,"neow_bonus":"THREE_RARE_CARDS","is_daily":false,"chose_seed":false,"campfire_upgraded":2,"win_rate":0.0,"timestamp":1613141867,"path_taken":["R","M","M","M","?","$","T","E","R","M","R","?","R","$","M","BOSS","R","?","?","M","?","M","T","?"],"items_purchased_type":["Card"],"build_version":"2020-12-22","purchased_purges":2,"victory":false,"max_hp_per_floor":[90,90,90,90,90,90,90,90,90,90,90,90,90,90,90,90,90,90,90,90,90,90,90,90,90,90,90],"card_choices":[{"not_picked":["sneckomod:UnknownRareAttack","sneckomod:DangerNoodle"],"picked":"sneckomod:Cheat","floor":0},{"not_picked":["sneckomod:Unknown2Cost","sneckomod:UnknownX","sneckomod:UnknownUncommonPower"],"picked":"SKIP","floor":2},{"not_picked":["sneckomod:QuickMove","sneckomod:UnknownDraw","sneckomod:DefensiveFlair"],"picked":"SKIP","floor":3},{"not_picked":["sneckomod:SoulDraw","sneckomod:TrashToTreasure"],"picked":"sneckomod:IronFang","floor":4},{"not_picked":["sneckomod:Mudshield","sneckomod:Unknown1Cost","sneckomod:UnknownDraw"],"picked":"SKIP","floor":6},{"not_picked":["sneckomod:DiceCrush","sneckomod:DefensiveFlair"],"picked":"sneckomod:UnknownBoss","floor":8},{"not_picked":["sneckomod:SnekBeam","sneckomod:Nope"],"picked":"sneckomod:Unknown0Cost","floor":10},{"not_picked":["sneckomod:UnknownCommonAttack","sneckomod:WideSting"],"picked":"sneckomod:QuickBite","floor":14},{"not_picked":["sneckomod:UnknownDraw","sneckomod:WideSting"],"picked":"sneckomod:IronFang","floor":15},{"not_picked":["sneckomod:UnknownExhaust","sneckomod:UnknownUncommonSkill","sneckomod:UnknownCommonSkill"],"picked":"SKIP","floor":21},{"not_picked":["sneckomod:PureSnecko","sneckomod:UnknownX+1","sneckomod:WideSting"],"picked":"SKIP","floor":22},{"not_picked":["sneckomod:DiceBoulder","sneckomod:QuickBite"],"picked":"sneckomod:UnknownClassSLIMEBOUND","floor":23}],"player_experience":190361,"relics_obtained":[{"floor":7,"key":"Boot"},{"floor":8,"key":"Nunchaku"},{"floor":24,"key":"MealTicket"}],"event_choices":[],"is_beta":false,"boss_relics":[{"not_picked":["Snecko Eye","bronze:MakeshiftBattery"],"picked":"SlaversCollar"}],"items_purged_floors":[6,14],"is_endless":false,"potions_floor_spawned":[3,4,15,16],"killed_by":"Cultist and Chosen","ascension_level":0}}