{"host":"fzku1ofsxv8lro8o","time":1613131094,"event":{"mods":["BaseMod","Colored Map","Downfall","Minty Spire (QoL Compilation)","Relic Stats","StSLib","everything is the same but u backflip on backflip"],"gold_per_floor":[99,99,99,24,37,37,92,112,112,128,159,179,79,96,115,216,216,216,230,230,246,57,57,83,116,16,50,50,50,50],"floor_reached":28,"language":"ENG","playtime":910,"items_purged":["hexamod:Strike","hexamod:Strike"],"score":337,"play_id":"80682714-e3aa-4701-9953-195fa5b352d8","local_time":"20210212145814","is_ascension_mode":true,"campfire_choices":[{"data":"hexamod:Sear","floor":1,"key":"SMITH"},{"data":"hexamod:HeatCrush","floor":6,"key":"SMITH"},{"floor":9,"key":"RECALL"},{"data":"hexamod:BurningTouch","floor":13,"key":"SMITH"},{"data":"hexamod:ExtraCrispy","floor":18,"key":"SMITH"},{"floor":26,"key":"REST"}],"circlet_count":0,"master_deck":["hexamod:Strike","hexamod:Strike","hexamod:Defend","hexamod:Defend","hexamod:Defend","hexamod:Defend","hexamod:Sear+1","hexamod:Float","hexamod:HeatCrush+1","hexamod:HeatMetal","hexamod:ExtraCrispy+1","hexamod:BurningTouch+1","hexamod:FlamesFromBeyond","hexamod:SoulSteal","hexamod:PhantomCloak","hexamod:VolcanoVisage","hexamod:HeatShield","hexamod:Hexaguard","hexamod:PhantomFireball","hexamod:RecurringNightmare","hexamod:Hexaguard"],"relics":["hexamod:SpiritBrand","downfall:HeartsMalice","Vajra","TungstenRod","downfall:HeartBlessingRed","expansioncontent:StudyCardRelic","Turnip","downfall:HeartBlessingBlue","hexamod:SoulOfChaos"],"acts_visited":["Exordium","TheCity"],"potions_floor_usage":[14,16,25],"damage_taken":[{"damage":0,"enemies":"2 Louse","floor":2,"turns":1},{"damage":0,"enemies":"Small Slimes","floor":3,"turns":1},{"damage":0,"enemies":"downfall:FleeingMerchant","floor":4,"turns":1},{"damage":0,"enemies":"Cultist","floor":5,"turns":2},{"damage":3,"enemies":"Blue Slaver","floor":8,"turns":3},{"damage":12,"enemies":"Exordium Thugs","floor":10,"turns":4},{"damage":16,"enemies":"Gremlin Nob","floor":11,"turns":3},{"damage":2,"enemies":"Blue Slaver","floor":12,"turns":2},{"damage":10,"enemies":"Exordium Wildlife","floor":14,"turns":4},{"damage":0,"enemies":"Large Slime","floor":15,"turns":2},{"damage":7,"enemies":"SI_SHIV_ARCHETYPE","floor":16,"turns":6},{"damage":5,"enemies":"Chosen","floor":19,"turns":3},{"damage":25,"enemies":"Centurion and Healer","floor":21,"turns":3},{"damage":0,"enemies":"downfall:FleeingMerchant","floor":22,"turns":4},{"damage":21,"enemies":"Book of Stabbing","floor":25,"turns":4},{"damage":27,"enemies":"Slavers","floor":27,"turns":3},{"damage":26,"enemies":"Shelled Parasite and Fungi","floor":28,"turns":2}],"seed_played":"4657247994476473862","potions_obtained":[{"floor":8,"key":"BlessingOfTheForge"},{"floor":10,"key":"LiquidBronze"},{"floor":11,"key":"EssenceOfSteel"},{"floor":12,"key":"EntropicBrew"},{"floor":15,"key":"BlessingOfTheForge"},{"floor":21,"key":"Energy Potion"},{"floor":27,"key":"hexamod:DoubleChargePotion"}],"is_trial":false,"path_per_floor":["R","M","M","$","M","R","T","M","R","M","E","M","R","M","M","B",null,"R","M","?","M","$","?","T","E","R","E","M"],"character_chosen":"THE_SPIRIT","items_purchased":["hexamod:PhantomFireball"],"campfire_rested":1,"item_purchase_floors":[22],"current_hp_per_floor":[70,70,70,70,70,70,70,67,67,55,39,37,37,27,27,20,70,70,65,65,40,40,40,40,19,53,26,0,0,0],"gold":50,"neow_bonus":"THREE_ENEMY_KILL","is_daily":false,"chose_seed":false,"campfire_upgraded":4,"win_rate":0.0,"timestamp":1613131094,"path_taken":["R","M","M","$","M","R","T","M","R","M","E","M","R","M","M","BOSS","R","M","?","M","$","?","T","E","R","E","M"],"items_purchased_type":["Card"],"build_version":"2020-12-22","purchased_purges":2,"victory":false,"max_hp_per_floor":[70,70,70,70,70,70,70,70,70,70,70,70,70,70,70,70,70,70,70,70,70,70,70,70,70,80,80,80,80,80],"relic_stats":{"counters":[17,45],"Turnip":[0],"obtain_stats":[{"downfall:HeartBlessingRed":13,"downfall:HeartBlessingBlue":26,"hexamod:SoulOfChaos":27,"Vajra":7,"downfall:HeartsMalice":0,"Turnip":25,"expansioncontent:StudyCardRelic":17,"hexamod:SpiritBrand":0,"TungstenRod":11},{"downfall:HeartBlessingRed":8,"downfall:HeartBlessingBlue":15,"hexamod:SoulOfChaos":16,"Vajra":4,"downfall:HeartsMalice":0,"Turnip":15,"expansioncontent:StudyCardRelic":11,"hexamod:SpiritBrand":0,"TungstenRod":7},{"downfall:HeartBlessingRed":14,"downfall:HeartBlessingBlue":40,"hexamod:SoulOfChaos":43,"Vajra":2,"downfall:HeartsMalice":0,"Turnip":40,"expansioncontent:StudyCardRelic":26,"hexamod:SpiritBrand":0,"TungstenRod":12}],"TungstenRod":22},"card_choices":[{"not_picked":["hexamod:ExtraCrispy","hexamod:Hexaguard"],"picked":"hexamod:HeatCrush","floor":2},{"not_picked":["hexamod:FlamesFromBeyond","hexamod:Haunt","hexamod:SpectralAdrenaline"],"picked":"SKIP","floor":3},{"not_picked":["hexamod:SwordOfDarkness","hexamod:HauntingEcho"],"picked":"hexamod:HeatMetal","floor":4},{"not_picked":["hexamod:SecondSeal","hexamod:SwordOfDarkness"],"picked":"hexamod:ExtraCrispy","floor":5},{"not_picked":["hexamod:FastForward","hexamod:HeatMetal","hexamod:SwordOfDarkness"],"picked":"SKIP","floor":8},{"not_picked":["hexamod:SuperheatedStrike","hexamod:Rewind","hexamod:Firestarter"],"picked":"SKIP","floor":10},{"not_picked":["hexamod:HexaLevel","hexamod:PhantomFireball"],"picked":"hexamod:BurningTouch","floor":11},{"not_picked":["hexamod:ThermalTransfer","hexamod:ThirdSeal"],"picked":"hexamod:FlamesFromBeyond","floor":12},{"not_picked":["hexamod:CatchUp","hexamod:ThermalTransfer"],"picked":"hexamod:SoulSteal","floor":14},{"not_picked":["hexamod:SpectersWail","hexamod:SwordOfDarkness"],"picked":"hexamod:PhantomCloak","floor":15},{"not_picked":["hexamod:TimeWarp","hexamod:GiftsFromTheDead"],"picked":"hexamod:VolcanoVisage","floor":16},{"not_picked":["hexamod:CatchUp","hexamod:FastForward+1"],"picked":"hexamod:HeatShield","floor":19},{"not_picked":["hexamod:NightmareStrike","hexamod:BacktrackSmack","hexamod:SpectralAdrenaline"],"picked":"SKIP","floor":21},{"not_picked":["hexamod:StepThrough","hexamod:HeatMetal"],"picked":"hexamod:Hexaguard","floor":22},{"not_picked":["hexamod:SecondSeal","hexamod:EtherealExpedition+1"],"picked":"hexamod:RecurringNightmare","floor":25},{"not_picked":["hexamod:Firestarter+1","hexamod:RadiantFlame"],"picked":"hexamod:Hexaguard","floor":27}],"player_experience":964480,"relics_obtained":[{"floor":7,"key":"Vajra"},{"floor":11,"key":"TungstenRod"},{"floor":25,"key":"Turnip"},{"floor":27,"key":"hexamod:SoulOfChaos"}],"event_choices":[],"is_beta":false,"boss_relics":[{"not_picked":["Coffee Dripper","Black Star"],"picked":"expansioncontent:StudyCardRelic"}],"items_purged_floors":[4,22],"is_endless":false,"potions_floor_spawned":[8,10,11,12,15,21,27],"killed_by":"Shelled Parasite and Fungi","ascension_level":4}}