{"host":"wgsplfe7ykw5qb06","time":1613092456,"event":{"mods":["2.2 Compatiblity","AchievementEnabler","Astrologer","BaseMod","Beaked The Cultist","Better-Laid Plans","BetterRewards","Colored Powertips","Disable Question Mark Monsters","Glutton Mod","Highlight Path","Hubris","Minty Spire (QoL Compilation)","Permanent Neow","Quick Restart","Rare Cards Sparkle","Replay The Spire","Shop Mod","StSLib","The Blackbeard","The Bladedancer","The Construct","The Necromancer","The Valiant","TheFirefly","Unceasing Turn Reminder"],"gold_per_floor":[117,127,77,92,92,92,125,125,125,125,140,156,169,234,234,234,234],"floor_reached":16,"language":"ENG","playtime":1707,"items_purged":[],"score":102,"play_id":"ea78bae7-7adf-43d1-b627-704df6ccb446","local_time":"20210211191416","is_ascension_mode":false,"campfire_choices":[{"data":"Phantasmal Killer","floor":6,"key":"SMITH"},{"data":"Backflip","floor":8,"key":"SMITH"},{"floor":10,"key":"REST"},{"floor":15,"key":"REST"}],"circlet_count":0,"master_deck":["Strike_G","Strike_G","Strike_G","Strike_G","Strike_G","Defend_G","Defend_G","Defend_G","Defend_G","Survivor+1","Neutralize+1","Phantasmal Killer+1","Outmaneuver","Backflip+1"],"relics":["Ring of the Snake","Turnip","Paper Crane","Replay:Wax Seal"],"acts_visited":["Exordium"],"potions_floor_usage":[14,14,16],"damage_taken":[{"damage":0,"enemies":"Cultist","floor":1,"turns":3},{"damage":2,"enemies":"Jaw Worm","floor":2,"turns":8},{"damage":0,"enemies":"2 Louse","floor":4,"turns":2},{"damage":17,"enemies":"Lagavulin","floor":7,"turns":7},{"damage":4,"enemies":"Large Slime","floor":11,"turns":6},{"damage":7,"enemies":"Looter","floor":12,"turns":4},{"damage":0,"enemies":"Blue Slaver","floor":13,"turns":4},{"damage":1,"enemies":"Gremlin Nob","floor":14,"turns":4},{"damage":82,"enemies":"Hexaghost","floor":16,"turns":16}],"seed_played":"8289313870639120507","potions_obtained":[{"floor":1,"key":"Energy Potion"},{"floor":13,"key":"PowerPotion"},{"floor":14,"key":"Regen Potion"}],"is_trial":false,"path_per_floor":["M","M","?","M","?","R","E","R","T","R","M","M","M","?","R","B"],"character_chosen":"THE_SILENT","items_purchased":[],"campfire_rested":2,"item_purchase_floors":[],"current_hp_per_floor":[70,68,68,68,54,54,37,37,37,58,54,47,47,46,67,0,0],"gold":234,"neow_bonus":"ONE_RANDOM_RARE_CARD","is_daily":false,"chose_seed":false,"campfire_upgraded":2,"win_rate":0.0,"timestamp":1613092456,"path_taken":["M","M","?","M","?","R","E","R","T","R","M","M","M","?","R","BOSS"],"items_purchased_type":[],"build_version":"2020-12-22","purchased_purges":0,"victory":false,"max_hp_per_floor":[70,70,70,70,70,70,70,70,70,70,70,70,70,70,70,70,70],"card_choices":[{"not_picked":["Infinite Blades","PiercingWail"],"picked":"Outmaneuver","floor":1},{"not_picked":["PiercingWail","Replay:Poison Smokescreen"],"picked":"Backflip","floor":2},{"not_picked":["Acrobatics","Masterful Stab","Dagger Throw"],"picked":"SKIP","floor":4},{"not_picked":["Blade Dance","Catalyst","Slice"],"picked":"SKIP","floor":7},{"not_picked":["Dodge and Roll","Reflex","Dagger Spray"],"picked":"SKIP","floor":11},{"not_picked":["Underhanded Strike","Expertise","Riddle With Holes"],"picked":"SKIP","floor":12},{"not_picked":["Skewer","Slice","Concentrate"],"picked":"SKIP","floor":13}],"player_experience":321491,"relics_obtained":[{"floor":7,"key":"Turnip"},{"floor":9,"key":"Paper Crane"},{"floor":14,"key":"Replay:Wax Seal"}],"event_choices":[{"cards_removed":["Defend_G"],"damage_healed":0,"gold_gain":0,"player_choice":"Card Removal","damage_taken":0,"max_hp_gain":0,"max_hp_loss":0,"event_name":"The Cleric","floor":3,"gold_loss":50},{"damage_healed":0,"gold_gain":0,"player_choice":"Entered Light","damage_taken":14,"max_hp_gain":0,"max_hp_loss":0,"event_name":"Shining Light","floor":5,"gold_loss":0,"cards_upgraded":["Survivor","Neutralize"]},{"damage_healed":0,"gold_gain":0,"player_choice":"Searched \u00271\u0027 times","damage_taken":0,"max_hp_gain":0,"max_hp_loss":0,"event_name":"Dead Adventurer","floor":14,"gold_loss":0}],"is_beta":false,"boss_relics":[],"items_purged_floors":[],"is_endless":false,"potions_floor_spawned":[1,13,14],"killed_by":"Hexaghost","ascension_level":0}}