{"host":"ig9h5mtrygw4gu9r","time":1613171858,"event":{"mods":["2.2 Compatiblity","AchievementEnabler","BaseMod","Bestiary","Infinite Spire","Minty Spire (QoL Compilation)","Relic Stats","Replay The Spire","StSLib","The Servant 0.9.4"],"gold_per_floor":[113,113,113,113,113,63,76,101,101,132,156,182,196,196,51,63,63,163,163,173,173,173],"floor_reached":21,"language":"ENG","playtime":775,"items_purged":["Strike_R"],"score":253,"play_id":"28fa0738-6969-4614-92e2-b5dfb6ff1436","local_time":"20210212151738","is_ascension_mode":true,"campfire_choices":[{"data":"ReplayTheSpireMod:Strike From Hell","floor":9,"key":"SMITH"},{"data":"Cleave","floor":14,"key":"SMITH"},{"data":"Offering","floor":17,"key":"SMITH"}],"circlet_count":0,"master_deck":["Strike_R","Strike_R+1","Strike_R+1","Defend_R","Defend_R","Defend_R","Defend_R","Bash","Clothesline","Cleave+1","ReplayTheSpireMod:Strike From Hell+1","Shrug It Off","Offering+1","Headbutt","Feel No Pain","Metallicize"],"relics":["Burning Blood","NeowsBlessing","Red Skull","Potion Belt","Snack Pack","PreservedInsect","Bottled Flame","Black Star"],"acts_visited":["Exordium","TheCity"],"potions_floor_usage":[10,18,18],"damage_taken":[{"damage":0,"enemies":"Jaw Worm","floor":1,"turns":1},{"damage":0,"enemies":"2 Louse","floor":7,"turns":1},{"damage":0,"enemies":"Lagavulin","floor":8,"turns":1},{"damage":25,"enemies":"3 Sentries","floor":10,"turns":5},{"damage":27,"enemies":"Lagavulin","floor":12,"turns":4},{"damage":0,"enemies":"Cultist","floor":13,"turns":2},{"damage":14,"enemies":"Red Slaver","floor":16,"turns":2},{"damage":6,"enemies":"Slime Boss","floor":18,"turns":8},{"damage":62,"enemies":"3 Byrds","floor":20,"turns":6},{"damage":30,"enemies":"Shell Parasite","floor":21,"turns":3}],"seed_played":"-5441565862964684882","potions_obtained":[{"floor":1,"key":"Explosive Potion"},{"floor":10,"key":"ColorlessPotion"},{"floor":12,"key":"LifebloodPotion"},{"floor":16,"key":"ElixirPotion"},{"floor":20,"key":"Elixir"}],"is_trial":false,"path_per_floor":["M","?","PTL","PTL","?","?","M","E","R","E","T","E","M","R","$","M","R","B",null,"M","M"],"character_chosen":"IRONCLAD","items_purchased":["Feel No Pain"],"campfire_rested":0,"item_purchase_floors":[15],"current_hp_per_floor":[80,64,64,64,57,57,63,69,69,50,50,31,39,39,39,31,31,39,80,26,0,0],"gold":173,"neow_bonus":"THREE_ENEMY_KILL","is_daily":false,"chose_seed":false,"campfire_upgraded":3,"win_rate":0.0,"timestamp":1613171858,"path_taken":["M","?","PTL","PTL","?","?","M","E","R","E","T","E","M","R","$","M","R","BOSS","M","M"],"items_purchased_type":["Card"],"build_version":"2020-12-22","purchased_purges":1,"victory":false,"max_hp_per_floor":[80,80,80,80,80,80,80,80,80,80,80,80,80,80,80,80,80,80,80,80,80,80],"relic_stats":{"counters":[10,33],"PreservedInsect":28,"Black Star":0,"obtain_stats":[{"Potion Belt":8,"Bottled Flame":12,"NeowsBlessing":0,"PreservedInsect":11,"Snack Pack":10,"Black Star":19,"Burning Blood":0,"Red Skull":5},{"Potion Belt":3,"Bottled Flame":5,"NeowsBlessing":0,"PreservedInsect":4,"Snack Pack":4,"Black Star":8,"Burning Blood":0,"Red Skull":1},{"Potion Belt":3,"Bottled Flame":12,"NeowsBlessing":0,"PreservedInsect":8,"Snack Pack":8,"Black Star":24,"Burning Blood":0,"Red Skull":1}],"Burning Blood":48},"card_choices":[{"not_picked":["Thunderclap","Warcry"],"picked":"Clothesline","floor":1},{"not_picked":["Twin Strike","Ghostly Armor"],"picked":"Cleave","floor":7},{"not_picked":["Clash","Perfected Strike"],"picked":"ReplayTheSpireMod:Strike From Hell","floor":8},{"not_picked":["Twin Strike","Sever Soul"],"picked":"Shrug It Off","floor":10},{"not_picked":["Defy Death","Infernal Blade"],"picked":"Offering","floor":12},{"not_picked":["Ghostly Armor","Sword Boomerang"],"picked":"Headbutt","floor":13},{"not_picked":["Iron Wave","Clash","Inflame"],"picked":"SKIP","floor":16},{"not_picked":["Searing Blow+1","Replay:Undeath\u0027s Touch+1"],"picked":"Metallicize","floor":20}],"player_experience":416434,"relics_obtained":[{"floor":8,"key":"Potion Belt"},{"floor":10,"key":"Snack Pack"},{"floor":11,"key":"PreservedInsect"},{"floor":12,"key":"Bottled Flame"}],"event_choices":[{"damage_healed":0,"gold_gain":0,"player_choice":"Entered Light","damage_taken":16,"max_hp_gain":0,"max_hp_loss":0,"event_name":"Shining Light","floor":2,"gold_loss":0,"cards_upgraded":["Strike_R","Strike_R"]},{"damage_healed":0,"gold_gain":0,"player_choice":"Success","damage_taken":7,"relics_obtained":["Red Skull"],"max_hp_gain":0,"max_hp_loss":0,"event_name":"Scrap Ooze","floor":5,"gold_loss":0},{"cards_removed":["Strike_R"],"damage_healed":0,"gold_gain":0,"player_choice":"Card Removal","damage_taken":0,"max_hp_gain":0,"max_hp_loss":0,"event_name":"The Cleric","floor":6,"gold_loss":50}],"is_beta":false,"boss_relics":[{"not_picked":["Ectoplasm","Sozu"],"picked":"Black Star"}],"items_purged_floors":[15],"is_endless":false,"potions_floor_spawned":[1,10,12,16,20],"killed_by":"Shell Parasite","ascension_level":3}}