{"host":"xg4r5pv6chpuampg","time":1613133726,"event":{"mods":["AchievementEnabler","BaseMod","Googly Eyes","Minty Spire (QoL Compilation)"],"gold_per_floor":[112,126,136,156,176,207,207,221,221,232,59,59,59,72,72,172,172,186,186,186,204,61,61,79,94,94,68,68,68],"floor_reached":28,"language":"ENG","playtime":1137,"items_purged":[],"score":224,"play_id":"be1aa7e0-20c7-477f-bff8-bb0bbd392ad9","local_time":"20210212154206","is_ascension_mode":false,"campfire_choices":[{"floor":12,"key":"REST"},{"floor":15,"key":"REST"},{"floor":23,"key":"RECALL"}],"circlet_count":0,"master_deck":["Strike_B","Strike_B","Strike_B","Defend_B","Defend_B","Defend_B","Zap","Dualcast","Normality","Gash+1","Genetic Algorithm","Gash","Self Repair","Conserve Battery","Defragment","Electrodynamics","Defragment","Ball Lightning","Machine Learning","Melter+1","Storm","Gash","Rebound"],"relics":["Cracked Core","Du-Vu Doll","Mummified Hand","Bottled Tornado","Empty Cage"],"acts_visited":["Exordium","TheCity"],"potions_floor_usage":[6,6,11,16,28,28],"damage_taken":[{"damage":0,"enemies":"Cultist","floor":1,"turns":2},{"damage":11,"enemies":"Jaw Worm","floor":2,"turns":2},{"damage":5,"enemies":"Small Slimes","floor":3,"turns":3},{"damage":8,"enemies":"Blue Slaver","floor":4,"turns":3},{"damage":15,"enemies":"Exordium Wildlife","floor":5,"turns":4},{"damage":30,"enemies":"3 Sentries","floor":6,"turns":8},{"damage":0,"enemies":"Gremlin Gang","floor":8,"turns":5},{"damage":1,"enemies":"Exordium Thugs","floor":10,"turns":3},{"damage":0,"enemies":"Lots of Slimes","floor":14,"turns":2},{"damage":29,"enemies":"Hexaghost","floor":16,"turns":8},{"damage":10,"enemies":"3 Byrds","floor":18,"turns":2},{"damage":20,"enemies":"2 Thieves","floor":21,"turns":2},{"damage":31,"enemies":"Centurion and Healer","floor":24,"turns":4},{"damage":15,"enemies":"Snecko","floor":25,"turns":5},{"damage":23,"enemies":"Snake Plant","floor":28,"turns":3}],"seed_played":"5563864785080757365","potions_obtained":[{"floor":1,"key":"GamblersBrew"},{"floor":2,"key":"LiquidMemories"},{"floor":6,"key":"Strength Potion"},{"floor":8,"key":"Block Potion"},{"floor":16,"key":"PotionOfCapacity"},{"floor":25,"key":"Dexterity Potion"}],"is_trial":false,"path_per_floor":["M","M","M","M","M","E","?","M","T","M","$","R","$","M","R","B",null,"M","?","?","M","$","R","M","M","T","$","M"],"character_chosen":"DEFECT","items_purchased":["Fruit Juice","Defragment","Storm","DuplicationPotion","Rebound"],"campfire_rested":2,"item_purchase_floors":[11,11,22,22,27],"current_hp_per_floor":[75,64,59,51,43,20,20,27,27,26,31,55,55,55,79,57,80,77,77,77,57,57,57,33,18,18,18,0,0],"gold":68,"neow_bonus":"ONE_RARE_RELIC","is_daily":false,"chose_seed":false,"campfire_upgraded":0,"win_rate":0.0,"timestamp":1613133726,"path_taken":["M","M","M","M","M","E","?","M","T","?","$","R","?","M","R","BOSS","M","?","?","?","$","R","?","M","T","?","M"],"items_purchased_type":["Potion","Card","Card","Potion","Card"],"build_version":"2020-12-22","purchased_purges":0,"victory":false,"max_hp_per_floor":[75,75,75,75,75,75,75,75,75,75,80,80,80,80,80,80,80,80,80,80,80,80,80,80,80,80,80,80,80],"card_choices":[{"not_picked":["Cold Snap","Capacitor"],"picked":"Gash","floor":1},{"not_picked":["Lockon","Conserve Battery"],"picked":"Genetic Algorithm","floor":2},{"not_picked":["Compile Driver","Conserve Battery"],"picked":"Gash","floor":3},{"not_picked":["Sweeping Beam","Force Field"],"picked":"Self Repair","floor":4},{"not_picked":["Ball Lightning","Redo"],"picked":"Conserve Battery","floor":5},{"not_picked":["Blizzard","Hologram"],"picked":"Defragment","floor":6},{"not_picked":["Streamline","Redo"],"picked":"Electrodynamics","floor":8},{"not_picked":["Leap","Tempest","Compile Driver"],"picked":"SKIP","floor":10},{"not_picked":["Beam Cell","Redo"],"picked":"Ball Lightning","floor":14},{"not_picked":["Biased Cognition","All For One"],"picked":"Machine Learning","floor":16},{"not_picked":["Sunder","Consume+1"],"picked":"Melter+1","floor":18},{"not_picked":["Sweeping Beam+1","BootSequence+1","Scrape"],"picked":"SKIP","floor":21},{"not_picked":["Barrage+1","Compile Driver"],"picked":"Gash","floor":24},{"not_picked":["Conserve Battery","Cold Snap","Streamline"],"picked":"SKIP","floor":25}],"player_experience":114380,"relics_obtained":[{"floor":6,"key":"Mummified Hand"},{"floor":9,"key":"Bottled Tornado"}],"event_choices":[{"damage_healed":0,"gold_gain":0,"player_choice":"Upgraded","damage_taken":0,"max_hp_gain":0,"max_hp_loss":0,"event_name":"Upgrade Shrine","floor":7,"gold_loss":0,"cards_upgraded":["Gash"]},{"damage_healed":0,"gold_gain":0,"player_choice":"Ignored","damage_taken":0,"max_hp_gain":0,"max_hp_loss":0,"event_name":"Cursed Tome","floor":19,"gold_loss":0},{"damage_healed":0,"gold_gain":0,"player_choice":"Ignored","damage_taken":0,"max_hp_gain":0,"max_hp_loss":0,"event_name":"NoteForYourself","floor":20,"gold_loss":0}],"is_beta":false,"boss_relics":[{"not_picked":["Coffee Dripper","Cursed Key"],"picked":"Empty Cage"}],"items_purged_floors":[],"is_endless":false,"potions_floor_spawned":[1,2,6,8,16,24,25],"killed_by":"Snake Plant","ascension_level":0}}