{"host":"g2yp6paluzgljz05","time":1613097997,"event":{"mods":["BaseMod","Bestiary","Colored Powertips","DeckTracker","Highlight Path","Minty Spire (QoL Compilation)","Quick Restart"],"gold_per_floor":[109,284,302,12,12,40,40,57,57,71,88,98,116,142,142,243,243,259,244,344,362,372,372,372,372],"floor_reached":24,"language":"ENG","playtime":1108,"items_purged":["Doubt"],"score":284,"play_id":"a59521ff-c070-48af-94f4-bd99d003c060","local_time":"20210212134637","is_ascension_mode":true,"campfire_choices":[{"data":"Zap","floor":7.0,"key":"SMITH"},{"floor":15.0,"key":"REST"},{"floor":23,"key":"REST"}],"circlet_count":0,"master_deck":["Strike_B","Strike_B","Strike_B","Defend_B","Defend_B","Defend_B","Defend_B","Zap+1","Dualcast","Loop","Lockon","Coolheaded","Echo Form","Reboot","Fusion"],"relics":["Cracked Core","NeowsBlessing","Anchor","White Beast Statue","Symbiotic Virus","Emotion Chip","Nuclear Battery"],"acts_visited":["Exordium","TheCity"],"potions_floor_usage":[24],"damage_taken":[{"damage":0.0,"enemies":"Small Slimes","floor":1.0,"turns":1.0},{"damage":0.0,"enemies":"Jaw Worm","floor":3.0,"turns":1.0},{"damage":0.0,"enemies":"Gremlin Nob","floor":6.0,"turns":1.0},{"damage":0.0,"enemies":"Cultist","floor":8.0,"turns":3.0},{"damage":0.0,"enemies":"Large Slime","floor":10.0,"turns":3.0},{"damage":24.0,"enemies":"Gremlin Gang","floor":11.0,"turns":4.0},{"damage":10.0,"enemies":"Lots of Slimes","floor":12.0,"turns":4.0},{"damage":11.0,"enemies":"Exordium Thugs","floor":13.0,"turns":4.0},{"damage":25.0,"enemies":"Lagavulin","floor":14.0,"turns":4.0},{"damage":13.0,"enemies":"Slime Boss","floor":16.0,"turns":5.0},{"damage":4.0,"enemies":"Spheric Guardian","floor":18.0,"turns":3.0},{"damage":13.0,"enemies":"2 Thieves","floor":19.0,"turns":4.0},{"damage":45.0,"enemies":"3 Cultists","floor":21.0,"turns":6.0},{"damage":12,"enemies":"Snecko","floor":22,"turns":5},{"damage":28,"enemies":"Slavers","floor":24,"turns":2}],"seed_played":"3189973877841297737","potions_obtained":[{"floor":8.0,"key":"Energy Potion"},{"floor":10.0,"key":"Energy Potion"},{"floor":11.0,"key":"EssenceOfDarkness"},{"floor":12.0,"key":"Weak Potion"},{"floor":16.0,"key":"SteroidPotion"},{"floor":18.0,"key":"PowerPotion"}],"is_trial":false,"path_per_floor":["M","?","M","$","?","E","R","M","T","M","M","M","M","E","R","B",null,"M","M","?","M","M","R","E"],"character_chosen":"DEFECT","items_purchased":["Anchor","Loop"],"campfire_rested":2,"item_purchase_floors":[4,4],"current_hp_per_floor":[75,75,75,75,75,75,75,75,75,75,51,41,30,5,27,14,75,71,58,58,13,1,23,0,0],"gold":372,"neow_bonus":"THREE_ENEMY_KILL","is_daily":false,"chose_seed":false,"campfire_upgraded":1,"win_rate":0.0,"timestamp":1613097997,"path_taken":["M","?","M","$","?","E","R","M","T","?","M","M","M","E","R","BOSS","M","M","?","?","M","R","E"],"items_purchased_type":["Relic","Card"],"build_version":"2020-12-22","purchased_purges":1,"victory":false,"max_hp_per_floor":[75,75,75,75,75,75,75,75,75,75,75,75,75,75,75,75,75,75,75,75,75,75,75,75,75],"card_choices":[{"not_picked":["Compile Driver","Barrage","Conserve Battery"],"picked":"SKIP","floor":1.0},{"not_picked":["Doom and Gloom","Rebound","Compile Driver"],"picked":"SKIP","floor":3.0},{"not_picked":["Scrape","Heatsinks"],"picked":"Lockon","floor":6.0},{"not_picked":["Melter","Turbo","Static Discharge"],"picked":"SKIP","floor":8.0},{"not_picked":["Go for the Eyes","Barrage"],"picked":"Coolheaded","floor":10.0},{"not_picked":["Leap","Streamline","Scrape"],"picked":"SKIP","floor":11.0},{"not_picked":["Sweeping Beam","Ball Lightning","Turbo"],"picked":"SKIP","floor":12.0},{"not_picked":["Blizzard","Recycle","Leap"],"picked":"SKIP","floor":13.0},{"not_picked":["Melter","Self Repair"],"picked":"Echo Form","floor":14.0},{"not_picked":["Creative AI","Meteor Strike"],"picked":"Reboot","floor":16.0},{"not_picked":["Compile Driver","Hologram","Reinforced Body"],"picked":"SKIP","floor":18.0},{"not_picked":["Rebound","Redo","Static Discharge"],"picked":"SKIP","floor":19.0},{"not_picked":["Rebound","Hologram+1","Redo"],"picked":"SKIP","floor":21},{"not_picked":["Barrage","Leap+1"],"picked":"Fusion","floor":22}],"player_experience":361751,"relics_obtained":[{"floor":6.0,"key":"White Beast Statue"},{"floor":9.0,"key":"Symbiotic Virus"},{"floor":14.0,"key":"Emotion Chip"}],"event_choices":[{"damage_healed":0.0,"max_hp_gain":0.0,"max_hp_loss":0.0,"gold_gain":175.0,"event_name":"Liars Game","player_choice":"AGREE","floor":2.0,"gold_loss":0.0,"damage_taken":0.0,"cards_obtained":["Doubt"]},{"cards_removed":["Strike_B"],"damage_healed":0.0,"max_hp_gain":0.0,"max_hp_loss":0.0,"gold_gain":0.0,"event_name":"Bonfire Elementals","player_choice":"Offered Basic","floor":5.0,"gold_loss":0.0,"damage_taken":0.0},{"damage_healed":0.0,"max_hp_gain":0.0,"max_hp_loss":0.0,"gold_gain":100.0,"event_name":"Golden Shrine","player_choice":"Pray","floor":20.0,"gold_loss":0.0,"damage_taken":0.0}],"is_beta":false,"boss_relics":[{"not_picked":["Busted Crown","Sozu"],"picked":"Nuclear Battery"}],"items_purged_floors":[4],"is_endless":false,"potions_floor_spawned":[8,10,11,12,13,14,16,18,19,21,22],"killed_by":"Slavers","ascension_level":4}}