{"host":"s41rn2jhghpwfrvz","time":1613157591,"event":{"mods":["BaseMod","Minty Spire (QoL Compilation)","Quick Restart","Relic Stats","SuperFastMode"],"gold_per_floor":[116,96,111,121,140,173,189,219,219,219,245,270,270,301,313,399,399],"floor_reached":16,"language":"ENG","playtime":694,"items_purged":[],"score":480,"play_id":"04fa8c57-49f2-46bd-b4b0-1616c3d86ef3","local_time":"20210212211951","daily_mods":["SealedDeck","Diverse","DeadlyEvents"],"is_ascension_mode":true,"campfire_choices":[{"data":"Feel No Pain","floor":10,"key":"SMITH"},{"data":"Combust","floor":15,"key":"SMITH"}],"circlet_count":0,"master_deck":["AscendersBane","True Grit","Go for the Eyes+1","Combust+1","Conserve Battery","Self Repair","Double Energy","Shrug It Off","Double Energy","Evolve","Feel No Pain+1","Wild Strike+1"],"relics":["Burning Blood","Toy Ornithopter","Lizard Tail","Whetstone","Nunchaku","Question Card","MawBank"],"acts_visited":["Exordium"],"potions_floor_usage":[6,6,16],"damage_taken":[{"damage":4,"enemies":"Small Slimes","floor":1,"turns":6},{"damage":2,"enemies":"Cultist","floor":3,"turns":5},{"damage":8,"enemies":"Jaw Worm","floor":4,"turns":9},{"damage":4,"enemies":"2 Fungi Beasts","floor":5,"turns":5},{"damage":31,"enemies":"Gremlin Nob","floor":6,"turns":6},{"damage":19,"enemies":"3 Louse","floor":7,"turns":4},{"damage":23,"enemies":"3 Sentries","floor":8,"turns":6},{"damage":6,"enemies":"Lagavulin","floor":11,"turns":7},{"damage":32,"enemies":"Gremlin Nob","floor":12,"turns":6},{"damage":3,"enemies":"Lagavulin","floor":14,"turns":6},{"damage":87,"enemies":"Hexaghost","floor":16,"turns":11}],"seed_played":"8623236953758754961","potions_obtained":[{"floor":1,"key":"HeartOfIron"},{"floor":2,"key":"GamblersBrew"},{"floor":4,"key":"SteroidPotion"},{"floor":11,"key":"Dexterity Potion"},{"floor":14,"key":"Regen Potion"},{"floor":16,"key":"Dexterity Potion"}],"is_trial":true,"path_per_floor":["M","?","M","M","M","E","M","E","T","R","E","E","?","E","R","B"],"character_chosen":"IRONCLAD","items_purchased":[],"campfire_rested":0,"item_purchase_floors":[],"current_hp_per_floor":[75,75,75,75,75,57,51,41,41,41,48,29,29,39,39,22,22],"gold":399,"neow_bonus":"","is_daily":false,"chose_seed":false,"campfire_upgraded":2,"win_rate":0.0,"timestamp":1613157591,"path_taken":["M","?","M","M","?","E","M","E","T","R","?","E","?","E","R","BOSS"],"items_purchased_type":[],"build_version":"2020-12-22","purchased_purges":0,"victory":false,"max_hp_per_floor":[75,75,75,75,75,75,75,75,75,75,75,75,75,75,75,75,75],"relic_stats":{"Lizard Tail":37,"Nunchaku":[4],"counters":[11,71],"Whetstone":["Go for the Eyes","Wild Strike"],"Question Card":2,"MawBank":24,"obtain_stats":[{"Lizard Tail":8,"Nunchaku":11,"Whetstone":9,"Question Card":12,"MawBank":14,"Burning Blood":0,"Toy Ornithopter":6},{"Lizard Tail":7,"Nunchaku":8,"Whetstone":7,"Question Card":9,"MawBank":10,"Burning Blood":0,"Toy Ornithopter":5},{"Lizard Tail":41,"Nunchaku":48,"Whetstone":41,"Question Card":54,"MawBank":60,"Burning Blood":0,"Toy Ornithopter":31}],"Burning Blood":60,"Toy Ornithopter":5},"card_choices":[{"not_picked":["Cleave","Double Energy"],"picked":"Wild Strike","floor":1},{"not_picked":["Hemokinesis","Ball Lightning","Flex"],"picked":"SKIP","floor":3},{"not_picked":["Aggregate","Reinforced Body","JustLucky"],"picked":"SKIP","floor":4},{"not_picked":["Tactician","Flame Barrier","Force Field"],"picked":"SKIP","floor":5},{"not_picked":["Static Discharge","Biased Cognition","JustLucky"],"picked":"SKIP","floor":6},{"not_picked":["Cold Snap","Ball Lightning","Doom and Gloom"],"picked":"SKIP","floor":7},{"not_picked":["Terror","Blood for Blood","Bane"],"picked":"SKIP","floor":8},{"not_picked":["PiercingWail","CarveReality","Coolheaded"],"picked":"SKIP","floor":11},{"not_picked":["Flechettes","Steam Power","Stack"],"picked":"SKIP","floor":12},{"not_picked":["Backflip","Dagger Spray","Deflect","Force Field"],"picked":"SKIP","floor":14}],"player_experience":1911448,"relics_obtained":[{"floor":6,"key":"Toy Ornithopter"},{"floor":8,"key":"Lizard Tail"},{"floor":9,"key":"Whetstone"},{"floor":11,"key":"Nunchaku"},{"floor":12,"key":"Question Card"},{"floor":14,"key":"MawBank"}],"event_choices":[{"damage_healed":0,"gold_gain":0,"player_choice":"Bought 1 Potion","damage_taken":0,"max_hp_gain":0,"max_hp_loss":0,"event_name":"The Woman in Blue","floor":2,"gold_loss":0},{"damage_healed":0,"gold_gain":0,"player_choice":"Ignored","damage_taken":0,"max_hp_gain":0,"max_hp_loss":0,"event_name":"Liars Game","floor":13,"gold_loss":0}],"is_beta":false,"boss_relics":[],"items_purged_floors":[],"is_endless":false,"potions_floor_spawned":[1,4,11,14,16],"killed_by":"Hexaghost","ascension_level":20}}