{"host":"j4g6ia6asvpyu2b0","time":1613130381,"event":{"mods":["BaseMod","Colored Map","Infinite Spire","Minty Spire (QoL Compilation)","Permanent Neow","Quick Restart","Relic Stats","StSLib","Unceasing Turn Reminder"],"gold_per_floor":[113,113,31,46,61,88,88,114,137,151,180,180,212,227,227,324,324,337,337,337,353,353,387,387,406,429,461,461,268,286,286,286,391,391,410,428,100,124,141,171,190,217,229,241,284,296,341,367,379,391,403,415,34,67,67],"floor_reached":56,"language":"ENG","playtime":2053,"items_purged":["Strike_G","Strike_G"],"score":1864,"play_id":"711b1b7e-efd4-45c6-abe7-9e17c6a2740f","local_time":"20210212044621","is_ascension_mode":true,"campfire_choices":[{"data":"Terror","floor":7.0,"key":"SMITH"},{"data":"Dagger Spray","floor":15.0,"key":"SMITH"},{"data":"Dash","floor":24,"key":"SMITH"},{"data":"Caltrops","floor":32,"key":"SMITH"},{"floor":46,"key":"REST"},{"floor":49,"key":"RECALL"},{"data":"Blade Dance","floor":52,"key":"SMITH"}],"circlet_count":0,"master_deck":["Strike_G","Strike_G","Strike_G","Defend_G+1","Defend_G","Defend_G","Defend_G+1","Survivor","Neutralize","Endless Agony","Terror+1","Flying Knee","Dagger Spray+1","Masterful Stab","All Out Attack","Dash+1","Blade Dance+1","Deadly Poison+1","Caltrops+1","Flying Knee","Doppelganger+1","Blade Dance+1","Dodge and Roll+1","infinitespire:FutureSight+1","infinitespire:Neurotoxin+1","Cloak And Dagger+1","Dodge and Roll+1","Blur+1","Blade Dance+1","PiercingWail+1","Bouncing Flask+1","Blade Dance+1","Concentrate+1","PiercingWail+1","Panacea+1","Venomology+1","Prepared+1","Bouncing Flask+1","Caltrops+1","Blur+1","Apotheosis+1","Shame","Dagger Spray","Dagger Throw","Leg Sweep+1","Dagger Throw+1","Escape Plan+1","Acrobatics+1","Decay","Deadly Poison+1","Calculated Gamble+1","Quick Slash+1","Tactician+1","Enlightenment+1","Cloak And Dagger+1"],"relics":["Black Star","Toy Ornithopter","Tiny Chest","Potion Belt","MealTicket","infinitespire:PuzzleCube","Prayer Wheel","Lizard Tail","Toxic Egg 2","Tingsha","Ginger","Runic Pyramid","Runic Dome","MutagenicStrength","Bag of Marbles","Art of War","Centennial Puzzle","Orichalcum","PreservedInsect","Frozen Egg 2","Cursed Key","Oddly Smooth Stone","Anchor","The Specimen","MawBank","infinitespire:Satchel","infinitespire:ShieldingShard","Omamori","War Paint","Nunchaku","Dead Branch","Snake Skull","Happy Flower","Gremlin Horn","Shuriken"],"acts_visited":["Exordium","TheCity","TheBeyond","TheEnding"],"potions_floor_usage":[25,27,35,39,40,41,42,47,47,55,55,55,55,55],"damage_taken":[{"damage":3.0,"enemies":"Small Slimes","floor":1.0,"turns":5.0},{"damage":1.0,"enemies":"Cultist","floor":4.0,"turns":3.0},{"damage":1.0,"enemies":"2 Louse","floor":5.0,"turns":3.0},{"damage":13.0,"enemies":"Gremlin Nob","floor":6.0,"turns":4.0},{"damage":26.0,"enemies":"3 Sentries","floor":8.0,"turns":7.0},{"damage":4.0,"enemies":"Blue Slaver","floor":10.0,"turns":2.0},{"damage":14.0,"enemies":"Gremlin Nob","floor":11.0,"turns":3.0},{"damage":4.0,"enemies":"3 Sentries","floor":13.0,"turns":5.0},{"damage":9.0,"enemies":"Red Slaver","floor":14.0,"turns":2.0},{"damage":0.0,"enemies":"Slime Boss","floor":16.0,"turns":4.0},{"damage":20.0,"enemies":"Shell Parasite","floor":18.0,"turns":4.0},{"damage":1.0,"enemies":"Spheric Guardian","floor":21.0,"turns":3.0},{"damage":0,"enemies":"Gremlin Leader","floor":23,"turns":4},{"damage":4,"enemies":"Cultist and Chosen","floor":25,"turns":4},{"damage":11,"enemies":"Slavers","floor":27,"turns":3},{"damage":18,"enemies":"Snake Plant","floor":30,"turns":2},{"damage":14,"enemies":"Collector","floor":33,"turns":6},{"damage":23,"enemies":"3 Darklings","floor":35,"turns":5},{"damage":3,"enemies":"Orb Walker","floor":36,"turns":3},{"damage":1,"enemies":"Sphere and 2 Shapes","floor":39,"turns":4},{"damage":38,"enemies":"Nightmare","floor":40,"turns":6},{"damage":5,"enemies":"Maw","floor":41,"turns":6},{"damage":0,"enemies":"Reptomancer","floor":42,"turns":3},{"damage":4,"enemies":"Nemesis","floor":45,"turns":5},{"damage":6,"enemies":"Reptomancer","floor":47,"turns":3},{"damage":3,"enemies":"Jaw Worm Horde","floor":48,"turns":2},{"damage":0,"enemies":"infinitespire:MassOfShapes","floor":50,"turns":6},{"damage":0,"enemies":"Shield and Spear","floor":54,"turns":1},{"damage":0,"enemies":"The Heart","floor":55,"turns":3}],"seed_played":"6617413649196857049","potions_obtained":[{"floor":1.0,"key":"CunningPotion"},{"floor":5.0,"key":"Regen Potion"},{"floor":10.0,"key":"LiquidMemories"},{"floor":11.0,"key":"Poison Potion"},{"floor":14.0,"key":"CunningPotion"},{"floor":18.0,"key":"EssenceOfSteel"},{"floor":25,"key":"Weak Potion"},{"floor":30,"key":"SteroidPotion"},{"floor":39,"key":"LiquidMemories"}],"is_trial":false,"path_per_floor":["M","?","$","M","M","E","R","E","T","M","E","?","E","M","R","B",null,"M","AVR","?","M","?","E","R","M","T","E","T","$","M","?","R","B",null,"M","M","$","T","M","NM","M","E","T","?","E","R","E","M","R","B",null,"R","$","E","B",null],"character_chosen":"THE_SILENT","items_purchased":["Terror","Bouncing Flask+1","SteroidPotion","Apotheosis+1","Oddly Smooth Stone","Snake Skull","Happy Flower","Enlightenment+1"],"campfire_rested":1,"item_purchase_floors":[3,29,29,37,37,53,53,53],"current_hp_per_floor":[67,67,67,66,65,52,52,46,46,42,28,25,21,12,12,17,70,50,50,34,33,33,33,33,34,34,28,28,43,25,25,25,11,70,52,49,64,64,68,32,32,37,37,37,33,52,56,53,53,53,66,66,66,66,66],"gold":67,"neow_bonus":"BOSS_RELIC","is_daily":false,"chose_seed":false,"campfire_upgraded":5,"win_rate":0.0,"timestamp":1613130381,"path_taken":["M","?","?","M","M","E","R","E","T","M","E","?","E","M","R","BOSS","M","AVR","?","M","?","E","R","M","T","E","?","?","?","?","R","BOSS","M","M","$","?","M","NM","M","E","T","?","E","R","E","M","R","BOSS","R","$","E","BOSS"],"items_purchased_type":["Card","Card","Potion","Card","Relic","Relic","Relic","Card"],"build_version":"2020-12-22","purchased_purges":2,"victory":true,"max_hp_per_floor":[70,70,70,70,70,70,70,70,70,70,70,70,70,70,70,70,70,70,70,70,70,70,70,70,70,70,70,70,70,70,70,70,70,70,70,70,70,70,70,70,70,70,70,66,66,66,66,66,66,66,66,66,66,66,66],"relic_stats":{"Happy Flower":[1],"Gremlin Horn":[0,0],"counters":[29,111],"Dead Branch":[81],"Tingsha":[152],"PreservedInsect":320,"Snake Skull":[13],"Ginger":[10],"Orichalcum":[18],"War Paint":["Defend_G","Defend_G"],"Cursed Key":2,"MawBank":132,"Lizard Tail":0,"Centennial Puzzle":[35],"Nunchaku":[7],"Shuriken":[9],"Tiny Chest":2,"MealTicket":30,"Prayer Wheel":10,"Black Star":11,"Art of War":[2],"obtain_stats":[{"Gremlin Horn":54,"Snake Skull":53,"Ginger":13,"Cursed Key":34,"Lizard Tail":11,"Centennial Puzzle":26,"Nunchaku":47,"infinitespire:ShieldingShard":43,"Tiny Chest":6,"MealTicket":8,"Prayer Wheel":11,"Toxic Egg 2":12,"Ring of the Snake":0,"Runic Pyramid":17,"Potion Belt":8,"The Specimen":40,"Happy Flower":53,"Dead Branch":47,"Oddly Smooth Stone":37,"Tingsha":13,"PreservedInsect":27,"Omamori":45,"Orichalcum":27,"Frozen Egg 2":28,"War Paint":45,"MawBank":42,"Runic Dome":19,"Anchor":40,"Shuriken":54,"MutagenicStrength":22,"infinitespire:Satchel":42,"Black Star":0,"Bag of Marbles":23,"Art of War":23,"Toy Ornithopter":6,"infinitespire:PuzzleCube":9},{"Gremlin Horn":28,"Snake Skull":27,"Ginger":8,"Cursed Key":17,"Lizard Tail":7,"Centennial Puzzle":14,"Nunchaku":25,"infinitespire:ShieldingShard":23,"Tiny Chest":4,"MealTicket":5,"Prayer Wheel":7,"Toxic Egg 2":7,"Ring of the Snake":0,"Runic Pyramid":10,"Potion Belt":5,"The Specimen":21,"Happy Flower":27,"Dead Branch":25,"Oddly Smooth Stone":19,"Tingsha":8,"PreservedInsect":15,"Omamori":24,"Orichalcum":15,"Frozen Egg 2":15,"War Paint":24,"MawBank":23,"Runic Dome":11,"Anchor":21,"Shuriken":28,"MutagenicStrength":12,"infinitespire:Satchel":23,"Black Star":0,"Bag of Marbles":13,"Art of War":13,"Toy Ornithopter":4,"infinitespire:PuzzleCube":5},{"Gremlin Horn":108,"Snake Skull":107,"Ginger":32,"Cursed Key":64,"Lizard Tail":27,"Centennial Puzzle":53,"Nunchaku":99,"infinitespire:ShieldingShard":91,"Tiny Chest":15,"MealTicket":22,"Prayer Wheel":27,"Toxic Egg 2":27,"Ring of the Snake":0,"Runic Pyramid":38,"Potion Belt":22,"The Specimen":82,"Happy Flower":107,"Dead Branch":99,"Oddly Smooth Stone":72,"Tingsha":32,"PreservedInsect":56,"Omamori":96,"Orichalcum":56,"Frozen Egg 2":56,"War Paint":96,"MawBank":91,"Runic Dome":42,"Anchor":82,"Shuriken":108,"MutagenicStrength":45,"infinitespire:Satchel":91,"Black Star":0,"Bag of Marbles":49,"Art of War":49,"Toy Ornithopter":15,"infinitespire:PuzzleCube":22}],"Toy Ornithopter":52},"card_choices":[{"not_picked":["Well Laid Plans","Dodge and Roll"],"picked":"Endless Agony","floor":1.0},{"not_picked":["Dodge and Roll","Skewer"],"picked":"Flying Knee","floor":4.0},{"not_picked":["Well Laid Plans","Outmaneuver"],"picked":"Dagger Spray","floor":5.0},{"not_picked":["Flechettes","Accuracy"],"picked":"Masterful Stab","floor":6.0},{"not_picked":["Escape Plan","Blur"],"picked":"All Out Attack","floor":8.0},{"not_picked":["Setup","Underhanded Strike"],"picked":"Dash","floor":10.0},{"not_picked":["Deadly Poison","Bane"],"picked":"Blade Dance","floor":11.0},{"not_picked":["Burst+1","Outmaneuver+1"],"picked":"Deadly Poison+1","floor":13.0},{"not_picked":["Slice","Underhanded Strike"],"picked":"Caltrops","floor":14.0},{"not_picked":["Dagger Spray","Flechettes"],"picked":"Flying Knee","floor":14.0},{"not_picked":["Unload","Night Terror+1"],"picked":"Doppelganger+1","floor":16.0},{"not_picked":["Underhanded Strike","Deflect+1"],"picked":"Blade Dance+1","floor":18.0},{"not_picked":["PiercingWail+1","Dagger Throw+1"],"picked":"Dodge and Roll+1","floor":18.0},{"not_picked":["infinitespire:Starlight","infinitespire:Punishment"],"picked":"infinitespire:FutureSight","floor":20.0},{"not_picked":["Footwork","Slice"],"picked":"infinitespire:Neurotoxin+1","floor":21.0},{"not_picked":["Blade Dance+1","Acrobatics+1"],"picked":"Cloak And Dagger+1","floor":21.0},{"not_picked":["Deflect+1","Riddle With Holes"],"picked":"Dodge and Roll+1","floor":23},{"not_picked":["Blade Dance+1","Distraction+1"],"picked":"Blur+1","floor":25},{"not_picked":["Poisoned Stab","Dodge and Roll+1"],"picked":"Blade Dance+1","floor":25},{"not_picked":["Reflex+1","Setup+1"],"picked":"PiercingWail+1","floor":27},{"not_picked":["Terror+1","Riddle With Holes+1"],"picked":"Blade Dance+1","floor":30},{"not_picked":["Well Laid Plans+1","Deflect+1"],"picked":"Concentrate+1","floor":30},{"not_picked":["Unload","infinitespire:Neurotoxin+1"],"picked":"Venomology+1","floor":33},{"not_picked":["Flechettes+1","Terror+1"],"picked":"Prepared+1","floor":35},{"not_picked":["Bane","Slice+1"],"picked":"Bouncing Flask+1","floor":35},{"not_picked":["Flechettes","Sucker Punch"],"picked":"Caltrops+1","floor":36},{"not_picked":["Blade Dance+1","Leg Sweep+1"],"picked":"Blur+1","floor":36},{"not_picked":["Quick Slash+1","Poisoned Stab"],"picked":"Dagger Spray","floor":39},{"not_picked":["Flechettes+1","Underhanded Strike+1"],"picked":"Dagger Throw","floor":39},{"not_picked":["Blur+1","Acrobatics+1"],"picked":"Leg Sweep+1","floor":40},{"not_picked":["Finisher","Flechettes+1"],"picked":"Dagger Throw+1","floor":41},{"not_picked":["Dodge and Roll+1","Bane+1"],"picked":"Escape Plan+1","floor":41},{"not_picked":["Phantasmal Killer+1","Expertise+1"],"picked":"Acrobatics+1","floor":42},{"not_picked":["Flying Knee","Prepared+1"],"picked":"Deadly Poison+1","floor":45},{"not_picked":["Prepared+1","Bouncing Flask+1"],"picked":"Calculated Gamble+1","floor":47},{"not_picked":["Finisher","Prepared+1"],"picked":"Quick Slash+1","floor":48},{"not_picked":["Dagger Throw+1","Deflect+1"],"picked":"Tactician+1","floor":48},{"not_picked":["Distraction+1","Heel Hook+1"],"picked":"Cloak And Dagger+1","floor":54}],"player_experience":1241000,"relics_obtained":[{"floor":6.0,"key":"Toy Ornithopter"},{"floor":6.0,"key":"Tiny Chest"},{"floor":8.0,"key":"Potion Belt"},{"floor":8.0,"key":"MealTicket"},{"floor":9.0,"key":"infinitespire:PuzzleCube"},{"floor":11.0,"key":"Prayer Wheel"},{"floor":11.0,"key":"Lizard Tail"},{"floor":13.0,"key":"Tingsha"},{"floor":13.0,"key":"Ginger"},{"floor":23,"key":"Bag of Marbles"},{"floor":23,"key":"Art of War"},{"floor":26,"key":"Centennial Puzzle"},{"floor":27,"key":"Orichalcum"},{"floor":27,"key":"PreservedInsect"},{"floor":28,"key":"Frozen Egg 2"},{"floor":40,"key":"Anchor"},{"floor":40,"key":"The Specimen"},{"floor":42,"key":"MawBank"},{"floor":42,"key":"infinitespire:Satchel"},{"floor":43,"key":"infinitespire:ShieldingShard"},{"floor":45,"key":"Omamori"},{"floor":45,"key":"War Paint"},{"floor":47,"key":"Nunchaku"},{"floor":47,"key":"Dead Branch"},{"floor":54,"key":"Gremlin Horn"},{"floor":54,"key":"Shuriken"}],"event_choices":[{"cards_removed":["Defend_G"],"damage_healed":0.0,"max_hp_gain":0.0,"max_hp_loss":0.0,"gold_gain":0.0,"event_name":"Bonfire Elementals","player_choice":"Offered Basic","floor":2.0,"gold_loss":0.0,"damage_taken":0.0},{"damage_healed":0.0,"max_hp_gain":0.0,"max_hp_loss":0.0,"gold_gain":0.0,"event_name":"Scrap Ooze","player_choice":"Success","floor":12.0,"gold_loss":0.0,"damage_taken":3.0,"relics_obtained":["Toxic Egg 2"]},{"damage_healed":0,"gold_gain":0,"player_choice":"Inject Mutagens","damage_taken":0,"relics_obtained":["MutagenicStrength"],"max_hp_gain":0,"max_hp_loss":0,"event_name":"Drug Dealer","floor":22,"gold_loss":0},{"damage_healed":0,"gold_gain":0,"player_choice":"2 cards matched","damage_taken":0,"max_hp_gain":0,"max_hp_loss":0,"event_name":"Match and Keep!","floor":31,"gold_loss":0,"cards_obtained":["PiercingWail","Panacea"]},{"damage_healed":0,"gold_gain":0,"player_choice":"Max HP","damage_taken":0,"max_hp_gain":0,"max_hp_loss":4,"event_name":"Winding Halls","floor":44,"gold_loss":0}],"is_beta":false,"boss_relics":[{"not_picked":["Astrolabe","infinitespire:Cupcake"],"picked":"Runic Pyramid"},{"not_picked":["SlaversCollar","Busted Crown"],"picked":"Cursed Key"}],"items_purged_floors":[19,29],"is_endless":false,"potions_floor_spawned":[1,5,10,11,14,18,25,30,35,39,40,45,54],"ascension_level":2}}