{"host":"9zznonz1olisd4fd","time":1613141788,"event":{"mods":["BaseMod","Keyboard Shortcuts","Minty Spire (QoL Compilation)","StSLib","SuperFastMode"],"gold_per_floor":[117,192,267,287,299,299,332,332,355,280,310,329,362,378,378,475,475,491,511,511,511,525,525,535,548,548,548,40,56,56,91,91,195,195,210,220,78,128,38,69,69,83,137,167,177,57,57,76,76,76],"floor_reached":51,"language":"KOR","playtime":2640,"items_purged":["Clumsy","Strike_G","Strike_G","Shame"],"score":971,"play_id":"63bb8178-d68b-4c27-9629-dc7b0f7a1303","local_time":"20210212235628","is_ascension_mode":true,"campfire_choices":[{"data":"Cloak And Dagger","floor":6.0,"key":"SMITH"},{"data":"Acrobatics","floor":8.0,"key":"SMITH"},{"data":"Neutralize","floor":15.0,"key":"SMITH"},{"data":"Phantasmal Killer","floor":23.0,"key":"SMITH"},{"floor":27.0,"key":"REST"},{"floor":32,"key":"REST"},{"data":"Cloak And Dagger","floor":41,"key":"SMITH"},{"floor":47,"key":"REST"},{"floor":49,"key":"REST"}],"circlet_count":0,"master_deck":["Strike_G","Strike_G","Defend_G","Defend_G","Defend_G","Defend_G","Defend_G","Survivor","Neutralize+1","Poisoned Stab+1","Cloak And Dagger+1","Accuracy","Acrobatics+1","Tactician","Accuracy","Phantasmal Killer+1","Blade Dance","Backflip+1","Prepared+1","Blade Dance","Backflip","Calculated Gamble+1","Cloak And Dagger+1","Infinite Blades+1","Calculated Gamble","Cloak And Dagger+1","Storm of Steel"],"relics":["Cursed Key","Lantern","The Courier","WristBlade","Nloth\u0027s Gift","Kunai","Bag of Preparation","Snake Skull","Sozu","Turnip","Dream Catcher","Oddly Smooth Stone","StrikeDummy"],"acts_visited":["Exordium","TheCity","TheBeyond"],"potions_floor_usage":[33,50,50],"damage_taken":[{"damage":0.0,"enemies":"Small Slimes","floor":1.0,"turns":3.0},{"damage":0.0,"enemies":"2 Louse","floor":4.0,"turns":3.0},{"damage":0.0,"enemies":"Cultist","floor":5.0,"turns":4.0},{"damage":6.0,"enemies":"3 Sentries","floor":7.0,"turns":10.0},{"damage":0.0,"enemies":"Large Slime","floor":12.0,"turns":3.0},{"damage":6.0,"enemies":"Lagavulin","floor":13.0,"turns":8.0},{"damage":0.0,"enemies":"3 Louse","floor":14.0,"turns":3.0},{"damage":31.0,"enemies":"The Guardian","floor":16.0,"turns":11.0},{"damage":4.0,"enemies":"2 Thieves","floor":18.0,"turns":2.0},{"damage":10.0,"enemies":"3 Byrds","floor":19.0,"turns":5.0},{"damage":5.0,"enemies":"Snake Plant","floor":22.0,"turns":3.0},{"damage":15.0,"enemies":"Shelled Parasite and Fungi","floor":24.0,"turns":3.0},{"damage":0.0,"enemies":"Centurion and Healer","floor":25.0,"turns":5.0},{"damage":2.0,"enemies":"Cultist and Chosen","floor":29.0,"turns":3.0},{"damage":1,"enemies":"Book of Stabbing","floor":31,"turns":3},{"damage":40,"enemies":"Champ","floor":33,"turns":7},{"damage":1,"enemies":"3 Darklings","floor":35,"turns":3},{"damage":3,"enemies":"3 Shapes","floor":36,"turns":3},{"damage":0,"enemies":"Mind Bloom Boss Battle","floor":38,"turns":2},{"damage":0,"enemies":"Giant Head","floor":40,"turns":4},{"damage":5,"enemies":"Sphere and 2 Shapes","floor":42,"turns":4},{"damage":0,"enemies":"Nemesis","floor":44,"turns":5},{"damage":12,"enemies":"Writhing Mass","floor":45,"turns":4},{"damage":13,"enemies":"3 Darklings","floor":48,"turns":3},{"damage":59,"enemies":"Time Eater","floor":50,"turns":7}],"seed_played":"-5160774027488690158","potions_obtained":[{"floor":4.0,"key":"Strength Potion"},{"floor":7.0,"key":"LiquidBronze"},{"floor":12.0,"key":"DuplicationPotion"},{"floor":19.0,"key":"Swift Potion"},{"floor":22.0,"key":"PowerPotion"},{"floor":24.0,"key":"Dexterity Potion"},{"floor":29.0,"key":"Dexterity Potion"},{"floor":31,"key":"Poison Potion"}],"is_trial":false,"path_per_floor":["M","?","?","M","M","R","E","R","T","$","?","M","E","M","R","B",null,"M","M","?","?","M","R","M","M","T","R","$","M","T","E","R","B",null,"M","M","$","?","?","E","R","M","T","E","M","$","R","M","R","B",null],"character_chosen":"THE_SILENT","items_purchased":["Kunai","Bag of Preparation","GhostInAJar","Blade Dance","Cloak And Dagger"],"campfire_rested":4,"item_purchase_floors":[28,28,28,28,37],"current_hp_per_floor":[70,59,52,52,52,52,46,46,46,46,46,46,40,40,40,9,55,51,41,41,41,36,36,21,21,21,42,42,40,40,39,60,20,58,57,54,54,54,54,54,54,49,49,49,37,37,58,45,66,7],"gold":76,"neow_bonus":"BOSS_RELIC","is_daily":false,"chose_seed":false,"campfire_upgraded":5,"win_rate":0.0,"timestamp":1613141788,"path_taken":["M","?","?","M","?","R","E","R","T","$","?","M","E","M","R","BOSS","M","M","?","?","M","R","M","M","T","R","$","?","?","E","R","BOSS","M","?","$","?","?","E","R","M","T","E","M","$","R","M","R","BOSS"],"items_purchased_type":["Relic","Relic","Potion","Card","Card"],"build_version":"2020-12-22","purchased_purges":4,"victory":true,"max_hp_per_floor":[70,70,70,70,70,70,70,70,70,70,70,70,70,70,70,70,70,70,70,70,70,70,70,70,70,70,70,70,70,70,70,70,70,70,70,70,70,70,70,70,70,70,70,70,70,70,70,70,70,70],"card_choices":[{"not_picked":["Dagger Throw","Quick Slash"],"picked":"Poisoned Stab","floor":1.0},{"not_picked":["Accuracy","Dagger Spray"],"picked":"Cloak And Dagger","floor":4.0},{"not_picked":["Slice","Underhanded Strike"],"picked":"Accuracy","floor":5.0},{"not_picked":["Masterful Stab","PiercingWail"],"picked":"Acrobatics","floor":7.0},{"not_picked":["Quick Slash","Underhanded Strike"],"picked":"Tactician","floor":12.0},{"not_picked":["Well Laid Plans","Masterful Stab"],"picked":"Accuracy","floor":13.0},{"not_picked":["Distraction","All Out Attack","Underhanded Strike"],"picked":"SKIP","floor":14.0},{"not_picked":["Adrenaline","Doppelganger"],"picked":"Phantasmal Killer","floor":16.0},{"not_picked":["Distraction","Riddle With Holes+1","Outmaneuver"],"picked":"SKIP","floor":18.0},{"not_picked":["Backstab","Underhanded Strike"],"picked":"Blade Dance","floor":19.0},{"not_picked":["Flying Knee","Bouncing Flask"],"picked":"Backflip+1","floor":22.0},{"not_picked":["Bane","Poisoned Stab"],"picked":"Prepared+1","floor":24.0},{"not_picked":["Footwork","Deflect","Flying Knee+1"],"picked":"SKIP","floor":25.0},{"not_picked":["Endless Agony","Prepared"],"picked":"Backflip","floor":29.0},{"not_picked":["Tools of the Trade","Caltrops+1","Flying Knee"],"picked":"SKIP","floor":31},{"not_picked":["Dagger Throw","Poisoned Stab"],"picked":"Calculated Gamble+1","floor":35},{"not_picked":["Riddle With Holes","Underhanded Strike+1","PiercingWail+1"],"picked":"SKIP","floor":36},{"not_picked":["Eviscerate","A Thousand Cuts","Envenom"],"picked":"SKIP","floor":40},{"not_picked":["Masterful Stab+1","Dodge and Roll","Skewer"],"picked":"SKIP","floor":42},{"not_picked":["Poisoned Stab+1","Underhanded Strike+1"],"picked":"Infinite Blades+1","floor":44},{"not_picked":["Heel Hook+1","Quick Slash+1"],"picked":"Calculated Gamble","floor":45},{"not_picked":["Poisoned Stab","Deadly Poison+1"],"picked":"Cloak And Dagger+1","floor":47},{"not_picked":["Flying Knee","Distraction+1","Heel Hook+1"],"picked":"SKIP","floor":48},{"not_picked":["Flying Knee+1","Underhanded Strike+1"],"picked":"Storm of Steel","floor":49}],"player_experience":531283,"relics_obtained":[{"floor":7.0,"key":"Lantern"},{"floor":13.0,"key":"Akabeko"},{"floor":31,"key":"Snake Skull"},{"floor":38,"key":"Turnip"},{"floor":40,"key":"Dream Catcher"},{"floor":43,"key":"Oddly Smooth Stone"},{"floor":44,"key":"StrikeDummy"}],"event_choices":[{"damage_healed":0.0,"max_hp_gain":0.0,"max_hp_loss":0.0,"gold_gain":75.0,"event_name":"World of Goop","player_choice":"Gather Gold","floor":2.0,"gold_loss":0.0,"damage_taken":11.0},{"damage_healed":0.0,"max_hp_gain":0.0,"max_hp_loss":0.0,"gold_gain":75.0,"event_name":"FaceTrader","player_choice":"Touch","floor":3.0,"gold_loss":0.0,"damage_taken":7.0},{"damage_healed":0.0,"max_hp_gain":0.0,"max_hp_loss":0.0,"gold_gain":30.0,"event_name":"Dead Adventurer","player_choice":"Searched \u00272\u0027 times","floor":11.0,"gold_loss":0.0,"damage_taken":0.0,"relics_obtained":["The Courier"]},{"damage_healed":0.0,"max_hp_gain":0.0,"max_hp_loss":0.0,"gold_gain":0.0,"event_name":"The Mausoleum","player_choice":"Ignored","floor":20.0,"gold_loss":0.0,"damage_taken":0.0},{"damage_healed":0.0,"max_hp_gain":0.0,"max_hp_loss":0.0,"gold_gain":0.0,"event_name":"N\u0027loth","player_choice":"Traded Relic","floor":21.0,"relics_lost":["Akabeko"],"gold_loss":0.0,"damage_taken":0.0,"relics_obtained":["Nloth\u0027s Gift"]},{"damage_healed":0,"gold_gain":0,"player_choice":"Fight","damage_taken":0,"max_hp_gain":0,"max_hp_loss":0,"event_name":"MindBloom","floor":38,"gold_loss":0},{"cards_removed":["Strike_G"],"damage_healed":0,"gold_gain":0,"player_choice":"Upgrade and Remove","damage_taken":0,"max_hp_gain":0,"max_hp_loss":0,"event_name":"Designer","floor":39,"gold_loss":90,"cards_upgraded":["Poisoned Stab"]}],"is_beta":false,"boss_relics":[{"not_picked":["Empty Cage","Runic Pyramid"],"picked":"WristBlade"},{"not_picked":["HoveringKite","SlaversCollar"],"picked":"Sozu"}],"items_purged_floors":[10,28,37,46],"is_endless":false,"potions_floor_spawned":[4,7,12,14,19,22,24,29,31,36,38],"ascension_level":5}}