{"host":"zzioommp09tnipoy","time":1613098589,"event":{"mods":["100% Spire Juice","Astrologer","BaseMod","Conjunction","Downfall","Ekko","Friendly Minions","GifTheSpireLib","Hubris","Infinite Spire","KinomotoSakuraMod(????)","Kiyohime????","Koishi","Marisa????????","Minty Spire (QoL Compilation)","Prisma Mod","Remilia??????","Replay The Spire","StSLib","Td1madao Mod","The Animator","The Bladedancer","The Bug Knight","The Cursed","The Disciple","The Mystic","The Necromancer"],"gold_per_floor":[112,112,112,129,142,160,187,201,226,226,236,336,336,355,355,450,450,460,460,460,470,385,385,385],"floor_reached":23,"language":"ENG","playtime":1071,"items_purged":[],"score":193,"play_id":"84ff41b0-cc42-4d3f-9c68-fc4f55dc6ba0","local_time":"20210211205629","is_ascension_mode":false,"campfire_choices":[{"floor":10.0,"key":"REST"},{"data":"ekkoTheBoyWhoShatteredTime:IcebornGauntlet","floor":13.0,"key":"SMITH"}],"circlet_count":0,"master_deck":["ekkoTheBoyWhoShatteredTime:Strike","ekkoTheBoyWhoShatteredTime:Strike+1","ekkoTheBoyWhoShatteredTime:Strike","ekkoTheBoyWhoShatteredTime:Strike+1","ekkoTheBoyWhoShatteredTime:Defend","ekkoTheBoyWhoShatteredTime:Defend","ekkoTheBoyWhoShatteredTime:Defend","ekkoTheBoyWhoShatteredTime:Defend","ekkoTheBoyWhoShatteredTime:TimeMaster","ekkoTheBoyWhoShatteredTime:Powered","ekkoTheBoyWhoShatteredTime:NeedlesslyLargeRod","ekkoTheBoyWhoShatteredTime:HailOfBlades","ekkoTheBoyWhoShatteredTime:Disturblast","ekkoTheBoyWhoShatteredTime:WideSlice+1","ekkoTheBoyWhoShatteredTime:IcebornGauntlet","ekkoTheBoyWhoShatteredTime:AfterimageTease","ekkoTheBoyWhoShatteredTime:IcebornGauntlet+1","ekkoTheBoyWhoShatteredTime:NeedlesslyLargeRod","ekkoTheBoyWhoShatteredTime:TimeIndustry","ekkoTheBoyWhoShatteredTime:ComeAtMe+1","ekkoTheBoyWhoShatteredTime:PhaseDive"],"relics":["ekkoTheBoyWhoShatteredTime:zDriveResonance","Simple Rune","Omamori","infinitespire:PuzzleCube","hubris:VirtuousBlindfold","Gambling Chip"],"acts_visited":["Exordium","TheCity"],"potions_floor_usage":[18],"damage_taken":[{"damage":0.0,"enemies":"Cultist","floor":1.0,"turns":3.0},{"damage":0.0,"enemies":"2 Louse","floor":4.0,"turns":3.0},{"damage":4.0,"enemies":"infinitespire:Voidling","floor":5.0,"turns":3.0},{"damage":7.0,"enemies":"Exordium Wildlife","floor":6.0,"turns":4.0},{"damage":18.0,"enemies":"Gremlin Nob","floor":7.0,"turns":4.0},{"damage":5.0,"enemies":"2 Fungi Beasts","floor":8.0,"turns":3.0},{"damage":1.0,"enemies":"Looter","floor":11.0,"turns":2.0},{"damage":16.0,"enemies":"Large Slime","floor":14.0,"turns":6.0},{"damage":25.0,"enemies":"Hexaghost","floor":16.0,"turns":9.0},{"damage":15,"enemies":"3 Byrds","floor":18,"turns":6},{"damage":15,"enemies":"2 Thieves","floor":21,"turns":4},{"damage":30,"enemies":"Shelled Parasite and Fungi","floor":23,"turns":4}],"seed_played":"-3773095169409105951","potions_obtained":[{"floor":4.0,"key":"hexamod:SoulburnPotion"},{"floor":6.0,"key":"Energy Potion"},{"floor":7.0,"key":"SkillPotion"},{"floor":16.0,"key":"FearPotion"}],"is_trial":false,"path_per_floor":["M","?","?","M","M","M","E","M","T","R","M","?","R","M","R","B",null,"M","?","?","M","?","M"],"character_chosen":"EKKO_THE_BOY_WHO_SHATTERED_TIME","items_purchased":[],"campfire_rested":1,"item_purchase_floors":[],"current_hp_per_floor":[85,85,85,85,81,74,56,51,51,76,75,75,75,59,84,59,85,70,70,70,55,55,25,25],"gold":385,"neow_bonus":"TEN_PERCENT_HP_BONUS","is_daily":false,"chose_seed":false,"campfire_upgraded":1,"win_rate":0.0,"timestamp":1613098589,"path_taken":["M","?","?","M","?","M","E","M","T","R","M","?","R","?","R","BOSS","M","?","?","M","?","M"],"items_purchased_type":[],"build_version":"2020-12-22","purchased_purges":0,"victory":false,"max_hp_per_floor":[85,85,85,85,85,85,85,85,85,85,85,85,85,85,85,85,85,85,85,85,85,85,85,85],"card_choices":[{"not_picked":["ekkoTheBoyWhoShatteredTime:CommittedStrike","ekkoTheBoyWhoShatteredTime:FeelIt"],"picked":"ekkoTheBoyWhoShatteredTime:NeedlesslyLargeRod","floor":1.0},{"not_picked":["ekkoTheBoyWhoShatteredTime:QuickBreak","ekkoTheBoyWhoShatteredTime:Dash"],"picked":"ekkoTheBoyWhoShatteredTime:HailOfBlades","floor":4.0},{"not_picked":["ekkoTheBoyWhoShatteredTime:AfterimageDualStroke","ekkoTheBoyWhoShatteredTime:Confident"],"picked":"ekkoTheBoyWhoShatteredTime:Disturblast","floor":5.0},{"not_picked":["ekkoTheBoyWhoShatteredTime:AfterimageBait","ekkoTheBoyWhoShatteredTime:PhaseDive"],"picked":"ekkoTheBoyWhoShatteredTime:WideSlice","floor":6.0},{"not_picked":["ekkoTheBoyWhoShatteredTime:HextechProtobelt","ekkoTheBoyWhoShatteredTime:Timewinder"],"picked":"ekkoTheBoyWhoShatteredTime:IcebornGauntlet","floor":7.0},{"not_picked":["ekkoTheBoyWhoShatteredTime:Greed","ekkoTheBoyWhoShatteredTime:Overflow"],"picked":"ekkoTheBoyWhoShatteredTime:AfterimageTease","floor":8.0},{"not_picked":["ekkoTheBoyWhoShatteredTime:SpHit","ekkoTheBoyWhoShatteredTime:MotivateCrowds"],"picked":"ekkoTheBoyWhoShatteredTime:IcebornGauntlet","floor":11.0},{"not_picked":["ekkoTheBoyWhoShatteredTime:Greed","ekkoTheBoyWhoShatteredTime:AfterimageHit"],"picked":"ekkoTheBoyWhoShatteredTime:NeedlesslyLargeRod","floor":14.0},{"not_picked":["ekkoTheBoyWhoShatteredTime:CatchUpTime","ekkoTheBoyWhoShatteredTime:DuplicateTimelines"],"picked":"ekkoTheBoyWhoShatteredTime:TimeIndustry","floor":16.0},{"not_picked":["ekkoTheBoyWhoShatteredTime:AfterimageTease","ekkoTheBoyWhoShatteredTime:SneakHit"],"picked":"ekkoTheBoyWhoShatteredTime:ComeAtMe+1","floor":18},{"not_picked":["ekkoTheBoyWhoShatteredTime:Playful","ekkoTheBoyWhoShatteredTime:WideSlice+1"],"picked":"ekkoTheBoyWhoShatteredTime:PhaseDive","floor":21}],"player_experience":226089,"relics_obtained":[{"floor":2.0,"key":"Simple Rune"},{"floor":7.0,"key":"Omamori"},{"floor":9.0,"key":"infinitespire:PuzzleCube"}],"event_choices":[{"cards_removed":["ekkoTheBoyWhoShatteredTime:Strike"],"damage_healed":0.0,"max_hp_gain":0.0,"max_hp_loss":0.0,"gold_gain":0.0,"event_name":"Bonfire Elementals","player_choice":"Offered Basic","floor":3.0,"gold_loss":0.0,"damage_taken":0.0},{"damage_healed":0.0,"max_hp_gain":0.0,"max_hp_loss":0.0,"gold_gain":100.0,"event_name":"Golden Shrine","player_choice":"Pray","floor":12.0,"gold_loss":0.0,"damage_taken":0.0},{"damage_healed":0,"gold_gain":0,"player_choice":"Ignored","damage_taken":0,"max_hp_gain":0,"max_hp_loss":0,"event_name":"Ghosts","floor":20,"gold_loss":0},{"damage_healed":0,"gold_gain":0,"player_choice":"Obtained Relic","damage_taken":0,"relics_obtained":["Gambling Chip"],"max_hp_gain":0,"max_hp_loss":0,"event_name":"Addict","floor":22,"gold_loss":85}],"is_beta":false,"boss_relics":[{"not_picked":["Cursed Key","hubris:BlackHole"],"picked":"hubris:VirtuousBlindfold"}],"items_purged_floors":[],"is_endless":false,"potions_floor_spawned":[4,6,7,16],"killed_by":"Shelled Parasite and Fungi","ascension_level":0}}