{"host":"19r1ww88x2tc73i0","time":1613143176,"event":{"mods":["BaseMod","BetterRewards","Colored Map","Minty Spire (QoL Compilation)","Relic Stats","StSLib","SuperFastMode","slay the spire mod where everything is the same but ironclad has a cowboy hat"],"gold_per_floor":[111,0,0,50,63,63,92,103,103,59,87,87,87,105,105,179,179,196,196,246,246,264,264,289,289,289,317,333,345,374,384,384,456,456,475,150,150,150,150,181,206,206,231,97,97,117,152,195,195,195,195,195,195,28,66,66,66],"floor_reached":56,"language":"ENG","playtime":2751,"items_purged":["Strike_G+1"],"score":2479,"play_id":"9adf1615-1d77-4988-861d-b11e261ddc27","local_time":"25640212221936","is_ascension_mode":true,"campfire_choices":[{"data":"Accuracy","floor":6.0,"key":"SMITH"},{"data":"Terror","floor":12.0,"key":"SMITH"},{"data":"Blade Dance","floor":15.0,"key":"SMITH"},{"data":"Wraith Form v2","floor":23.0,"key":"SMITH"},{"data":"Phantasmal Killer","floor":25.0,"key":"SMITH"},{"data":"Cloak And Dagger","floor":32.0,"key":"SMITH"},{"data":"Burst","floor":45.0,"key":"SMITH"},{"floor":49.0,"key":"RECALL"},{"data":"Calculated Gamble","floor":53.0,"key":"SMITH"}],"circlet_count":0,"master_deck":["AscendersBane","Strike_G+1","Defend_G","Defend_G","Defend_G","Defend_G","Defend_G","Survivor","Neutralize","Terror+1","Blade Dance+1","Accuracy+1","Cloak And Dagger+1","Accuracy","Backflip","Accuracy","Cloak And Dagger+1","All Out Attack","Wraith Form v2+1","Acrobatics","Venomology+1","Well Laid Plans","Calculated Gamble+1","Phantasmal Killer+1","Backstab+1","PiercingWail","Endless Agony","Crippling Poison","Venomology","CurseOfTheBell","Finesse","Blade Dance","Burst+1","Deflect","PiercingWail+1","Acrobatics","Footwork","Malaise"],"relics":["Ring of the Snake","Question Card","Pen Nib","Medical Kit","Ornamental Fan","Anchor","Tough Bandages","Akabeko","WristBlade","Tiny Chest","Gremlin Horn","Paper Crane","War Paint","StrikeDummy","Calling Bell","Oddly Smooth Stone","Kunai","WingedGreaves","Dead Branch","Pear","Snake Skull","Whetstone","CeramicFish","Calipers","OrangePellets","Centennial Puzzle"],"acts_visited":["Exordium","TheCity","TheBeyond","TheEnding"],"potions_floor_usage":[56,56,56],"damage_taken":[{"damage":11.0,"enemies":"Small Slimes","floor":1.0,"turns":4.0},{"damage":0.0,"enemies":"Jaw Worm","floor":5.0,"turns":3.0},{"damage":3.0,"enemies":"Lagavulin","floor":7.0,"turns":5.0},{"damage":0.0,"enemies":"Cultist","floor":8.0,"turns":2.0},{"damage":0.0,"enemies":"3 Sentries","floor":11.0,"turns":6.0},{"damage":0.0,"enemies":"Blue Slaver","floor":14.0,"turns":2.0},{"damage":35.0,"enemies":"Slime Boss","floor":16.0,"turns":8.0},{"damage":5.0,"enemies":"Spheric Guardian","floor":18.0,"turns":3.0},{"damage":5.0,"enemies":"Shell Parasite","floor":22.0,"turns":3.0},{"damage":0.0,"enemies":"Book of Stabbing","floor":24.0,"turns":2.0},{"damage":0.0,"enemies":"Gremlin Leader","floor":27.0,"turns":4.0},{"damage":3.0,"enemies":"Snake Plant","floor":28.0,"turns":3.0},{"damage":0.0,"enemies":"Chosen and Byrds","floor":29.0,"turns":5.0},{"damage":0.0,"enemies":"Book of Stabbing","floor":30.0,"turns":2.0},{"damage":0.0,"enemies":"Shelled Parasite and Fungi","floor":31.0,"turns":2.0},{"damage":29.0,"enemies":"Automaton","floor":33.0,"turns":7.0},{"damage":4.0,"enemies":"3 Darklings","floor":35.0,"turns":4.0},{"damage":0.0,"enemies":"Reptomancer","floor":40.0,"turns":2.0},{"damage":1.0,"enemies":"Nemesis","floor":41.0,"turns":3.0},{"damage":0.0,"enemies":"Orb Walker","floor":46.0,"turns":2.0},{"damage":2.0,"enemies":"Giant Head","floor":47.0,"turns":4.0},{"damage":0.0,"enemies":"Reptomancer","floor":48.0,"turns":2.0},{"damage":21.0,"enemies":"Time Eater","floor":50.0,"turns":4.0},{"damage":1.0,"enemies":"Donu and Deca","floor":51.0,"turns":6.0},{"damage":0.0,"enemies":"Shield and Spear","floor":55.0,"turns":6.0},{"damage":73,"enemies":"The Heart","floor":56,"turns":8}],"seed_played":"-5968553399762827542","potions_obtained":[{"floor":5.0,"key":"GamblersBrew"},{"floor":8.0,"key":"Swift Potion"},{"floor":14.0,"key":"FearPotion"},{"floor":24.0,"key":"ColorlessPotion"},{"floor":28.0,"key":"EntropicBrew"},{"floor":33.0,"key":"SteroidPotion"},{"floor":35.0,"key":"Dexterity Potion"},{"floor":40.0,"key":"Dexterity Potion"},{"floor":41.0,"key":"Block Potion"}],"is_trial":false,"path_per_floor":["M","$","?","?","M","R","E","M","T","$","E","R","?","M","R","B",null,"M","?","?","T","M","R","E","R","T","E","M","M","E","M","R","B",null,"M","$","?","?","T","E","E","?","T","$","R","M","E","E","R","B","B",null,"R","$","E","B"],"character_chosen":"THE_SILENT","items_purchased":["Question Card","Pen Nib","Medical Kit","Blade Dance","Accuracy","Accuracy","Dead Branch","Deflect","OrangePellets"],"campfire_rested":0,"item_purchase_floors":[0,0,0,2,2,10,36,44,54],"current_hp_per_floor":[48,48,48,48,48,48,45,45,45,45,45,45,45,45,45,10,52,47,47,47,47,42,42,42,42,42,42,39,39,39,39,39,10,52,48,48,48,48,48,58,57,57,57,57,57,57,55,55,55,34,33,65,65,65,65,7,7],"gold":66,"neow_bonus":"","is_daily":false,"chose_seed":false,"campfire_upgraded":8,"win_rate":0.0,"timestamp":1613143176,"path_taken":["M","$","?","?","?","R","E","M","T","$","E","R","?","?","R","BOSS","M","?","?","?","M","R","E","R","T","E","M","?","E","M","R","BOSS","M","$","?","?","?","E","E","?","T","$","R","?","E","E","R","BOSS","BOSS","R","$","E","BOSS"],"items_purchased_type":["Relic","Relic","Relic","Card","Card","Card","Relic","Card","Relic"],"build_version":"2020-12-22","purchased_purges":1,"victory":false,"max_hp_per_floor":[66,66,66,66,66,66,66,66,66,66,66,66,66,66,66,66,66,66,66,66,66,66,66,66,66,66,66,66,66,66,66,66,66,66,66,66,66,66,66,76,76,76,76,76,76,76,76,76,76,76,76,76,76,76,76,76,76],"relic_stats":{"Gremlin Horn":[13,14],"counters":[39,151],"Dead Branch":[149],"CeramicFish":27,"Pen Nib":[28],"Snake Skull":[19],"Whetstone":["Strike_G","Strike_G"],"War Paint":["Venomology","Cloak And Dagger"],"Question Card":25,"Medical Kit":[4],"OrangePellets":[6],"Tough Bandages":[291],"Centennial Puzzle":[1],"Ornamental Fan":[240],"Tiny Chest":1,"Kunai":[34],"obtain_stats":[{"Calipers":48,"Gremlin Horn":24,"SacredBark":0,"CeramicFish":47,"Vajra":4,"StoneCalendar":0,"Snake Skull":41,"Bag of Preparation":0,"Whetstone":43,"Nunchaku":7,"Tough Bandages":11,"Centennial Puzzle":55,"Shovel":11,"WristBlade":17,"Sundial":6,"Mummified Hand":0,"Tiny Chest":21,"WingedGreaves":34,"Kunai":34,"Ring of the Snake":0,"Pear":40,"The Specimen":0,"Dead Branch":36,"Oddly Smooth Stone":34,"Pen Nib":0,"Paper Crane":26,"War Paint":27,"Question Card":0,"Medical Kit":0,"Akabeko":13,"Calling Bell":34,"OrangePellets":54,"Anchor":9,"Ornamental Fan":7,"Turnip":0,"StrikeDummy":13,"TungstenRod":9},{"Calipers":35,"Gremlin Horn":23,"SacredBark":0,"CeramicFish":34,"Vajra":11,"StoneCalendar":0,"Snake Skull":32,"Bag of Preparation":0,"Whetstone":32,"Nunchaku":12,"Tough Bandages":18,"Centennial Puzzle":38,"Shovel":8,"WristBlade":20,"Sundial":6,"Mummified Hand":9,"Tiny Chest":21,"WingedGreaves":29,"Kunai":29,"Ring of the Snake":0,"Pear":31,"The Specimen":9,"Dead Branch":30,"Oddly Smooth Stone":29,"Pen Nib":13,"Paper Crane":23,"War Paint":24,"Question Card":13,"Medical Kit":13,"Akabeko":18,"Calling Bell":29,"OrangePellets":37,"Anchor":17,"Ornamental Fan":16,"Turnip":0,"StrikeDummy":8,"TungstenRod":6},{"Calipers":127,"Gremlin Horn":87,"SacredBark":0,"CeramicFish":125,"Vajra":42,"StoneCalendar":0,"Snake Skull":119,"Bag of Preparation":0,"Whetstone":119,"Nunchaku":45,"Tough Bandages":69,"Centennial Puzzle":143,"Shovel":31,"WristBlade":79,"Sundial":21,"Mummified Hand":33,"Tiny Chest":82,"WingedGreaves":110,"Kunai":110,"Ring of the Snake":0,"Pear":116,"The Specimen":33,"Dead Branch":114,"Oddly Smooth Stone":110,"Pen Nib":49,"Paper Crane":87,"War Paint":91,"Question Card":49,"Medical Kit":49,"Akabeko":69,"Calling Bell":110,"OrangePellets":137,"Anchor":63,"Ornamental Fan":61,"Turnip":0,"StrikeDummy":31,"TungstenRod":21}],"Ring of the Snake":[78]},"card_choices":[{"not_picked":["Flechettes","PiercingWail","Poisoned Stab"],"picked":"Terror","floor":1.0},{"not_picked":["Catalyst","Poisoned Stab","Bane"],"picked":"Cloak And Dagger","floor":5.0},{"not_picked":["Storm of Steel","Concentrate","Heel Hook"],"picked":"Accuracy","floor":7.0},{"not_picked":["Underhanded Strike","Poisoned Stab","Well Laid Plans"],"picked":"Backflip","floor":8.0},{"not_picked":["Well Laid Plans","Endless Agony","Terror"],"picked":"Cloak And Dagger","floor":11.0},{"not_picked":["Prepared","Noxious Fumes","Riddle With Holes"],"picked":"All Out Attack","floor":14.0},{"not_picked":["Glass Knife","Grand Finale","Venomology"],"picked":"Wraith Form v2","floor":16.0},{"not_picked":["Deadly Poison","Skewer","Dodge and Roll"],"picked":"Acrobatics","floor":18.0},{"not_picked":["Backflip","Leg Sweep","Quick Slash"],"picked":"Calculated Gamble","floor":22.0},{"not_picked":["Backflip+1","Cloak And Dagger","Tactician"],"picked":"Phantasmal Killer","floor":24.0},{"not_picked":["Expertise+1","Flechettes","Skewer"],"picked":"Backstab+1","floor":27.0},{"not_picked":["Flying Knee","Acrobatics","Dagger Throw"],"picked":"PiercingWail","floor":28.0},{"not_picked":["Unload","Distraction","Backflip"],"picked":"Endless Agony","floor":29.0},{"not_picked":["Blade Dance","Dagger Throw","Flying Knee","Acrobatics+1"],"picked":"SKIP","floor":30.0},{"not_picked":["Quick Slash","Sucker Punch","Prepared"],"picked":"Crippling Poison","floor":31.0},{"not_picked":["Unload","Corpse Explosion","Doppelganger"],"picked":"Venomology","floor":33.0},{"not_picked":["All Out Attack+1","Reflex","Crippling Poison","Poisoned Stab"],"picked":"SKIP","floor":35.0},{"not_picked":["Jack Of All Trades","Mind Blast","Sadistic Nature"],"picked":"Finesse","floor":38.0},{"not_picked":["Bane","Deflect","Deadly Poison"],"picked":"Blade Dance","floor":40.0},{"not_picked":["Underhanded Strike+1","Caltrops","Deadly Poison"],"picked":"Burst","floor":41.0},{"not_picked":["All Out Attack","Cloak And Dagger","Backflip"],"picked":"PiercingWail+1","floor":46.0},{"not_picked":["Backflip","Predator","Dagger Spray"],"picked":"Acrobatics","floor":47.0},{"not_picked":["Masterful Stab","Underhanded Strike","Wraith Form v2"],"picked":"Footwork","floor":48.0},{"not_picked":["Acrobatics","Terror","Flying Knee"],"picked":"Malaise","floor":55.0}],"player_experience":1057009,"relics_obtained":[{"floor":7.0,"key":"Ornamental Fan"},{"floor":9.0,"key":"Anchor"},{"floor":11.0,"key":"Tough Bandages"},{"floor":13.0,"key":"Akabeko"},{"floor":21.0,"key":"Tiny Chest"},{"floor":24.0,"key":"Gremlin Horn"},{"floor":26.0,"key":"Paper Crane"},{"floor":27.0,"key":"War Paint"},{"floor":30.0,"key":"StrikeDummy"},{"floor":34.0,"key":"Oddly Smooth Stone"},{"floor":34.0,"key":"Kunai"},{"floor":34.0,"key":"WingedGreaves"},{"floor":40.0,"key":"Pear"},{"floor":41.0,"key":"Snake Skull"},{"floor":43.0,"key":"Whetstone"},{"floor":47.0,"key":"CeramicFish"},{"floor":48.0,"key":"Calipers"},{"floor":55.0,"key":"Centennial Puzzle"}],"event_choices":[{"damage_healed":0.0,"max_hp_gain":0.0,"max_hp_loss":0.0,"gold_gain":0.0,"event_name":"Liars Game","player_choice":"Ignored","floor":3.0,"gold_loss":0.0,"damage_taken":0.0},{"damage_healed":0.0,"max_hp_gain":0.0,"max_hp_loss":0.0,"gold_gain":50.0,"event_name":"Golden Shrine","player_choice":"Pray","floor":4.0,"gold_loss":0.0,"damage_taken":0.0},{"damage_healed":0.0,"max_hp_gain":0.0,"max_hp_loss":0.0,"gold_gain":0.0,"event_name":"Wheel of Change","player_choice":"Relic","floor":13.0,"gold_loss":0.0,"damage_taken":0.0},{"damage_healed":0.0,"max_hp_gain":0.0,"max_hp_loss":0.0,"gold_gain":0.0,"cards_transformed":["Strike_G","Strike_G"],"event_name":"Drug Dealer","player_choice":"Became Test Subject","floor":19.0,"gold_loss":0.0,"damage_taken":0.0,"cards_obtained":["Venomology","Well Laid Plans"]},{"damage_healed":0.0,"max_hp_gain":0.0,"max_hp_loss":0.0,"gold_gain":50.0,"event_name":"Nest","player_choice":"Stole From Cult","floor":20.0,"gold_loss":0.0,"damage_taken":0.0},{"cards_removed":["Strike_G"],"damage_healed":0.0,"max_hp_gain":0.0,"max_hp_loss":0.0,"gold_gain":0.0,"event_name":"Falling","player_choice":"Removed Attack","floor":37.0,"gold_loss":0.0,"damage_taken":0.0},{"damage_healed":0.0,"max_hp_gain":0.0,"max_hp_loss":0.0,"gold_gain":0.0,"event_name":"SensoryStone","player_choice":"Memory 1","floor":38.0,"gold_loss":0.0,"damage_taken":0.0},{"damage_healed":0.0,"max_hp_gain":0.0,"max_hp_loss":0.0,"gold_gain":0.0,"event_name":"Tomb of Lord Red Mask","player_choice":"Ignored","floor":42.0,"gold_loss":0.0,"damage_taken":0.0}],"is_beta":false,"boss_relics":[{"not_picked":["Runic Pyramid","SacredBark"],"picked":"WristBlade"},{"not_picked":["Fusion Hammer","HoveringKite"],"picked":"Calling Bell"}],"items_purged_floors":[44],"is_endless":false,"potions_floor_spawned":[5,8,14,16,22,24,27,28,33,35,40,41],"killed_by":"The Heart","ascension_level":20}}