{"host":"vumwfieg2b2mnrfl","time":1613089597,"event":{"mods":["AchievementEnabler","BaseMod","Minty Spire (QoL Compilation)","Rare Cards Sparkle","Relic Stats"],"gold_per_floor":[117,132,132,132,132,132,168,168,216,234,278,294,46,59,59,150,150,169,183,183,203,203,203,12,28,28,63,63,63],"floor_reached":28,"language":"ENG","playtime":816,"items_purged":["Strike_G"],"score":546,"play_id":"eb445eaa-0307-4227-87b6-1735e9e7e511","local_time":"20210211182637","is_ascension_mode":true,"campfire_choices":[{"data":"Neutralize","floor":6,"key":"SMITH"},{"data":"Quick Slash","floor":8,"key":"SMITH"},{"data":"Bouncing Flask","floor":15,"key":"SMITH"},{"floor":23,"key":"REST"}],"circlet_count":0,"master_deck":["AscendersBane","Strike_G","Strike_G","Strike_G","Defend_G","Defend_G","Defend_G","Defend_G","Defend_G","Survivor","Neutralize+1","Quick Slash+1","Masterful Stab","Injury","Backstab","Backflip","Predator","Bouncing Flask+1","Cloak And Dagger","Neutralize+1","Leg Sweep","Burst","Bane","PiercingWail","Shame","Footwork","The Bomb"],"relics":["Ring of the Snake","NeowsBlessing","Golden Idol","Bronze Scales","Vajra","Happy Flower","DollysMirror","Sozu","Pen Nib","Juzu Bracelet","Ancient Tea Set"],"acts_visited":["Exordium","TheCity"],"potions_floor_usage":[11],"damage_taken":[{"damage":0,"enemies":"Small Slimes","floor":1,"turns":1},{"damage":0,"enemies":"Jaw Worm","floor":2,"turns":1},{"damage":0,"enemies":"Gremlin Nob","floor":7,"turns":1},{"damage":0,"enemies":"2 Louse","floor":10,"turns":1},{"damage":5,"enemies":"3 Sentries","floor":11,"turns":6},{"damage":0,"enemies":"Gremlin Gang","floor":12,"turns":4},{"damage":0,"enemies":"Looter","floor":14,"turns":2},{"damage":26,"enemies":"Hexaghost","floor":16,"turns":11},{"damage":1,"enemies":"Chosen","floor":18,"turns":3},{"damage":0,"enemies":"2 Thieves","floor":19,"turns":4},{"damage":22,"enemies":"Centurion and Healer","floor":21,"turns":6},{"damage":18,"enemies":"Snake Plant","floor":25,"turns":3},{"damage":17,"enemies":"Book of Stabbing","floor":27,"turns":5},{"damage":8,"enemies":"Chosen and Byrds","floor":28,"turns":3}],"seed_played":"-5985597282027659175","potions_obtained":[{"floor":2,"key":"Energy Potion"},{"floor":7,"key":"AttackPotion"},{"floor":11,"key":"Strength Potion"}],"is_trial":false,"path_per_floor":["M","M","?","?","?","R","E","R","T","M","E","M","$","M","R","B",null,"M","M","?","M","?","R","$","M","T","E","M"],"character_chosen":"THE_SILENT","items_purchased":["DollysMirror","The Bomb"],"campfire_rested":1,"item_purchase_floors":[13,24],"current_hp_per_floor":[59,59,59,59,55,55,55,55,55,55,50,50,50,50,50,24,56,55,55,55,33,24,43,43,25,25,8,0,0],"gold":63,"neow_bonus":"THREE_ENEMY_KILL","is_daily":false,"chose_seed":false,"campfire_upgraded":3,"win_rate":0.0,"timestamp":1613089597,"path_taken":["M","M","?","?","?","R","E","R","T","M","E","M","$","?","R","BOSS","M","M","?","M","?","R","$","M","T","E","M"],"items_purchased_type":["Relic","Card"],"build_version":"2020-12-22","purchased_purges":1,"victory":false,"max_hp_per_floor":[66,66,66,66,66,66,66,66,66,66,66,66,66,66,66,66,66,66,66,66,66,66,66,66,66,66,66,66,66],"relic_stats":{"Sozu":3,"Happy Flower":[13],"counters":[14,51],"Golden Idol":65,"Bronze Scales":[180],"Pen Nib":[3],"Juzu Bracelet":0,"obtain_stats":[{"Sozu":17,"NeowsBlessing":0,"Happy Flower":11,"Golden Idol":3,"DollysMirror":13,"Bronze Scales":7,"Vajra":9,"Pen Nib":20,"Juzu Bracelet":26,"Ancient Tea Set":27,"Ring of the Snake":0},{"Sozu":8,"NeowsBlessing":0,"Happy Flower":5,"Golden Idol":2,"DollysMirror":6,"Bronze Scales":3,"Vajra":3,"Pen Nib":10,"Juzu Bracelet":12,"Ancient Tea Set":13,"Ring of the Snake":0},{"Sozu":27,"NeowsBlessing":0,"Happy Flower":10,"Golden Idol":2,"DollysMirror":14,"Bronze Scales":3,"Vajra":3,"Pen Nib":34,"Juzu Bracelet":43,"Ancient Tea Set":48,"Ring of the Snake":0}],"Ring of the Snake":[28]},"card_choices":[{"not_picked":["Dodge and Roll","Choke"],"picked":"Quick Slash","floor":1},{"not_picked":["Bane","Concentrate"],"picked":"Masterful Stab","floor":2},{"not_picked":["Poisoned Stab","Concentrate"],"picked":"Backflip","floor":7},{"not_picked":["Acrobatics","Riddle With Holes"],"picked":"Predator","floor":10},{"not_picked":["Bullet Time","Eviscerate"],"picked":"Bouncing Flask","floor":11},{"not_picked":["Prepared","Riddle With Holes"],"picked":"Cloak And Dagger","floor":12},{"not_picked":["Blade Dance","Calculated Gamble"],"picked":"Leg Sweep","floor":14},{"not_picked":["Unload","Grand Finale"],"picked":"Burst","floor":16},{"not_picked":["PiercingWail","Blade Dance"],"picked":"Bane","floor":18},{"not_picked":["Distraction","Underhanded Strike"],"picked":"PiercingWail","floor":19},{"not_picked":["Quick Slash","Blade Dance+1"],"picked":"Footwork","floor":21},{"not_picked":["Underhanded Strike","Poisoned Stab","Sucker Punch"],"picked":"SKIP","floor":25},{"not_picked":["Slice","Sucker Punch+1","A Thousand Cuts"],"picked":"SKIP","floor":27}],"player_experience":547540,"relics_obtained":[{"floor":7,"key":"Bronze Scales"},{"floor":9,"key":"Vajra"},{"floor":11,"key":"Happy Flower"},{"floor":26,"key":"Juzu Bracelet"},{"floor":27,"key":"Ancient Tea Set"}],"event_choices":[{"damage_healed":0,"gold_gain":0,"player_choice":"Take Wound","damage_taken":0,"relics_obtained":["Golden Idol"],"max_hp_gain":0,"max_hp_loss":0,"event_name":"Golden Idol","floor":3,"gold_loss":0,"cards_obtained":["Injury"]},{"damage_healed":0,"gold_gain":0,"cards_transformed":["Strike_G"],"player_choice":"Change","damage_taken":0,"max_hp_gain":0,"max_hp_loss":0,"event_name":"Living Wall","floor":4,"gold_loss":0,"cards_obtained":["Backstab"]},{"damage_healed":0,"gold_gain":0,"player_choice":"Bought 0 Potions","damage_taken":0,"max_hp_gain":0,"max_hp_loss":0,"event_name":"The Woman in Blue","floor":5,"gold_loss":0},{"damage_healed":0,"gold_gain":0,"player_choice":"Stole Relic","damage_taken":0,"relics_obtained":["Pen Nib"],"max_hp_gain":0,"max_hp_loss":0,"event_name":"Addict","floor":20,"gold_loss":0,"cards_obtained":["Shame"]},{"damage_healed":0,"gold_gain":0,"player_choice":"Damaged","damage_taken":9,"max_hp_gain":0,"max_hp_loss":0,"event_name":"Wheel of Change","floor":22,"gold_loss":0}],"is_beta":false,"boss_relics":[{"not_picked":["Astrolabe","Runic Pyramid"],"picked":"Sozu"}],"items_purged_floors":[13],"is_endless":false,"potions_floor_spawned":[2,7,11,14,19,21,25],"killed_by":"Chosen and Byrds","ascension_level":20}}