{"host":"91blwi3hgehj6ch9","time":1613132516,"event":{"mods":["2.2 Compatiblity","AchievementEnabler","BaseMod","Colored Map","DeckTracker","Keyboard Shortcuts","Minty Spire (QoL Compilation)","Permanent Neow","Quick Restart","StSLib","SuperFastMode","everything is the same but u backflip on backflip"],"gold_per_floor":[114,129,129,54,75,75,75,95,120,145,180,180,204,228,228,352,352,373,389,389,314,94,94,94,94],"floor_reached":24,"language":"KOR","playtime":658,"items_purged":["Strike_R"],"score":273,"play_id":"6e858cab-c308-4a73-bc78-992270be7c8e","local_time":"20210212212156","is_ascension_mode":true,"campfire_choices":[{"data":"Dark Embrace","floor":6,"key":"SMITH"},{"data":"Second Wind","floor":12,"key":"SMITH"},{"data":"Fire Breathing","floor":15,"key":"SMITH"},{"data":"Barricade","floor":23,"key":"SMITH"}],"circlet_count":0,"master_deck":["Defend_R","Defend_R","Defend_R","Defend_R","Bash","Dark Embrace+1","Whirlwind","Second Wind+1","Wild Strike","Impervious","Fire Breathing+1","Immolate","Second Wind+1","Feel No Pain","Barricade+1","Reckless Charge","Wild Strike"],"relics":["Burning Blood","Golden Idol","Bag of Marbles","Odd Mushroom","Coffee Dripper","Orrery"],"acts_visited":["Exordium","TheCity"],"potions_floor_usage":[11],"damage_taken":[{"damage":11,"enemies":"Jaw Worm","floor":1,"turns":4},{"damage":8,"enemies":"2 Louse","floor":2,"turns":3},{"damage":10,"enemies":"Small Slimes","floor":5,"turns":2},{"damage":19,"enemies":"Blue Slaver","floor":8,"turns":5},{"damage":1,"enemies":"Exordium Wildlife","floor":10,"turns":5},{"damage":0,"enemies":"The Mushroom Lair","floor":11,"turns":1},{"damage":0,"enemies":"Lots of Slimes","floor":13,"turns":1},{"damage":21,"enemies":"3 Louse","floor":14,"turns":4},{"damage":50,"enemies":"Hexaghost","floor":16,"turns":11},{"damage":0,"enemies":"Chosen","floor":18,"turns":5},{"damage":0,"enemies":"3 Byrds","floor":19,"turns":4},{"damage":74,"enemies":"Book of Stabbing","floor":24,"turns":5}],"seed_played":"-3609468228538090308","potions_obtained":[{"floor":2,"key":"SpeedPotion"},{"floor":5,"key":"FairyPotion"},{"floor":8,"key":"ColorlessPotion"},{"floor":10,"key":"SteroidPotion"},{"floor":18,"key":"DuplicationPotion"}],"is_trial":false,"path_per_floor":["M","M","?","$","M","R","?","M","T","M","?","R","M","M","R","B",null,"M","M","?","?","$","R","E"],"character_chosen":"IRONCLAD","items_purchased":["Feel No Pain","Orrery"],"campfire_rested":0,"item_purchase_floors":[22,22],"current_hp_per_floor":[67,65,47,47,43,43,43,30,30,35,41,41,47,32,32,12,57,63,69,69,69,69,69,0,0],"gold":94,"neow_bonus":"TRANSFORM_TWO_CARDS","is_daily":false,"chose_seed":false,"campfire_upgraded":4,"win_rate":0.0,"timestamp":1613132516,"path_taken":["M","M","?","$","M","R","?","M","T","M","?","R","M","M","R","BOSS","M","M","?","?","$","R","E"],"items_purchased_type":["Card","Relic"],"build_version":"2020-12-22","purchased_purges":1,"victory":false,"max_hp_per_floor":[72,72,72,72,72,72,72,72,72,72,72,72,72,72,72,72,72,72,72,72,72,72,72,72,72],"card_choices":[{"not_picked":["Perfected Strike","Body Slam","Heavy Blade"],"picked":"SKIP","floor":1},{"not_picked":["Headbutt","Shrug It Off"],"picked":"Second Wind","floor":2},{"not_picked":["Flex","Fire Breathing"],"picked":"Wild Strike","floor":5},{"not_picked":["Wild Strike","Havoc"],"picked":"Impervious","floor":8},{"not_picked":["Headbutt","Clash","Wild Strike"],"picked":"SKIP","floor":10},{"not_picked":["Headbutt","Clash","Wild Strike"],"picked":"SKIP","floor":10},{"not_picked":["Infernal Blade","Exhume"],"picked":"Fire Breathing","floor":13},{"not_picked":["Iron Wave","Rampage","Headbutt"],"picked":"SKIP","floor":14},{"not_picked":["Barricade","Offering"],"picked":"Immolate","floor":16},{"not_picked":["Pommel Strike","Hemokinesis+1","Ghostly Armor+1"],"picked":"SKIP","floor":18},{"not_picked":["Clash","Cleave"],"picked":"Second Wind+1","floor":19},{"not_picked":["Flame Barrier","Perfected Strike"],"picked":"Barricade","floor":22},{"not_picked":["Hemokinesis","Infernal Blade"],"picked":"Reckless Charge","floor":22},{"not_picked":["Whirlwind","Fiend Fire"],"picked":"Wild Strike","floor":22}],"player_experience":227006,"relics_obtained":[{"floor":9,"key":"Bag of Marbles"},{"floor":11,"key":"Odd Mushroom"}],"event_choices":[{"damage_healed":0,"gold_gain":0,"player_choice":"Take Damage","damage_taken":18,"relics_obtained":["Golden Idol"],"max_hp_gain":0,"max_hp_loss":0,"event_name":"Golden Idol","floor":3,"gold_loss":0},{"damage_healed":0,"gold_gain":0,"player_choice":"Ignored","damage_taken":0,"max_hp_gain":0,"max_hp_loss":0,"event_name":"Liars Game","floor":7,"gold_loss":0},{"damage_healed":0,"gold_gain":0,"player_choice":"Fought Mushrooms","damage_taken":0,"max_hp_gain":0,"max_hp_loss":0,"event_name":"Mushrooms","floor":11,"gold_loss":0},{"cards_removed":["Strike_R"],"damage_healed":0,"gold_gain":0,"player_choice":"Elegance","damage_taken":0,"max_hp_gain":0,"max_hp_loss":0,"event_name":"Back to Basics","floor":20,"gold_loss":0},{"cards_removed":["Strike_R"],"damage_healed":0,"gold_gain":0,"player_choice":"Gave Gold","damage_taken":0,"max_hp_gain":0,"max_hp_loss":0,"event_name":"Beggar","floor":21,"gold_loss":75}],"is_beta":false,"boss_relics":[{"not_picked":["Black Star","Runic Dome"],"picked":"Coffee Dripper"}],"items_purged_floors":[4],"is_endless":false,"potions_floor_spawned":[2,5,8,10,18],"killed_by":"Book of Stabbing","ascension_level":9}}