{"host":"q3rj8lsznq8f1d08","time":1613135920,"event":{"mods":["2.2 Compatiblity","BaseMod","Colored Map","Minty Spire (QoL Compilation)","Permanent Neow","Slay-I","StSLib","SuperFastMode"],"gold_per_floor":[210,230,84,84,84,112,112,129,153,170,201,220,220,250,250,361,370,399,314,340,34,0,0,28,28,54,78,87,87,12,33,33,145,145,156,156,183,183,1200,1200,1223,1223,1249,525,563,581,636,661,661,661],"floor_reached":51,"language":"KOR","playtime":4582,"items_purged":["Normality"],"score":883,"play_id":"6f4bb2f9-b224-4113-ba25-41b84f1a58b5","local_time":"20210212221840","is_ascension_mode":true,"campfire_choices":[{"data":"Whirlwind","floor":7,"key":"SMITH"},{"floor":15,"key":"REST"},{"data":"1","floor":23,"key":"LIFT"},{"data":"2","floor":25,"key":"LIFT"},{"data":"3","floor":32,"key":"LIFT"},{"data":"Armaments","floor":40,"key":"SMITH"},{"data":"Offering","floor":42,"key":"SMITH"},{"data":"Heavy Blade","floor":49,"key":"SMITH"}],"circlet_count":0,"master_deck":["Strike_R+1","Strike_R+1","Strike_R+1","Strike_R+1","Strike_R+1","Defend_R+1","Bash","Perfected Strike+1","Whirlwind+1","Wild Strike","Jack Of All Trades","Flame Barrier","Reckless Charge","Blood for Blood","Seeing Red","Perfected Strike","Offering+1","CurseOfTheBell","Clash","Twin Strike+1","Armaments+1","Blood for Blood","Writhe","Sword Boomerang","Offering","Anger","Normality","Perfected Strike+1","Panache","Purity","Dark Embrace","Blood for Blood","Heavy Blade+1"],"relics":["Burning Blood","Bag of Marbles","Orichalcum","Pantograph","CeramicFish","Calling Bell","Red Skull","Self Forming Clay","Girya","Calipers","Du-Vu Doll","Ancient Tea Set","Vajra","Busted Crown","Smiling Mask","Medical Kit","Regal Pillow","HornCleat","Prayer Wheel"],"acts_visited":["Exordium","TheCity","TheBeyond"],"potions_floor_usage":[6,31,31,33,46,50,50],"damage_taken":[{"damage":19,"enemies":"2 Louse","floor":1,"turns":4},{"damage":5,"enemies":"Small Slimes","floor":2,"turns":3},{"damage":24,"enemies":"3 Sentries","floor":6,"turns":5},{"damage":0,"enemies":"Jaw Worm","floor":8,"turns":1},{"damage":0,"enemies":"Blue Slaver","floor":10,"turns":1},{"damage":22,"enemies":"Lagavulin","floor":11,"turns":5},{"damage":0,"enemies":"Looter","floor":12,"turns":1},{"damage":51,"enemies":"The Guardian","floor":16,"turns":7},{"damage":6,"enemies":"2 Thieves","floor":18,"turns":1},{"damage":7,"enemies":"Shell Parasite","floor":20,"turns":4},{"damage":14,"enemies":"Centurion and Healer","floor":24,"turns":3},{"damage":12,"enemies":"Snecko","floor":27,"turns":3},{"damage":0,"enemies":"Snake Plant","floor":31,"turns":1},{"damage":28,"enemies":"Automaton","floor":33,"turns":5},{"damage":5,"enemies":"Orb Walker","floor":35,"turns":3},{"damage":9,"enemies":"3 Shapes","floor":37,"turns":3},{"damage":11,"enemies":"3 Darklings","floor":41,"turns":3},{"damage":6,"enemies":"Reptomancer","floor":45,"turns":3},{"damage":26,"enemies":"Jaw Worm Horde","floor":46,"turns":3},{"damage":7,"enemies":"2 Orb Walkers","floor":47,"turns":3},{"damage":17,"enemies":"Writhing Mass","floor":48,"turns":3},{"damage":30,"enemies":"Time Eater","floor":50,"turns":3}],"seed_played":"5450124844479200113","potions_obtained":[{"floor":1,"key":"Block Potion"},{"floor":6,"key":"Explosive Potion"},{"floor":16,"key":"Fire Potion"},{"floor":18,"key":"ColorlessPotion"},{"floor":33,"key":"LiquidMemories"},{"floor":37,"key":"ColorlessPotion"},{"floor":45,"key":"DistilledChaos"},{"floor":48,"key":"Weak Potion"}],"is_trial":false,"path_per_floor":["M","M","$","?","?","E","R","M","T","M","E","M","?","?","R","B",null,"M","?","M","$","?","R","M","R","T","M","?","?","?","M","R","B",null,"M","?","M","?","?","R","M","R","T","$","E","M","?","M","R","B",null],"character_chosen":"IRONCLAD","items_purchased":["Wild Strike","Jack Of All Trades","Du-Vu Doll","Medical Kit","Explosive Potion","Panache","Purity","Dark Embrace","Regal Pillow"],"campfire_rested":1,"item_purchase_floors":[3,3,21,44,44,44,44,44,44],"current_hp_per_floor":[59,60,60,60,53,35,35,41,41,47,31,37,21,21,45,25,66,66,66,65,65,65,65,57,57,57,51,51,51,51,57,57,58,75,76,76,73,73,73,73,68,68,68,68,68,48,47,36,36,37],"gold":661,"neow_bonus":"HUNDRED_GOLD","is_daily":false,"chose_seed":false,"campfire_upgraded":4,"win_rate":0.0,"timestamp":1613135920,"path_taken":["M","M","$","?","?","E","R","M","T","M","E","M","?","?","R","BOSS","M","?","M","$","?","R","M","R","T","?","?","?","?","M","R","BOSS","M","?","M","?","?","R","M","R","T","$","E","M","?","M","R","BOSS"],"items_purchased_type":["Card","Card","Relic","Relic","Potion","Card","Card","Card","Relic"],"build_version":"2020-12-22","purchased_purges":1,"victory":true,"max_hp_per_floor":[80,80,80,80,80,80,80,80,80,80,80,80,80,80,80,80,80,80,80,80,80,80,80,80,80,80,80,80,80,80,80,80,80,80,80,80,80,80,80,80,80,80,80,80,80,80,80,80,80,80],"card_choices":[{"not_picked":["Entrench","Evolve"],"picked":"Perfected Strike","floor":1},{"not_picked":["Havoc","Clothesline"],"picked":"Whirlwind","floor":2},{"not_picked":["Heavy Blade","Inflame"],"picked":"Reckless Charge","floor":6},{"not_picked":["True Grit","Flex"],"picked":"Blood for Blood","floor":8},{"not_picked":["Searing Blow","Evolve"],"picked":"Seeing Red","floor":10},{"not_picked":["Demon Form","Thunderclap"],"picked":"Perfected Strike","floor":11},{"not_picked":["Searing Blow","Thunderclap"],"picked":"Spot Weakness","floor":12},{"not_picked":["Juggernaut","Immolate"],"picked":"Offering","floor":16},{"not_picked":["Entrench","Spot Weakness"],"picked":"Clash","floor":18},{"not_picked":["Power Through","Sentinel+1"],"picked":"Twin Strike+1","floor":20},{"not_picked":["True Grit","Body Slam"],"picked":"Armaments","floor":24},{"not_picked":["Twin Strike+1","Clothesline"],"picked":"Blood for Blood","floor":27},{"not_picked":["Shrug It Off","True Grit"],"picked":"Sword Boomerang","floor":31},{"not_picked":["Juggernaut","Exhume"],"picked":"Offering","floor":33},{"not_picked":["Feel No Pain+1"],"picked":"SKIP","floor":35},{"not_picked":[],"picked":"Anger","floor":37},{"not_picked":[],"picked":"Perfected Strike+1","floor":41},{"not_picked":[],"picked":"Blood for Blood","floor":45},{"not_picked":["True Grit"],"picked":"SKIP","floor":46},{"not_picked":[],"picked":"Heavy Blade","floor":48},{"not_picked":["Twin Strike"],"picked":"SKIP","floor":48}],"player_experience":172963,"relics_obtained":[{"floor":6,"key":"Bag of Marbles"},{"floor":9,"key":"Orichalcum"},{"floor":11,"key":"Pantograph"},{"floor":17,"key":"Red Skull"},{"floor":17,"key":"Self Forming Clay"},{"floor":17,"key":"Girya"},{"floor":26,"key":"Ancient Tea Set"},{"floor":43,"key":"Smiling Mask"},{"floor":45,"key":"HornCleat"},{"floor":47,"key":"Prayer Wheel"}],"event_choices":[{"damage_healed":0,"gold_gain":0,"cards_transformed":["Defend_R"],"player_choice":"Change","damage_taken":0,"max_hp_gain":0,"max_hp_loss":0,"event_name":"Living Wall","floor":4,"gold_loss":0,"cards_obtained":["Flame Barrier"]},{"cards_removed":["Defend_R"],"damage_healed":0,"gold_gain":0,"player_choice":"Card Removal","damage_taken":7,"max_hp_gain":0,"max_hp_loss":0,"event_name":"Golden Wing","floor":5,"gold_loss":0},{"damage_healed":0,"gold_gain":0,"player_choice":"Entered Light","damage_taken":16,"max_hp_gain":0,"max_hp_loss":0,"event_name":"Shining Light","floor":13,"gold_loss":0,"cards_upgraded":["Perfected Strike","Defend_R"]},{"damage_healed":0,"gold_gain":30,"player_choice":"Searched \u00272\u0027 times","damage_taken":0,"relics_obtained":["CeramicFish"],"max_hp_gain":0,"max_hp_loss":0,"event_name":"Dead Adventurer","floor":14,"gold_loss":0},{"damage_healed":0,"gold_gain":0,"player_choice":"Obtained Relic","damage_taken":0,"relics_obtained":["Calipers"],"max_hp_gain":0,"max_hp_loss":0,"event_name":"Addict","floor":19,"gold_loss":85},{"damage_healed":0,"gold_gain":0,"player_choice":"Paid Fearfully","damage_taken":0,"max_hp_gain":0,"max_hp_loss":0,"event_name":"Masked Bandits","floor":22,"gold_loss":34},{"damage_healed":0,"gold_gain":0,"player_choice":"Opened","damage_taken":0,"relics_obtained":["Vajra"],"max_hp_gain":0,"max_hp_loss":0,"event_name":"The Mausoleum","floor":28,"gold_loss":0,"cards_obtained":["Writhe"]},{"damage_healed":0,"gold_gain":0,"player_choice":"Simplicity","damage_taken":0,"max_hp_gain":0,"max_hp_loss":0,"event_name":"Back to Basics","floor":29,"gold_loss":0,"cards_upgraded":["Strike_R","Strike_R","Strike_R","Strike_R","Strike_R","Defend_R"]},{"cards_removed":["Defend_R"],"damage_healed":0,"gold_gain":0,"player_choice":"Gave Gold","damage_taken":0,"max_hp_gain":0,"max_hp_loss":0,"event_name":"Beggar","floor":30,"gold_loss":75},{"damage_healed":0,"gold_gain":0,"player_choice":"Ignored","damage_taken":0,"max_hp_gain":0,"max_hp_loss":0,"event_name":"Tomb of Lord Red Mask","floor":36,"gold_loss":0},{"cards_removed":["Spot Weakness"],"damage_healed":0,"gold_gain":0,"player_choice":"Removed Skill","damage_taken":0,"max_hp_gain":0,"max_hp_loss":0,"event_name":"Falling","floor":38,"gold_loss":0},{"damage_healed":0,"gold_gain":999,"player_choice":"Gold","damage_taken":0,"max_hp_gain":0,"max_hp_loss":0,"event_name":"MindBloom","floor":39,"gold_loss":0,"cards_obtained":["Normality","Normality"]},{"damage_healed":0,"gold_gain":0,"player_choice":"Fight","damage_taken":0,"max_hp_gain":0,"max_hp_loss":0,"event_name":"Mysterious Sphere","floor":47,"gold_loss":0}],"is_beta":false,"boss_relics":[{"not_picked":["Coffee Dripper","Astrolabe"],"picked":"Calling Bell"},{"not_picked":["Pandora\u0027s Box","Snecko Eye"],"picked":"Busted Crown"}],"items_purged_floors":[44],"is_endless":false,"potions_floor_spawned":[1,6,16,18,20,24,33,37,45,48],"ascension_level":6}}