{"host":"twbuyd87gsx4w7po","time":1613159096,"event":{"mods":["BaseMod","Minty Spire (QoL Compilation)","StSLib"],"gold_per_floor":[109,128,145,145,145,172,183,183,210,237,251,251,251,26,26,127,127,144,158,173,73,84,84,116,128,218,258,288,331,343,366,378,489,501,526,554,581,78,90,90,124,124,177,203,251,271,286,316,316,316],"floor_reached":51,"language":"ENG","playtime":2230,"items_purged":["Strike_G"],"score":1357,"play_id":"369f0cbe-7c88-4e9f-9b29-b2c2b0fddf3e","local_time":"20210212114456","is_ascension_mode":true,"campfire_choices":[{"floor":8,"key":"REST"},{"data":"Noxious Fumes","floor":12,"key":"SMITH"},{"data":"Catalyst","floor":15,"key":"SMITH"},{"data":"Footwork","floor":23,"key":"SMITH"},{"data":"Neutralize","floor":25,"key":"SMITH"},{"data":"Dodge and Roll","floor":30,"key":"SMITH"},{"data":"Backflip","floor":32,"key":"SMITH"},{"data":"Bouncing Flask","floor":40,"key":"SMITH"},{"data":"Backflip","floor":42,"key":"SMITH"},{"data":"Deadly Poison","floor":49,"key":"SMITH"}],"circlet_count":0,"master_deck":["Strike_G","Strike_G+1","Defend_G","Defend_G+1","Defend_G","Defend_G","Survivor","Neutralize+1","Poisoned Stab+1","Backflip","Noxious Fumes+1","Deadly Poison","Dagger Spray+1","Backflip+1","Catalyst+1","Corpse Explosion","Dagger Spray+1","Crippling Poison+1","Blur+1","Dodge and Roll+1","Deadly Poison","Footwork+1","Backflip+1","Acrobatics+1","Bane","Burst","PiercingWail","Bouncing Flask+1","Footwork","Caltrops+1","Leg Sweep+1","Deadly Poison+1"],"relics":["Velvet Choker","Tiny Chest","MealTicket","Happy Flower","Vajra","InkBottle","Snake Skull","Astrolabe","MawBank","Bottled Tornado","Eternal Feather","Pantograph","Philosopher\u0027s Stone","PreservedInsect","FossilizedHelix","Sundial","Ancient Tea Set","Whetstone","Blood Vial","Shuriken"],"acts_visited":["Exordium","TheCity","TheBeyond"],"potions_floor_usage":[10,24,28,31,33,39,50,50,50],"damage_taken":[{"damage":2,"enemies":"Jaw Worm","floor":1,"turns":5},{"damage":2,"enemies":"2 Louse","floor":2,"turns":2},{"damage":0,"enemies":"Cultist","floor":3,"turns":4},{"damage":12,"enemies":"3 Sentries","floor":6,"turns":8},{"damage":9,"enemies":"2 Fungi Beasts","floor":7,"turns":4},{"damage":36,"enemies":"Gremlin Nob","floor":10,"turns":4},{"damage":0,"enemies":"Gremlin Gang","floor":11,"turns":4},{"damage":3,"enemies":"The Guardian","floor":16,"turns":7},{"damage":3,"enemies":"Chosen","floor":18,"turns":3},{"damage":0,"enemies":"Spheric Guardian","floor":19,"turns":2},{"damage":0,"enemies":"3 Cultists","floor":20,"turns":3},{"damage":3,"enemies":"Shelled Parasite and Fungi","floor":22,"turns":3},{"damage":11,"enemies":"Slavers","floor":24,"turns":2},{"damage":11,"enemies":"Gremlin Leader","floor":27,"turns":5},{"damage":0,"enemies":"Centurion and Healer","floor":28,"turns":4},{"damage":2,"enemies":"Book of Stabbing","floor":29,"turns":5},{"damage":9,"enemies":"Snake Plant","floor":31,"turns":4},{"damage":0,"enemies":"Collector","floor":33,"turns":7},{"damage":7,"enemies":"3 Shapes","floor":35,"turns":4},{"damage":0,"enemies":"Orb Walker","floor":36,"turns":4},{"damage":11,"enemies":"4 Shapes","floor":37,"turns":4},{"damage":13,"enemies":"3 Darklings","floor":39,"turns":3},{"damage":0,"enemies":"Giant Head","floor":41,"turns":5},{"damage":0,"enemies":"Nemesis","floor":44,"turns":5},{"damage":2,"enemies":"Maw","floor":46,"turns":5},{"damage":0,"enemies":"Writhing Mass","floor":47,"turns":4},{"damage":15,"enemies":"Reptomancer","floor":48,"turns":5},{"damage":28,"enemies":"Donu and Deca","floor":50,"turns":7}],"seed_played":"9002406364105485528","potions_obtained":[{"floor":3,"key":"SneckoOil"},{"floor":7,"key":"Regen Potion"},{"floor":10,"key":"SpeedPotion"},{"floor":19,"key":"LiquidMemories"},{"floor":27,"key":"Block Potion"},{"floor":28,"key":"CunningPotion"},{"floor":29,"key":"DuplicationPotion"},{"floor":31,"key":"SkillPotion"},{"floor":33,"key":"Regen Potion"},{"floor":37,"key":"LiquidMemories"},{"floor":39,"key":"Strength Potion"},{"floor":47,"key":"Dexterity Potion"}],"is_trial":false,"path_per_floor":["M","M","M","?","?","E","M","R","T","E","M","R","T","$","R","B",null,"M","M","M","$","M","R","E","R","T","E","M","E","R","M","R","B",null,"M","M","M","$","M","R","E","R","T","E","T","M","M","E","R","B",null],"character_chosen":"THE_SILENT","items_purchased":["Snake Skull","Catalyst","Backflip","Bouncing Flask","PreservedInsect","FossilizedHelix"],"campfire_rested":1,"item_purchase_floors":[14,14,21,38,38,38],"current_hp_per_floor":[61,59,59,52,38,26,17,38,38,16,16,16,16,31,31,28,60,57,57,57,70,67,67,56,56,56,45,45,43,58,49,64,70,70,63,63,52,67,54,69,69,70,70,70,70,68,70,55,70,42],"gold":316,"neow_bonus":"BOSS_RELIC","is_daily":false,"chose_seed":false,"campfire_upgraded":9,"win_rate":0.0,"timestamp":1613159096,"path_taken":["M","M","M","?","?","E","M","R","T","E","M","R","?","$","R","BOSS","M","M","M","$","M","R","E","R","T","E","?","E","R","M","R","BOSS","M","M","M","$","M","R","E","R","T","E","?","M","M","E","R","BOSS"],"items_purchased_type":["Relic","Card","Card","Card","Relic","Relic"],"build_version":"2020-12-22","purchased_purges":1,"victory":true,"max_hp_per_floor":[70,70,70,70,70,70,70,70,70,70,70,70,70,70,70,70,70,70,70,70,70,70,70,70,70,70,70,70,70,70,70,70,70,70,70,70,70,70,70,70,70,70,70,70,70,70,70,70,70,70],"card_choices":[{"not_picked":["Backflip","Deflect"],"picked":"Poisoned Stab","floor":1},{"not_picked":["PiercingWail","Acrobatics"],"picked":"Backflip","floor":2},{"not_picked":["Infinite Blades","Calculated Gamble"],"picked":"Noxious Fumes","floor":3},{"not_picked":["All Out Attack","Blade Dance"],"picked":"Deadly Poison","floor":6},{"not_picked":["Sucker Punch","Slice"],"picked":"Dagger Spray","floor":7},{"not_picked":["Bullet Time","Tactician","Dagger Spray"],"picked":"SKIP","floor":10},{"not_picked":["Outmaneuver","Distraction"],"picked":"Backflip","floor":11},{"not_picked":["Bullet Time","Burst"],"picked":"Corpse Explosion","floor":16},{"not_picked":["Catalyst","Deflect"],"picked":"Dodge and Roll","floor":18},{"not_picked":["Dagger Throw+1","Tactician"],"picked":"Deadly Poison","floor":19},{"not_picked":["Acrobatics","Noxious Fumes"],"picked":"Footwork","floor":20},{"not_picked":["Quick Slash","Bullet Time"],"picked":"Acrobatics+1","floor":22},{"not_picked":["Backflip","Distraction","Dagger Spray"],"picked":"SKIP","floor":24},{"not_picked":["Setup","Flying Knee","Envenom"],"picked":"SKIP","floor":27},{"not_picked":["Prepared","Quick Slash"],"picked":"Bane","floor":28},{"not_picked":["Deadly Poison","Slice","Prepared"],"picked":"SKIP","floor":29},{"not_picked":["Well Laid Plans","Prepared","Bane"],"picked":"SKIP","floor":31},{"not_picked":["After Image","A Thousand Cuts"],"picked":"Burst","floor":33},{"not_picked":["Flying Knee+1","Accuracy","Prepared"],"picked":"SKIP","floor":35},{"not_picked":["Outmaneuver","Poisoned Stab+1"],"picked":"PiercingWail","floor":36},{"not_picked":["Slice+1","Flying Knee","Masterful Stab+1"],"picked":"SKIP","floor":37},{"not_picked":["Distraction","Tactician+1"],"picked":"Footwork","floor":39},{"not_picked":["Dagger Throw","Backflip","Corpse Explosion"],"picked":"SKIP","floor":41},{"not_picked":["Prepared","Dagger Spray","Bane"],"picked":"SKIP","floor":44},{"not_picked":["Slice+1","PiercingWail+1"],"picked":"Caltrops+1","floor":46},{"not_picked":["Deadly Poison","Calculated Gamble+1"],"picked":"Leg Sweep+1","floor":47},{"not_picked":["Night Terror","Dagger Spray"],"picked":"Deadly Poison","floor":48}],"player_experience":302012,"relics_obtained":[{"floor":6,"key":"MealTicket"},{"floor":9,"key":"Happy Flower"},{"floor":10,"key":"Vajra"},{"floor":13,"key":"InkBottle"},{"floor":24,"key":"MawBank"},{"floor":26,"key":"Bottled Tornado"},{"floor":27,"key":"Eternal Feather"},{"floor":29,"key":"Pantograph"},{"floor":41,"key":"Sundial"},{"floor":43,"key":"Ancient Tea Set"},{"floor":44,"key":"Whetstone"},{"floor":45,"key":"Blood Vial"},{"floor":48,"key":"Shuriken"}],"event_choices":[{"damage_healed":0,"gold_gain":0,"player_choice":"Success","damage_taken":7,"relics_obtained":["Tiny Chest"],"max_hp_gain":0,"max_hp_loss":0,"event_name":"Scrap Ooze","floor":4,"gold_loss":0},{"damage_healed":0,"gold_gain":0,"player_choice":"Entered Light","damage_taken":14,"max_hp_gain":0,"max_hp_loss":0,"event_name":"Shining Light","floor":5,"gold_loss":0,"cards_upgraded":["Strike_G","Defend_G"]}],"is_beta":false,"boss_relics":[{"not_picked":["Tiny House","Empty Cage"],"picked":"Astrolabe"},{"not_picked":["Pandora\u0027s Box","Black Star"],"picked":"Philosopher\u0027s Stone"}],"items_purged_floors":[21],"is_endless":false,"potions_floor_spawned":[3,7,10,19,27,28,29,31,33,35,37,39,47,48],"ascension_level":9}}