{"host":"2q4w55ev63ot6isg","time":1613148514,"event":{"mods":["Aspiration","BaseMod","Downfall","Hubris","Marisa????????","Minty Spire (QoL Compilation)","Replay The Spire","StSLib","The Cursed","The Jungle","The Servant 0.9.4"],"gold_per_floor":[99,111,111,130,150,60,140,140,150,150,150,150,11,11,11,29,41,137,137,137,150,168,181,193,7,30,30,65,165,165,50,50,104,124,227,227,227,243,257,273,273,273,273],"floor_reached":41,"language":"ENG","playtime":1946,"items_purged":["Normality","Replay:Sluggish"],"score":521,"play_id":"661cc7cb-7cc7-49f5-bdeb-6c74425cc4bd","local_time":"20210212084834","is_ascension_mode":true,"campfire_choices":[{"data":"bronze:Goto","floor":1,"key":"SMITH"},{"data":"bronze:Replicate","floor":1,"key":"SMITH"},{"data":"bronze:Branch","floor":8,"key":"SMITH"},{"data":"bronze:Iterate","floor":8,"key":"SMITH"},{"data":"bronze:Shell","floor":10,"key":"SMITH"},{"data":"bronze:Defend","floor":10,"key":"SMITH"},{"data":"expansioncontent:PrepareCrush","floor":14,"key":"SMITH"},{"data":"bronze:Repair","floor":14,"key":"SMITH"},{"data":"bronze:Format","floor":20,"key":"SMITH"},{"data":"bronze:Fortify","floor":20,"key":"SMITH"},{"data":"expansioncontent:DashGenerateEvil","floor":27,"key":"SMITH"},{"data":"bronze:AlphaBuild","floor":27,"key":"SMITH"},{"data":"bronze:Format","floor":30,"key":"SMITH"},{"data":"bronze:FineTuning","floor":30,"key":"SMITH"},{"data":"bronze:Mutator","floor":37,"key":"SMITH"},{"data":"bronze:MaxOutput","floor":37,"key":"SMITH"}],"circlet_count":0,"master_deck":["bronze:Strike","bronze:Strike","bronze:Strike","bronze:Strike","bronze:Defend","bronze:Defend+1","bronze:Defend","bronze:Defend","bronze:Replicate+1","bronze:Goto+1","bronze:Boost","bronze:Iterate+1","bronze:Branch+1","bronze:Shell+1","bronze:BronzeArmor","bronze:Repair+1","expansioncontent:PrepareCrush+1","CurseOfTheBell","CurseOfTheBell","bronze:RecursiveStrike","bronze:Fortify+1","bronze:Format+1","bronze:FineTuning+1","bronze:BronzeOrb","bronze:AlphaBuild+1","bronze:Repair+1","expansioncontent:DashGenerateEvil+1","bronze:Format+1","bronze:Goto","bronze:FineTuning","bronze:Refactor","bronze:BurnOut","Good Instincts","downfall:Bewildered","bronze:MaxOutput+1","bronze:Mutator+1","bronze:BronzeArmor+1"],"relics":["bronze:BronzeCore","Replay:Arrowhead","Calipers","Pantograph","downfall:ExtraCursedBell","Boot","Gremlin Horn","Unceasing Top","Sozu","aspiration:Lifesprig","Bird Faced Urn","downfall:GremlinSack","sneckomod:BabySnecko","Vajra","PreservedInsect","Busted Crown"],"acts_visited":["Exordium","TheCity","TheBeyond"],"potions_floor_usage":[9,18],"damage_taken":[{"damage":15,"enemies":"2 Louse","floor":2,"turns":4},{"damage":16,"enemies":"Small Slimes","floor":4,"turns":5},{"damage":7,"enemies":"Jaw Worm","floor":5,"turns":2},{"damage":5,"enemies":"downfall:FleeingMerchant","floor":6,"turns":4},{"damage":13,"enemies":"Exordium Thugs","floor":9,"turns":4},{"damage":2,"enemies":"downfall:FleeingMerchant","floor":13,"turns":4},{"damage":0,"enemies":"Blue Slaver","floor":16,"turns":2},{"damage":0,"enemies":"3 Louse","floor":17,"turns":3},{"damage":37,"enemies":"DF_ARCHETYPE_STREAMLINE","floor":18,"turns":8},{"damage":4,"enemies":"Shell Parasite","floor":21,"turns":3},{"damage":5,"enemies":"Cultist and Chosen","floor":22,"turns":5},{"damage":0,"enemies":"Snecko","floor":23,"turns":5},{"damage":9,"enemies":"Shelled Parasite and Fungi","floor":24,"turns":7},{"damage":0,"enemies":"downfall:FleeingMerchant","floor":25,"turns":4},{"damage":0,"enemies":"Gremlin Leader","floor":28,"turns":6},{"damage":0,"enemies":"Gremlin Leader","floor":29,"turns":3},{"damage":0,"enemies":"downfall:FleeingMerchant","floor":31,"turns":4},{"damage":6,"enemies":"downfall:FleeingMerchant","floor":33,"turns":3},{"damage":0,"enemies":"Cultist and Chosen","floor":34,"turns":4},{"damage":40,"enemies":"WA_ARCHETYPE_CALM","floor":35,"turns":13},{"damage":0,"enemies":"Orb Walker","floor":38,"turns":2},{"damage":15,"enemies":"3 Darklings","floor":39,"turns":6},{"damage":0,"enemies":"Jaw Worm Horde","floor":40,"turns":3},{"damage":75,"enemies":"Orin","floor":41,"turns":5}],"seed_played":"-6242832653051059880","potions_obtained":[{"floor":4,"key":"FearPotion"},{"floor":5,"key":"CultistPotion"},{"floor":18,"key":"Reflective Coating"}],"is_trial":false,"path_per_floor":["R","M","?","M","M","$","T","R","M","R","PTL","PTL","$","R","?","M","M","B",null,"R","M","M","M","M","$","T","R","E","?","R","$","?","$","M","B",null,"R","M","M","M","?"],"character_chosen":"THE_AUTOMATON","items_purchased":["bronze:Repair","expansioncontent:PrepareCrush","expansioncontent:DashGenerateEvil","Vajra","PreservedInsect"],"campfire_rested":0,"item_purchase_floors":[13,13,25,33,33],"current_hp_per_floor":[70,55,55,39,32,27,27,27,14,14,14,14,12,12,12,12,22,20,70,70,66,65,70,61,70,70,70,70,70,70,70,70,70,70,40,70,70,70,70,70,0,0,0],"gold":273,"neow_bonus":"ONE_RARE_RELIC","is_daily":false,"chose_seed":false,"campfire_upgraded":16,"win_rate":0.0,"timestamp":1613148514,"path_taken":["R","M","?","M","M","$","T","R","M","R","PTL","PTL","$","R","?","M","M","BOSS","R","M","M","M","M","$","T","R","E","?","R","?","?","$","M","BOSS","R","M","M","M","?"],"items_purchased_type":["Card","Card","Card","Relic","Relic"],"build_version":"2020-12-22","purchased_purges":2,"victory":false,"max_hp_per_floor":[70,70,70,70,70,70,70,70,70,70,70,70,70,70,70,70,70,70,70,70,70,70,70,70,70,70,70,70,70,70,70,70,70,70,70,70,70,70,70,70,70,70,70],"card_choices":[{"not_picked":["bronze:FineTuning","bronze:BitShift"],"picked":"bronze:Boost","floor":2},{"not_picked":["bronze:BronzeArmor","bronze:Constructor"],"picked":"bronze:Iterate","floor":4},{"not_picked":["bronze:ItsAFeature","bronze:Shell"],"picked":"bronze:Branch","floor":5},{"not_picked":["bronze:MaxOutput","bronze:Turbo","bronze:OilSpill"],"picked":"SKIP","floor":6},{"not_picked":["bronze:Overheat","bronze:BugBarrage"],"picked":"bronze:Shell","floor":9},{"not_picked":["bronze:BuggyMess","bronze:WildBeam"],"picked":"bronze:BronzeArmor","floor":13},{"not_picked":["bronze:Flail","bronze:Shell"],"picked":"bronze:RecursiveStrike","floor":16},{"not_picked":["bronze:InfiniteBeams","bronze:BuggyMess"],"picked":"bronze:Fortify","floor":17},{"not_picked":["bronze:FindAndReplace","bronze:ThunderWave"],"picked":"bronze:Format","floor":18},{"not_picked":["bronze:Frontload","bronze:Shield"],"picked":"bronze:FineTuning","floor":21},{"not_picked":["bronze:GetLatest","bronze:Deprecate"],"picked":"bronze:BronzeOrb","floor":22},{"not_picked":["bronze:ItsAFeature","bronze:Invalidate"],"picked":"bronze:AlphaBuild","floor":23},{"not_picked":["bronze:Overheat","bronze:FollowUp"],"picked":"bronze:Repair+1","floor":24},{"not_picked":["bronze:FineTuning","bronze:Overheat+1","bronze:DigitalCarnage"],"picked":"SKIP","floor":25},{"not_picked":["bronze:Turbo","bronze:OilSpill+1","bronze:FineTuning"],"picked":"SKIP","floor":28},{"not_picked":["bronze:WhirlingStrike","bronze:ForceShield"],"picked":"bronze:Format","floor":29},{"not_picked":["bronze:Deprecate+1","bronze:MaxOutput","bronze:Constructor+1"],"picked":"SKIP","floor":31},{"not_picked":["bronze:DelayedSlice","bronze:BitShift+1","bronze:Fortify"],"picked":"SKIP","floor":33},{"not_picked":["bronze:WildBeam","bronze:Philosophize"],"picked":"bronze:MaxOutput","floor":34},{"not_picked":["bronze:HyperBeam","bronze:RecursiveStrike"],"picked":"bronze:Mutator","floor":35},{"not_picked":[],"picked":"bronze:BronzeArmor+1","floor":38},{"not_picked":["bronze:Deprecate"],"picked":"SKIP","floor":39},{"not_picked":["bronze:ForLoop"],"picked":"SKIP","floor":40}],"player_experience":246209,"relics_obtained":[{"floor":7,"key":"Pantograph"},{"floor":15,"key":"Boot"},{"floor":15,"key":"Gremlin Horn"},{"floor":15,"key":"Unceasing Top"},{"floor":26,"key":"aspiration:Lifesprig"},{"floor":28,"key":"Bird Faced Urn"},{"floor":29,"key":"downfall:GremlinSack"}],"event_choices":[{"damage_healed":0,"gold_gain":0,"player_choice":"Fight","damage_taken":0,"max_hp_gain":0,"max_hp_loss":0,"event_name":"OrinTheCat","floor":41,"gold_loss":0}],"is_beta":false,"boss_relics":[{"not_picked":["aspiration:RunicSpoon","Replay:Fungal Core"],"picked":"Sozu"},{"not_picked":["Runic Dome","Painkiller Herb"],"picked":"Busted Crown"}],"items_purged_floors":[6,31],"is_endless":false,"potions_floor_spawned":[4,5,18,21,22,23,29,35,40],"killed_by":"Orin","ascension_level":2}}