{"host":"gobyjzz6xbwq9f9i","time":1613098278,"event":{"mods":["AchievementEnabler","BaseMod","Bestiary","Colored Map","Minty Spire (QoL Compilation)","Relic Stats"],"gold_per_floor":[109,109,125,145,157,157,169,169,169,182,182,195,226,238,238,334,334,346,357,370,390,407,437,437,463,544,544,564,120,120,149,149,253,253,272,1271,1290,1290,1308,1336,1336,901,901,921,953,971,381,399,399,399],"floor_reached":51,"language":"ENG","playtime":2318,"items_purged":["Shame","Strike_B","Clumsy"],"score":1388,"play_id":"14e308ba-e296-4744-9372-1ad575dfa87d","local_time":"20210211185118","is_ascension_mode":true,"campfire_choices":[{"floor":6,"key":"DIG"},{"floor":8,"key":"DIG"},{"data":"Defragment","floor":15,"key":"SMITH"},{"floor":24,"key":"DIG"},{"floor":27,"key":"DIG"},{"floor":30,"key":"DIG"},{"floor":32,"key":"DIG"},{"floor":41,"key":"DIG"},{"floor":49,"key":"DIG"}],"circlet_count":0,"master_deck":["AscendersBane","Strike_B","Strike_B","Defend_B","Defend_B","Defend_B","Defend_B","Zap","Dualcast","Ball Lightning","Chill","Barrage","Genetic Algorithm","Sweeping Beam","Skim","Go for the Eyes","Defragment+1","Fusion","Electrodynamics","Ball Lightning","Chill+1","Reinforced Body","Steam Power","Defragment+1","Compile Driver","Rainbow","Loop","Hologram","Reboot","Capacitor+1","Coolheaded","Steam+1","Capacitor","Chaos+1","Glacier","Double Energy","Loop","Lockon+1"],"relics":["Cracked Core","Shovel","Cables","PreservedInsect","Regal Pillow","StrikeDummy","Anchor","Cursed Key","Blood Vial","Blue Candle","Bag of Preparation","Symbiotic Virus","Potion Belt","Lee\u0027s Waffle","Omamori","Torii","Smiling Mask","Nunchaku","Runic Pyramid","DataDisk","Happy Flower","FossilizedHelix","Calipers","Membership Card","Sundial","Ginger","Orichalcum"],"acts_visited":["Exordium","TheCity","TheBeyond"],"potions_floor_usage":[5,13,23,23,33,40],"damage_taken":[{"damage":8,"enemies":"2 Louse","floor":1,"turns":2},{"damage":0,"enemies":"Jaw Worm","floor":3,"turns":3},{"damage":0,"enemies":"Cultist","floor":4,"turns":2},{"damage":0,"enemies":"Gremlin Gang","floor":5,"turns":5},{"damage":0,"enemies":"Lots of Slimes","floor":7,"turns":4},{"damage":0,"enemies":"3 Louse","floor":10,"turns":3},{"damage":1,"enemies":"Exordium Wildlife","floor":12,"turns":4},{"damage":3,"enemies":"3 Sentries","floor":13,"turns":5},{"damage":0,"enemies":"Exordium Thugs","floor":14,"turns":3},{"damage":16,"enemies":"The Guardian","floor":16,"turns":11},{"damage":0,"enemies":"Chosen","floor":18,"turns":4},{"damage":2,"enemies":"3 Byrds","floor":19,"turns":2},{"damage":0,"enemies":"Centurion and Healer","floor":20,"turns":4},{"damage":0,"enemies":"Cultist and Chosen","floor":21,"turns":5},{"damage":13,"enemies":"Shelled Parasite and Fungi","floor":22,"turns":6},{"damage":10,"enemies":"Gremlin Leader","floor":23,"turns":5},{"damage":4,"enemies":"Slavers","floor":25,"turns":3},{"damage":1,"enemies":"Centurion and Healer","floor":28,"turns":4},{"damage":0,"enemies":"Gremlin Leader","floor":31,"turns":4},{"damage":9,"enemies":"Automaton","floor":33,"turns":7},{"damage":0,"enemies":"3 Darklings","floor":35,"turns":5},{"damage":0,"enemies":"3 Shapes","floor":37,"turns":2},{"damage":0,"enemies":"Sphere and 2 Shapes","floor":39,"turns":5},{"damage":23,"enemies":"Giant Head","floor":40,"turns":8},{"damage":0,"enemies":"Spire Growth","floor":44,"turns":4},{"damage":0,"enemies":"Reptomancer","floor":45,"turns":5},{"damage":1,"enemies":"Writhing Mass","floor":46,"turns":5},{"damage":0,"enemies":"4 Shapes","floor":48,"turns":5},{"damage":0,"enemies":"Time Eater","floor":50,"turns":13}],"seed_played":"644283095893049118","potions_obtained":[{"floor":4,"key":"SkillPotion"},{"floor":7,"key":"SpeedPotion"},{"floor":12,"key":"Block Potion"},{"floor":13,"key":"Energy Potion"},{"floor":14,"key":"EntropicBrew"},{"floor":21,"key":"Explosive Potion"},{"floor":23,"key":"AttackPotion"},{"floor":25,"key":"PotionOfCapacity"},{"floor":28,"key":"Swift Potion"},{"floor":35,"key":"Energy Potion"},{"floor":38,"key":"Swift Potion"},{"floor":38,"key":"Block Potion"},{"floor":39,"key":"PotionOfCapacity"},{"floor":45,"key":"SteroidPotion"},{"floor":48,"key":"ColorlessPotion"}],"is_trial":false,"path_per_floor":["M","?","M","M","M","R","M","R","T","M","?","M","E","M","R","B",null,"M","M","M","M","M","E","R","E","T","R","M","$","R","E","R","B",null,"M","?","M","?","M","E","R","$","T","M","E","M","$","M","R","B",null],"character_chosen":"DEFECT","items_purchased":["Lee\u0027s Waffle","Omamori","Loop","FossilizedHelix","Capacitor","Membership Card","Sundial","Glacier","Ginger","Double Energy","Loop"],"campfire_rested":0,"item_purchase_floors":[29,29,29,42,42,47,47,47,47,47,47],"current_hp_per_floor":[42,30,30,30,30,30,30,30,30,30,30,29,26,26,26,10,59,59,57,57,57,44,34,34,32,32,32,33,82,82,82,82,73,80,82,82,82,82,82,59,59,59,59,61,63,64,64,66,66,68],"gold":399,"neow_bonus":"ONE_RARE_RELIC","is_daily":false,"chose_seed":false,"campfire_upgraded":1,"win_rate":0.0,"timestamp":1613098278,"path_taken":["M","?","M","M","M","R","M","R","T","M","?","M","E","?","R","BOSS","M","M","?","?","M","E","R","E","T","R","M","$","R","E","R","BOSS","M","?","M","?","M","E","R","$","T","?","E","M","$","M","R","BOSS"],"items_purchased_type":["Relic","Relic","Card","Relic","Card","Relic","Relic","Card","Relic","Card","Card"],"build_version":"2020-12-22","purchased_purges":3,"victory":true,"max_hp_per_floor":[75,75,75,75,75,75,75,75,75,75,75,75,75,75,75,75,75,75,75,75,75,75,75,75,75,75,75,75,82,82,82,82,82,82,82,82,82,82,82,82,82,82,82,82,82,82,82,82,82,82],"relic_stats":{"Regal Pillow":0,"Lee\u0027s Waffle":49,"Torii":4,"Happy Flower":[10],"counters":[29,138],"Blue Candle":[1],"PreservedInsect":360,"Bag of Preparation":[24],"Ginger":[3],"Orichalcum":[0],"Cursed Key":2,"Smiling Mask":125,"Cables":[119,43,71,5,0],"Blood Vial":16,"Nunchaku":[8],"Shovel":8,"Sundial":[0],"obtain_stats":[{"Regal Pillow":8,"Calipers":45,"Torii":30,"Bag of Preparation":25,"Ginger":47,"Cursed Key":17,"Smiling Mask":31,"Blood Vial":23,"Nunchaku":32,"Shovel":0,"Sundial":47,"Cracked Core":0,"Runic Pyramid":34,"Potion Belt":27,"Lee\u0027s Waffle":29,"Happy Flower":41,"Blue Candle":24,"PreservedInsect":6,"Omamori":29,"Orichalcum":49,"Cables":2,"Anchor":13,"DataDisk":40,"Membership Card":47,"StrikeDummy":9,"Symbiotic Virus":26,"FossilizedHelix":42},{"Regal Pillow":5,"Calipers":26,"Torii":18,"Bag of Preparation":17,"Ginger":27,"Cursed Key":10,"Smiling Mask":19,"Blood Vial":16,"Nunchaku":19,"Shovel":0,"Sundial":27,"Cracked Core":0,"Runic Pyramid":20,"Potion Belt":17,"Lee\u0027s Waffle":18,"Happy Flower":24,"Blue Candle":16,"PreservedInsect":4,"Omamori":18,"Orichalcum":28,"Cables":1,"Anchor":8,"DataDisk":24,"Membership Card":27,"StrikeDummy":5,"Symbiotic Virus":17,"FossilizedHelix":24},{"Regal Pillow":16,"Calipers":115,"Torii":75,"Bag of Preparation":71,"Ginger":120,"Cursed Key":42,"Smiling Mask":79,"Blood Vial":68,"Nunchaku":79,"Shovel":0,"Sundial":120,"Cracked Core":0,"Runic Pyramid":86,"Potion Belt":71,"Lee\u0027s Waffle":75,"Happy Flower":106,"Blue Candle":68,"PreservedInsect":12,"Omamori":75,"Orichalcum":125,"Cables":2,"Anchor":28,"DataDisk":106,"Membership Card":120,"StrikeDummy":16,"Symbiotic Virus":71,"FossilizedHelix":106}]},"card_choices":[{"not_picked":["Hologram","Lockon"],"picked":"Ball Lightning","floor":1},{"not_picked":["Steam Power","Redo"],"picked":"Chill","floor":3},{"not_picked":["Leap","Defragment"],"picked":"Barrage","floor":4},{"not_picked":["Rip and Tear","Storm"],"picked":"Genetic Algorithm","floor":5},{"not_picked":["Rip and Tear","Rebound"],"picked":"Sweeping Beam","floor":7},{"not_picked":["Storm","Streamline"],"picked":"Skim","floor":10},{"not_picked":["Storm","Heatsinks","Blizzard"],"picked":"SKIP","floor":12},{"not_picked":["Force Field","Go for the Eyes"],"picked":"Defragment","floor":13},{"not_picked":["Ball Lightning","Stack"],"picked":"Fusion","floor":14},{"not_picked":["Echo Form","Amplify"],"picked":"Electrodynamics","floor":16},{"not_picked":["Scrape","Rebound"],"picked":"Ball Lightning","floor":18},{"not_picked":["Rebound","Hologram"],"picked":"Chill+1","floor":19},{"not_picked":["Melter","All For One"],"picked":"Reinforced Body","floor":20},{"not_picked":["Go for the Eyes","Chaos","Conserve Battery"],"picked":"SKIP","floor":21},{"not_picked":["Fusion+1","Reinforced Body"],"picked":"Steam Power","floor":22},{"not_picked":["Hello World","Force Field"],"picked":"Defragment+1","floor":23},{"not_picked":["Static Discharge","Beam Cell"],"picked":"Compile Driver","floor":25},{"not_picked":["Barrage+1","Go for the Eyes"],"picked":"Rainbow","floor":28},{"not_picked":["Leap","Barrage"],"picked":"Hologram","floor":31},{"not_picked":["Buffer","Rainbow"],"picked":"Reboot","floor":33},{"not_picked":["Ball Lightning+1","Doom and Gloom","Steam Power"],"picked":"SKIP","floor":35},{"not_picked":["Reprogram+1","Hello World"],"picked":"Capacitor+1","floor":37},{"not_picked":["Redo","Hologram+1"],"picked":"Coolheaded","floor":39},{"not_picked":["BootSequence+1","Go for the Eyes+1"],"picked":"Steam+1","floor":40},{"not_picked":["Steam Power","Compile Driver+1","Auto Shields+1"],"picked":"SKIP","floor":44},{"not_picked":["BootSequence","Leap","Sunder+1"],"picked":"SKIP","floor":45},{"not_picked":["Steam Power+1","Go for the Eyes+1"],"picked":"Chaos+1","floor":46},{"not_picked":["Double Energy","Hologram+1"],"picked":"Lockon+1","floor":48}],"player_experience":1332530,"relics_obtained":[{"floor":6,"key":"PreservedInsect"},{"floor":8,"key":"Regal Pillow"},{"floor":9,"key":"StrikeDummy"},{"floor":13,"key":"Anchor"},{"floor":23,"key":"Blood Vial"},{"floor":24,"key":"Blue Candle"},{"floor":25,"key":"Bag of Preparation"},{"floor":26,"key":"Symbiotic Virus"},{"floor":27,"key":"Potion Belt"},{"floor":30,"key":"Torii"},{"floor":31,"key":"Smiling Mask"},{"floor":32,"key":"Nunchaku"},{"floor":40,"key":"DataDisk"},{"floor":41,"key":"Happy Flower"},{"floor":45,"key":"Calipers"},{"floor":49,"key":"Orichalcum"}],"event_choices":[{"damage_healed":0,"gold_gain":0,"player_choice":"Success","damage_taken":12,"relics_obtained":["Cables"],"max_hp_gain":0,"max_hp_loss":0,"event_name":"Scrap Ooze","floor":2,"gold_loss":0},{"damage_healed":0,"gold_gain":0,"cards_transformed":["Strike_B"],"player_choice":"Transformed","damage_taken":0,"max_hp_gain":0,"max_hp_loss":0,"event_name":"Transmorgrifier","floor":11,"gold_loss":0,"cards_obtained":["Go for the Eyes"]},{"damage_healed":0,"gold_gain":999,"player_choice":"Gold","damage_taken":0,"max_hp_gain":0,"max_hp_loss":0,"event_name":"MindBloom","floor":36,"gold_loss":0,"cards_obtained":["Normality","Normality"]},{"damage_healed":0,"gold_gain":0,"player_choice":"Got Potions","damage_taken":0,"max_hp_gain":0,"max_hp_loss":0,"event_name":"Lab","floor":38,"gold_loss":0}],"is_beta":false,"boss_relics":[{"not_picked":["FrozenCore","Pandora\u0027s Box"],"picked":"Cursed Key"},{"not_picked":["Philosopher\u0027s Stone","Snecko Eye"],"picked":"Runic Pyramid"}],"items_purged_floors":[29,42,47],"is_endless":false,"potions_floor_spawned":[4,7,12,13,14,20,21,23,25,28,35,39,45,48],"ascension_level":10}}