{"host":"e0kes70z4atl8xdk","time":1613115145,"event":{"mods":["AchievementEnabler","BaseMod","Colored Map","Colored Powertips","Minty Spire (QoL Compilation)","Rare Cards Sparkle","Relic Stats"],"gold_per_floor":[130,142,171,183,195,238,261,273,285,332,344,356,381,393,405,417,417],"floor_reached":16,"language":"ENG","playtime":550,"items_purged":[],"score":157,"play_id":"ba39b323-c490-4a9b-9ea6-e09d4cf0e1f0","local_time":"20210212083225","is_ascension_mode":true,"campfire_choices":[{"data":"Armaments","floor":8.0,"key":"SMITH"},{"data":"Immolate","floor":12.0,"key":"SMITH"},{"data":"Carnage","floor":15.0,"key":"SMITH"}],"circlet_count":0,"master_deck":["Strike_R","Strike_R","Strike_R","Strike_R","Strike_R","Defend_R","Defend_R","Defend_R","Defend_R","Bash","Cleave+1","Thunderclap","Carnage+1","Armaments+1","Immolate+1","Parasite","Inflame"],"relics":["Burning Blood","MawBank","Lizard Tail","Matryoshka","Pen Nib"],"acts_visited":["Exordium"],"potions_floor_usage":[],"damage_taken":[{"damage":7.0,"enemies":"Jaw Worm","floor":1.0,"turns":3.0},{"damage":7.0,"enemies":"Small Slimes","floor":3.0,"turns":3.0},{"damage":32.0,"enemies":"Gremlin Nob","floor":6.0,"turns":4.0},{"damage":1.0,"enemies":"Cultist","floor":7.0,"turns":3.0},{"damage":44.0,"enemies":"Lagavulin","floor":10.0,"turns":4.0},{"damage":0.0,"enemies":"3 Louse","floor":13.0,"turns":1.0},{"damage":56,"enemies":"Hexaghost","floor":16,"turns":9}],"seed_played":"5439060988532903966","potions_obtained":[{"floor":3.0,"key":"SteroidPotion"},{"floor":7.0,"key":"SmokeBomb"}],"is_trial":false,"path_per_floor":["M","?","M","?","$","E","M","R","T","E","?","R","M","?","R","B"],"character_chosen":"IRONCLAD","items_purchased":[],"campfire_rested":0,"item_purchase_floors":[],"current_hp_per_floor":[71,71,70,70,70,44,49,49,49,11,31,31,37,63,63,7,7],"gold":417,"neow_bonus":"RANDOM_COMMON_RELIC","is_daily":false,"chose_seed":false,"campfire_upgraded":3,"win_rate":0.0,"timestamp":1613115145,"path_taken":["M","?","M","?","?","E","M","R","T","E","?","R","M","?","R","BOSS"],"items_purchased_type":[],"build_version":"2020-12-22","purchased_purges":0,"victory":false,"max_hp_per_floor":[80,80,80,80,80,80,80,80,80,80,80,80,80,80,80,80,80],"relic_stats":{"Lizard Tail":0,"counters":[7,27],"Pen Nib":[1],"MawBank":192,"obtain_stats":[{"Lizard Tail":6,"Matryoshka":9,"Pen Nib":10,"MawBank":0,"Burning Blood":0},{"Lizard Tail":3,"Matryoshka":4,"Pen Nib":5,"MawBank":0,"Burning Blood":0},{"Lizard Tail":10,"Matryoshka":13,"Pen Nib":17,"MawBank":0,"Burning Blood":0}],"Burning Blood":36},"card_choices":[{"not_picked":["Headbutt","Body Slam"],"picked":"Cleave","floor":1.0},{"not_picked":["Power Through","Shrug It Off"],"picked":"Thunderclap","floor":3.0},{"not_picked":["Flex","Rampage"],"picked":"Carnage","floor":6.0},{"not_picked":["Ghostly Armor","Flex"],"picked":"Armaments","floor":7.0},{"not_picked":["Shrug It Off","Flex"],"picked":"Immolate","floor":10.0},{"not_picked":["Anger","Pommel Strike"],"picked":"Inflame","floor":13.0}],"player_experience":231689,"relics_obtained":[{"floor":6.0,"key":"Lizard Tail"},{"floor":9.0,"key":"Matryoshka"},{"floor":10.0,"key":"Pen Nib"}],"event_choices":[{"damage_healed":0.0,"max_hp_gain":0.0,"max_hp_loss":0.0,"gold_gain":0.0,"event_name":"Living Wall","player_choice":"Grow","floor":2.0,"gold_loss":0.0,"damage_taken":0.0,"cards_upgraded":["Cleave"]},{"damage_healed":0.0,"max_hp_gain":0.0,"max_hp_loss":0.0,"gold_gain":0.0,"event_name":"Shining Light","player_choice":"Ignored","floor":4.0,"gold_loss":0.0,"damage_taken":0.0},{"damage_healed":20.0,"max_hp_gain":0.0,"max_hp_loss":0.0,"gold_gain":0.0,"event_name":"Mushrooms","player_choice":"Healed and dodged fight","floor":11.0,"gold_loss":0.0,"damage_taken":0.0,"cards_obtained":["Parasite"]},{"damage_healed":26.0,"max_hp_gain":0.0,"max_hp_loss":0.0,"gold_gain":0.0,"event_name":"Big Fish","player_choice":"Banana","floor":14.0,"gold_loss":0.0,"damage_taken":0.0}],"is_beta":false,"boss_relics":[],"items_purged_floors":[],"is_endless":false,"potions_floor_spawned":[3,7],"killed_by":"Hexaghost","ascension_level":9}}