{"host":"rn4c402gwd40h2z6","time":1613094220,"event":{"mods":["100% Spire Juice","Act Like it!","Ascension Unlocker","BaseMod","CapriCore","Card Forge","Challenge The Spire","DNKmod","Data Control","Decade(王小明)","Dio Mod","Friendly Minions","Good Game Mod","HololiveMod","Infinite Spire","KinomotoSakuraMod(木之本樱)","Kiyohime（清姬）","LagranYue(拉格朗・月)","Library of Ruina","Library of Ruina Extra","Luminous","Mari Mod (Legacy)","Mari\u0027s V1 Patch","Mimic Mod","Minty Spire (QoL Compilation)","Monster B Gone","NanayaShiki（七夜志贵）","Permanent Neow","Quick Restart","Railgun Mod","Random Character Button","Remilia（蕾米莉亚）","RumiaBox-露米娅的神秘盒子","Spicy Shops","StSLib","Td1madao Mod","The Alterego","The Animator","The Saiyan","The Senshi","The Servant 0.9.4","The Wild Card","Waifu the Spire","WarShipGirlsR/战舰少女R mod","Yuri Mod","[Fun]BeWhatYouAte","noobMod","【功能Mod】混沌之环修复补丁","【功能Mod】精心准备","【遗物Mod】死灵法师NEW","老伊莉雅"],"gold_per_floor":[110,23,36,50,80,115,115,95,95,107,27,55,75,75,75,149,149,164,164,181,181,193,245,263,97,134,159,159,177,210,227,227,305,305,321,321,321,321,321,321,321,47,80,80],"floor_reached":45,"language":"ZHS","playtime":1544,"items_purged":[],"score":3260,"play_id":"256d6eb7-c488-4762-bb8e-5a891018870b","local_time":"20210212094340","is_ascension_mode":true,"campfire_choices":[{"floor":7,"key":"RECALL"},{"floor":15,"key":"REST"},{"floor":32,"key":"REST"},{"data":"infinitespire:Fortify","floor":41,"key":"SMITH"}],"circlet_count":0,"master_deck":["AscendersBane","animator:Alexander+1","animator:Rider+1","animator:Assassin+1","animator:Lancer+1","animator:Berserker+1","animator:ShinjiMatou+1","animator:SakuraMatou+1","infinitespire:DeathsTouch+1","animator:Archer+1","animator:RinTohsaka+1","animator:Illya+1","infinitespire:Fortify+1"],"relics":["animator:TheMissingPiece","Hammer of Thor","Seething Fire","Anvil of the Gods","ice","REME:ComplimentaryCards","ScarletDevilRocket","Girya","animator:Buoy","PageOfBlackSwan","Baka2","animator:TheMissingPiece","SharePain","Ccalipers","GodSword4","infinitespire:CheckeredPen","EasyGame_NEW","Pear","Red Skull"],"acts_visited":["Exordium","TheCity","TheBeyond","TheEnding"],"potions_floor_usage":[],"damage_taken":[{"damage":0,"enemies":"2 Louse","floor":1,"turns":1},{"damage":0,"enemies":"Cultist","floor":3,"turns":1},{"damage":0,"enemies":"Jaw Worm","floor":4,"turns":1},{"damage":0,"enemies":"2 Fungi Beasts","floor":5,"turns":1},{"damage":0,"enemies":"3 Sentries","floor":6,"turns":1},{"damage":0,"enemies":"Exordium Wildlife","floor":10,"turns":1},{"damage":0,"enemies":"Gremlin Gang","floor":12,"turns":1},{"damage":0,"enemies":"Red Slaver","floor":13,"turns":1},{"damage":0,"enemies":"Slime Boss","floor":16,"turns":1},{"damage":0,"enemies":"2 Thieves","floor":18,"turns":1},{"damage":0,"enemies":"Shell Parasite","floor":20,"turns":1},{"damage":0,"enemies":"3 Cultists","floor":22,"turns":1},{"damage":0,"enemies":"Slavers","floor":23,"turns":1},{"damage":0,"enemies":"Centurion and Healer","floor":24,"turns":1},{"damage":0,"enemies":"Snake Plant","floor":26,"turns":2},{"damage":0,"enemies":"Snake Plant","floor":27,"turns":1},{"damage":0,"enemies":"3 Cultists","floor":29,"turns":2},{"damage":0,"enemies":"ERROR","floor":30,"turns":1},{"damage":0,"enemies":"Snecko","floor":31,"turns":1},{"damage":0,"enemies":"Collector","floor":33,"turns":1},{"damage":0,"enemies":"Orb Walker","floor":35,"turns":1},{"damage":9,"enemies":"Time Eater","floor":37,"turns":2},{"damage":6,"enemies":"Awakened One","floor":38,"turns":2},{"damage":9,"enemies":"Awakened One","floor":39,"turns":3},{"damage":0,"enemies":"Shield and Spear","floor":43,"turns":1},{"damage":31,"enemies":"The Heart","floor":44,"turns":4}],"seed_played":"-7042147643226909308","potions_obtained":[{"floor":4,"key":"FairyPotion"},{"floor":8,"key":"DistilledChaos"}],"is_trial":false,"path_per_floor":["M","?","M","M","M","E","R","?","T","M","$","M","M","$","R","B",null,"M","?","M","?","M","E","M","$","MIM","M","$","M","E","M","R","B",null,"M","AVR","B","B",null,null,"R","$","E","B",null],"character_chosen":"THE_ANIMATOR","items_purchased":["animator:Lancer","Ccalipers","Pear"],"campfire_rested":2,"item_purchase_floors":[11,25,42],"current_hp_per_floor":[54,54,54,54,54,54,54,54,54,54,54,55,55,55,61,61,61,61,61,62,47,47,47,47,47,37,29,29,31,31,31,54,54,72,72,72,63,60,51,71,71,81,81,50],"gold":80,"neow_bonus":"ONE_RANDOM_RARE_CARD","is_daily":false,"chose_seed":false,"campfire_upgraded":1,"win_rate":0.0,"timestamp":1613094220,"path_taken":["M","?","?","M","?","E","R","?","T","M","$","M","?","?","R","BOSS","M","?","M","?","?","E","?","?","MIM","M","$","M","E","M","R","BOSS","M","AVR","BOSS","BOSS","R","$","E","BOSS"],"items_purchased_type":["Card","Relic","Relic"],"build_version":"2020-12-22","purchased_purges":0,"victory":true,"max_hp_per_floor":[60,60,60,60,60,60,60,60,60,60,60,61,61,61,61,61,61,61,61,62,62,62,62,62,62,69,76,76,78,78,78,78,78,78,78,78,78,78,78,78,78,88,88,88],"card_choices":[{"not_picked":["animator:Tatsumaki","animator:Raven","animator:ElricEdward"],"picked":"SKIP","floor":1},{"not_picked":["animator:KyokoSakura","animator:Geryuganshoop","animator:MadokaKaname"],"picked":"SKIP","floor":3},{"not_picked":["animator:Guy","animator:CowGirl","animator:Elsword"],"picked":"SKIP","floor":4},{"not_picked":["animator:RinTohsaka","animator:Berserker"],"picked":"animator:Assassin","floor":5},{"not_picked":["animator:Greed","animator:Ciel","animator:Priestess"],"picked":"SKIP","floor":6},{"not_picked":["animator:Sonic","animator:Pride","animator:Guy"],"picked":"SKIP","floor":10},{"not_picked":["animator:Rena","animator:Elsword"],"picked":"animator:Berserker","floor":12},{"not_picked":["animator:Witch","animator:MaesHughes"],"picked":"animator:ShinjiMatou","floor":12},{"not_picked":["animator:Raven","animator:OrikoMikuni"],"picked":"animator:Lancer","floor":12},{"not_picked":["animator:MaesHughes","animator:Sonic","animator:DwarfShaman"],"picked":"SKIP","floor":12},{"not_picked":["animator:Berserker","animator:Assassin"],"picked":"animator:Rider","floor":13},{"not_picked":["animator:Aisha","animator:Guy"],"picked":"animator:Berserker","floor":18},{"not_picked":["animator:Illya","animator:Aisha"],"picked":"animator:SakuraMatou","floor":20},{"not_picked":["infinitespire:Menacing","infinitespire:NeuralNetwork"],"picked":"infinitespire:DeathsTouch","floor":21},{"not_picked":["animator:Scar","animator:Aisha"],"picked":"animator:Rider","floor":22},{"not_picked":["animator:Berserker","animator:Assassin"],"picked":"animator:Archer","floor":23},{"not_picked":["animator:YuiTsuruno+1","animator:ChaikaBohdan+1","animator:NagisaMomoe"],"picked":"SKIP","floor":24},{"not_picked":["animator:Ara","animator:ChaikaBohdan"],"picked":"animator:Alexander","floor":27},{"not_picked":["animator:ShinjiMatou","animator:Lancer"],"picked":"animator:RinTohsaka","floor":29},{"not_picked":["animator:Alexander","animator:SakuraMatou"],"picked":"animator:Illya","floor":30},{"not_picked":["animator:LizardPriest","animator:Viivi"],"picked":"animator:Assassin+1","floor":31},{"not_picked":["animator:Elsword+1","animator:OrikoMikuni","animator:Sonic"],"picked":"SKIP","floor":35}],"player_experience":130708,"relics_obtained":[{"floor":1,"key":"Baka"},{"floor":6,"key":"animator:Buoy"},{"floor":18,"key":"Baka2"},{"floor":22,"key":"animator:TheMissingPiece"},{"floor":23,"key":"SharePain"},{"floor":26,"key":"GodSword4"},{"floor":30,"key":"infinitespire:CheckeredPen"},{"floor":43,"key":"Red Skull"}],"event_choices":[{"damage_healed":0,"gold_gain":0,"player_choice":"Paid Gold","damage_taken":0,"relics_obtained":["Girya"],"max_hp_gain":0,"max_hp_loss":0,"event_name":"WeMeetAgain","floor":2,"gold_loss":87},{"damage_healed":0,"gold_gain":0,"player_choice":"Bought 1 Potion","damage_taken":0,"max_hp_gain":0,"max_hp_loss":0,"event_name":"The Woman in Blue","floor":8,"gold_loss":0},{"damage_healed":0,"gold_gain":0,"player_choice":"Simplicity","damage_taken":0,"max_hp_gain":0,"max_hp_loss":0,"event_name":"Back to Basics","floor":19,"gold_loss":0,"cards_upgraded":[]}],"is_beta":false,"boss_relics":[{"not_picked":["Fusion Hammer","infinitespire:Cupcake"],"picked":"PageOfBlackSwan"},{"not_picked":["AddBug","RingOfChaos2"],"picked":"EasyGame_NEW"}],"items_purged_floors":[],"is_endless":false,"potions_floor_spawned":[4,10,13,22,23,24,29,30,31],"ascension_level":20}}