{"host":"050ensmz1fh1c58u","time":1613134839,"event":{"mods":["BaseMod","Downfall","Gremlin Mod","Minty Spire (QoL Compilation)","READ ME - Guardian Mod","StSLib","The Animator","The Bug Knight","The Cursed","The Disciple","The Servant 0.9.4"],"gold_per_floor":[99,116,116,128,144,179,206,217,233,133,143,53,53,84,102,197,197,197,208,208,48,48,48,71,89,124,415,315,315,190,208,223,325,325,325,335,350,350,366,181,181,197,197,252,152,152,152,152],"floor_reached":46,"language":"ENG","playtime":3111,"items_purged":["champ:Defend","champ:Defend","champ:Defend","champ:Defend"],"score":625,"play_id":"b644fd70-b95a-450c-8193-5240047cee21","local_time":"20210212140039","is_ascension_mode":true,"campfire_choices":[{"data":"champ:Taunt","floor":1,"key":"SMITH"},{"data":"champ:PerfectedStrike","floor":10,"key":"SMITH"},{"data":"champ:Lariat","floor":13,"key":"SMITH"},{"data":"champ:SkillfulDodge","floor":18,"key":"SMITH"},{"data":"champ:PerfectedStrike","floor":23,"key":"SMITH"},{"data":"champ:Lariat","floor":28,"key":"SMITH"},{"floor":35,"key":"RECALL"},{"data":"champ:Lariat","floor":45,"key":"SMITH"}],"circlet_count":0,"master_deck":["champ:Strike","champ:Strike","champ:Strike","champ:Strike","champ:Taunt+1","champ:ShieldWall","champ:Lariat+1","champ:PerfectedStrike+1","champ:BladeFlurry","champ:FlashCut","champ:SkillfulDodge+1","champ:FlashCut","champ:BladeFlurry","champ:DancingMaster","champ:FlashCut","champ:PerfectedStrike+1","champ:IronFortress+1","champ:StrikeOfGenius","champ:Lariat+1","champ:FlashCut","champ:IronFortress+1","champ:PerfectedStrike+1","champ:PerfectedStrike+1","champ:Lariat+1"],"relics":["champ:ChampionCrown","Happy Flower","Akabeko","downfall:HeartBlessingGreen","Pocketwatch","Sozu","Meat on the Bone","downfall:HeartBlessingBlue","Enchiridion","Runic Dome","The Courier","TungstenRod","downfall:HeartBlessingRed"],"acts_visited":["Exordium","TheCity","TheBeyond"],"potions_floor_usage":[6,16,16,26],"damage_taken":[{"damage":3,"enemies":"2 Louse","floor":2,"turns":3},{"damage":2,"enemies":"Jaw Worm","floor":4,"turns":3},{"damage":0,"enemies":"Cultist","floor":5,"turns":3},{"damage":12,"enemies":"Gremlin Nob","floor":6,"turns":4},{"damage":0,"enemies":"2 Fungi Beasts","floor":8,"turns":1},{"damage":6,"enemies":"3 Louse","floor":9,"turns":3},{"damage":2,"enemies":"Blue Slaver","floor":11,"turns":3},{"damage":4,"enemies":"downfall:FleeingMerchant","floor":12,"turns":4},{"damage":0,"enemies":"Lagavulin","floor":14,"turns":3},{"damage":6,"enemies":"3 Louse","floor":15,"turns":2},{"damage":1,"enemies":"IC_STATUS_ARCHETYPE","floor":16,"turns":6},{"damage":0,"enemies":"3 Byrds","floor":19,"turns":4},{"damage":0,"enemies":"downfall:FleeingMerchant","floor":21,"turns":4},{"damage":4,"enemies":"Centurion and Healer","floor":25,"turns":3},{"damage":0,"enemies":"Gremlin Leader","floor":26,"turns":4},{"damage":0,"enemies":"downfall:FleeingMerchant","floor":27,"turns":4},{"damage":0,"enemies":"3 Cultists","floor":31,"turns":4},{"damage":24,"enemies":"Snake Plant","floor":32,"turns":3},{"damage":20,"enemies":"SI_MIRROR_ARCHETYPE","floor":33,"turns":8},{"damage":3,"enemies":"3 Shapes","floor":36,"turns":5},{"damage":4,"enemies":"Orb Walker","floor":37,"turns":2},{"damage":0,"enemies":"3 Darklings","floor":39,"turns":3},{"damage":9,"enemies":"Transient","floor":42,"turns":5},{"damage":32,"enemies":"2 Orb Walkers","floor":44,"turns":4},{"damage":58,"enemies":"Nemesis","floor":46,"turns":7}],"seed_played":"-4462131486730569705","potions_obtained":[{"floor":4,"key":"Strength Potion"},{"floor":6,"key":"SmokeBomb"},{"floor":8,"key":"Swift Potion"},{"floor":14,"key":"BlessingOfTheForge"},{"floor":15,"key":"PowerPotion"}],"is_trial":false,"path_per_floor":["R","M","?","M","M","E","T","M","M","R","M","$","R","E","M","B",null,"R","M","?","$","?","R","T","M","E","$","R","?","$","M","M","B",null,"R","M","M","?","M","$","T","M","?","?","R","E"],"character_chosen":"THE_CHAMP","items_purchased":["champ:PerfectedStrike","champ:Lariat","champ:Lariat"],"campfire_rested":0,"item_purchase_floors":[21,27,40],"current_hp_per_floor":[90,87,87,85,85,73,73,73,67,67,65,61,61,61,55,54,90,90,90,90,90,90,90,90,86,86,86,96,80,80,80,56,48,100,100,97,93,93,93,93,93,84,84,52,52,0,0,0],"gold":152,"neow_bonus":"THREE_CARDS","is_daily":false,"chose_seed":false,"campfire_upgraded":7,"win_rate":0.0,"timestamp":1613134839,"path_taken":["R","M","?","M","M","E","T","M","M","R","M","$","R","E","M","BOSS","R","M","?","$","?","R","T","M","E","$","R","?","?","?","M","BOSS","R","M","M","?","M","$","T","?","?","?","R","E"],"items_purchased_type":["Card","Card","Card"],"build_version":"2020-12-22","purchased_purges":4,"victory":false,"max_hp_per_floor":[90,90,90,90,90,90,90,90,90,90,90,90,90,90,90,90,90,90,90,90,90,90,90,90,90,90,90,100,100,100,100,100,100,100,100,100,100,100,100,100,100,100,100,100,100,100,100,100],"card_choices":[{"not_picked":["champ:CalledShot","champ:FanOfKnives"],"picked":"champ:ShieldWall","floor":0},{"not_picked":["champ:DefensiveStyle","champ:CalledShot"],"picked":"champ:Lariat","floor":2},{"not_picked":["champ:Shatter","champ:AdrenalArmor"],"picked":"champ:PerfectedStrike","floor":4},{"not_picked":["champ:FanOfKnives","champ:DeathBlow"],"picked":"champ:BladeFlurry","floor":5},{"not_picked":["champ:EnragedBash","champ:FalseCounter"],"picked":"champ:FlashCut","floor":6},{"not_picked":["champ:Circumvent","champ:TornadoPunch"],"picked":"champ:SkillfulDodge","floor":8},{"not_picked":["champ:VampiricStrike","champ:TornadoPunch"],"picked":"champ:FlashCut","floor":9},{"not_picked":["champ:ArenaPreparation","champ:TornadoPunch","champ:Shatter"],"picked":"SKIP","floor":11},{"not_picked":["champ:MurderStrike","champ:DefensiveShout"],"picked":"champ:BladeFlurry","floor":12},{"not_picked":["champ:Shatter","champ:EnragedBash","champ:FanOfKnives"],"picked":"SKIP","floor":14},{"not_picked":["champ:GutPunch","champ:FaceSlap","champ:StanceDance"],"picked":"SKIP","floor":15},{"not_picked":["champ:GladiatorForm","champ:Improvising"],"picked":"champ:DancingMaster","floor":16},{"not_picked":["champ:BringItOn+1","champ:ShieldSigil"],"picked":"champ:FlashCut","floor":19},{"not_picked":["champ:Endure+1","champ:RapidStrikes","champ:EndlessRage"],"picked":"SKIP","floor":21},{"not_picked":["champ:Endure+1","champ:PreciseThrust"],"picked":"champ:IronFortress+1","floor":25},{"not_picked":["champ:RageSigil+1","champ:FlashCut"],"picked":"champ:StrikeOfGenius","floor":26},{"not_picked":["champ:DefensiveStyle","champ:FanOfKnives","champ:EnGarde+1"],"picked":"SKIP","floor":27},{"not_picked":["champ:AdrenalArmor","champ:CalledShot+1"],"picked":"champ:FlashCut","floor":31},{"not_picked":["champ:ShieldSlam","champ:DefensiveShout"],"picked":"champ:IronFortress+1","floor":32},{"not_picked":["champ:ShieldSigil+1","champ:BringItOn+1","champ:ShieldWall"],"picked":"SKIP","floor":36},{"not_picked":["champ:BladeFlurry","champ:Backstep+1"],"picked":"champ:PerfectedStrike","floor":37},{"not_picked":["champ:Backstep","champ:Shatter"],"picked":"champ:PerfectedStrike+1","floor":39},{"not_picked":["champ:FanOfKnives+1","champ:Haymaker+1","champ:GutPunch+1"],"picked":"SKIP","floor":42}],"player_experience":1589789,"relics_obtained":[{"floor":6,"key":"Happy Flower"},{"floor":7,"key":"Akabeko"},{"floor":14,"key":"Pocketwatch"},{"floor":26,"key":"Meat on the Bone"},{"floor":29,"key":"Enchiridion"},{"floor":41,"key":"The Courier"},{"floor":44,"key":"TungstenRod"}],"event_choices":[{"cards_removed":["champ:Execute"],"damage_healed":0,"gold_gain":0,"player_choice":"Card Removal","damage_taken":0,"max_hp_gain":0,"max_hp_loss":0,"event_name":"The Cleric","floor":3,"gold_loss":0},{"damage_healed":0,"gold_gain":0,"player_choice":"Forge","damage_taken":0,"max_hp_gain":0,"max_hp_loss":0,"event_name":"Accursed Blacksmith","floor":38,"gold_loss":0,"cards_upgraded":["champ:PerfectedStrike"]},{"damage_healed":0,"gold_gain":0,"player_choice":"Fight","damage_taken":0,"max_hp_gain":0,"max_hp_loss":0,"event_name":"Mysterious Sphere","floor":44,"gold_loss":0}],"is_beta":false,"boss_relics":[{"not_picked":["Coffee Dripper","Fusion Hammer"],"picked":"Sozu"},{"not_picked":["Velvet Choker","SacredBark"],"picked":"Runic Dome"}],"items_purged_floors":[12,21,30,40],"is_endless":false,"potions_floor_spawned":[4,6,8,14,15,19,31,32,36,37,44],"killed_by":"Nemesis","ascension_level":3}}