{"host":"8vqkh0x3c7vpgzzm","time":1613170314,"event":{"mods":["AchievementEnabler","BaseMod","Colored Map","Colored Powertips","Curses Come First","DeckTracker","Highlight Path","Minty Spire (QoL Compilation)","Permanent Neow","Quick Restart","Random Character Mod","Rare Cards Sparkle","Relic Sorter","Relic Stats","StSLib","SuperFastMode","Unceasing Turn Reminder","egg","everything is the same but u backflip on backflip"],"gold_per_floor":[114,132,49,49,64,64,81,81,106,117,117,117,142,165,177,263,275,303,340,352,382,409,421,358,370,382,406,418,464,476,507,519,607,619,645,40,50,63,285,285,315,315,315,335,368,368,387,407,407,407],"floor_reached":51,"language":"ENG","playtime":2213,"items_purged":["Defend_R"],"score":1510,"play_id":"791bbb2d-4cf6-4dcb-828f-3aece2ba29c4","local_time":"20210212235154","is_ascension_mode":true,"campfire_choices":[{"data":"Feed","floor":6,"key":"SMITH"},{"data":"Uppercut","floor":12,"key":"SMITH"},{"floor":15,"key":"REST"},{"data":"Metallicize","floor":23,"key":"SMITH"},{"data":"Demon Form","floor":25,"key":"SMITH"},{"floor":28,"key":"REST"},{"data":"Offering","floor":30,"key":"SMITH"},{"data":"Whirlwind","floor":32,"key":"SMITH"},{"data":"Limit Break","floor":40,"key":"SMITH"},{"data":"Double Tap","floor":42,"key":"SMITH"},{"data":"Pommel Strike","floor":46,"key":"SMITH"},{"floor":49,"key":"REST"}],"circlet_count":0,"master_deck":["AscendersBane","Strike_R+1","Defend_R","Defend_R","Bash+1","Metallicize+1","Iron Wave","Feed+1","Spot Weakness","Uppercut+1","Offering","Spot Weakness","Offering+1","Whirlwind+1","Demon Form+1","Metallicize","Pommel Strike+1","Limit Break+1","Ghostly Armor","Panache","Armaments+1","Double Tap+1","Headbutt+1","Feel No Pain+1"],"relics":["Burning Blood","Regal Pillow","MawBank","Cursed Key","Red Mask","Magic Flower","Mark of Pain","Medical Kit","Centennial Puzzle","Bronze Scales","Mummified Hand"],"acts_visited":["Exordium","TheCity","TheBeyond"],"potions_floor_usage":[33,35,41,50],"damage_taken":[{"damage":6,"enemies":"Cultist","floor":1,"turns":3},{"damage":0,"enemies":"2 Louse","floor":2,"turns":3},{"damage":4,"enemies":"Small Slimes","floor":5,"turns":3},{"damage":11,"enemies":"Looter","floor":7,"turns":3},{"damage":6,"enemies":"Exordium Wildlife","floor":10,"turns":4},{"damage":33,"enemies":"3 Sentries","floor":13,"turns":9},{"damage":10,"enemies":"3 Louse","floor":14,"turns":3},{"damage":36,"enemies":"Hexaghost","floor":16,"turns":9},{"damage":12,"enemies":"2 Thieves","floor":18,"turns":2},{"damage":16,"enemies":"Masked Bandits","floor":19,"turns":2},{"damage":6,"enemies":"3 Byrds","floor":21,"turns":5},{"damage":28,"enemies":"Cultist and Chosen","floor":22,"turns":4},{"damage":26,"enemies":"Shelled Parasite and Fungi","floor":27,"turns":6},{"damage":23,"enemies":"Book of Stabbing","floor":29,"turns":4},{"damage":11,"enemies":"3 Cultists","floor":31,"turns":4},{"damage":58,"enemies":"Collector","floor":33,"turns":6},{"damage":12,"enemies":"Orb Walker","floor":35,"turns":2},{"damage":8,"enemies":"3 Shapes","floor":37,"turns":3},{"damage":24,"enemies":"Jaw Worm Horde","floor":38,"turns":4},{"damage":20,"enemies":"Nemesis","floor":41,"turns":3},{"damage":6,"enemies":"Sphere and 2 Shapes","floor":44,"turns":1},{"damage":12,"enemies":"Giant Head","floor":45,"turns":5},{"damage":12,"enemies":"Writhing Mass","floor":47,"turns":3},{"damage":34,"enemies":"Maw","floor":48,"turns":6},{"damage":50,"enemies":"Time Eater","floor":50,"turns":7}],"seed_played":"5881850376658924040","potions_obtained":[{"floor":2,"key":"ElixirPotion"},{"floor":5,"key":"Weak Potion"},{"floor":14,"key":"Regen Potion"},{"floor":19,"key":"BloodPotion"},{"floor":33,"key":"DuplicationPotion"},{"floor":35,"key":"HeartOfIron"},{"floor":48,"key":"FearPotion"}],"is_trial":false,"path_per_floor":["M","M","$","?","M","R","M","?","T","M","?","R","E","M","R","B",null,"M","?","?","M","M","R","?","R","T","M","R","E","R","M","R","B",null,"M","$","M","M","?","R","E","R","T","M","E","R","M","M","R","B",null],"character_chosen":"IRONCLAD","items_purchased":["Feed","Panache","Medical Kit","Centennial Puzzle"],"campfire_rested":3,"item_purchase_floors":[3,36,36,36],"current_hp_per_floor":[68,68,68,68,71,71,70,47,47,51,44,44,21,21,62,32,73,71,61,61,65,43,43,43,43,43,27,71,54,54,52,52,27,81,97,97,103,94,94,94,83,83,83,92,95,95,92,67,115,74],"gold":407,"neow_bonus":"REMOVE_TWO","is_daily":false,"chose_seed":false,"campfire_upgraded":9,"win_rate":0.0,"timestamp":1613170314,"path_taken":["M","?","$","?","M","R","M","?","T","M","?","R","E","M","R","BOSS","M","?","?","M","M","R","?","R","T","M","R","E","R","?","R","BOSS","M","$","M","M","?","R","E","R","T","M","E","R","M","M","R","BOSS"],"items_purchased_type":["Card","Card","Relic","Relic"],"build_version":"2020-12-22","purchased_purges":1,"victory":true,"max_hp_per_floor":[68,68,68,68,71,71,75,75,75,79,79,79,83,87,87,87,87,91,91,91,95,95,95,95,95,95,99,99,99,99,99,99,99,99,99,99,103,107,107,107,107,107,107,111,115,115,115,115,115,115],"relic_stats":{"Regal Pillow":44,"Centennial Puzzle":[24],"counters":[25,104],"Mummified Hand":[19],"Bronze Scales":[60],"Magic Flower":[49],"MawBank":276,"Cursed Key":0,"Medical Kit":[10],"obtain_stats":[{"Regal Pillow":9,"Centennial Puzzle":36,"Mummified Hand":45,"Bronze Scales":41,"Magic Flower":29,"Mark of Pain":34,"Red Mask":19,"MawBank":13,"Cursed Key":17,"Medical Kit":36,"Burning Blood":0},{"Regal Pillow":4,"Centennial Puzzle":17,"Mummified Hand":22,"Bronze Scales":20,"Magic Flower":14,"Mark of Pain":16,"Red Mask":10,"MawBank":6,"Cursed Key":8,"Medical Kit":17,"Burning Blood":0},{"Regal Pillow":12,"Centennial Puzzle":72,"Mummified Hand":88,"Bronze Scales":82,"Magic Flower":60,"Mark of Pain":70,"Red Mask":41,"MawBank":25,"Cursed Key":37,"Medical Kit":72,"Burning Blood":0}],"Burning Blood":174},"card_choices":[{"not_picked":["Clash","Sword Boomerang"],"picked":"Metallicize","floor":1},{"not_picked":["Flex","Dual Wield"],"picked":"Iron Wave","floor":2},{"not_picked":["Wild Strike","Flex"],"picked":"Spot Weakness","floor":5},{"not_picked":["Clothesline","Wild Strike"],"picked":"Uppercut","floor":7},{"not_picked":["Sever Soul","Armaments","Power Through"],"picked":"SKIP","floor":10},{"not_picked":["Cleave","Sever Soul"],"picked":"Offering","floor":13},{"not_picked":["True Grit","Twin Strike"],"picked":"Spot Weakness","floor":14},{"not_picked":["Juggernaut","Brutality"],"picked":"Offering","floor":16},{"not_picked":["Body Slam","Thunderclap"],"picked":"Whirlwind","floor":18},{"not_picked":["Cleave","Iron Wave+1"],"picked":"Demon Form","floor":19},{"not_picked":["Clash+1","Rampage","Entrench"],"picked":"SKIP","floor":21},{"not_picked":["Clothesline","Anger"],"picked":"Metallicize","floor":22},{"not_picked":["Rage","Blood for Blood","Uppercut"],"picked":"SKIP","floor":27},{"not_picked":["Bludgeon","Cleave+1","Rage"],"picked":"SKIP","floor":29},{"not_picked":["Warcry","Clash"],"picked":"Pommel Strike","floor":31},{"not_picked":["Berserk","Demon Form"],"picked":"Limit Break","floor":33},{"not_picked":["Body Slam+1","Thunderclap+1"],"picked":"Ghostly Armor","floor":35},{"not_picked":["Pommel Strike","Havoc","True Grit"],"picked":"SKIP","floor":37},{"not_picked":["Pommel Strike","Perfected Strike"],"picked":"Armaments+1","floor":38},{"not_picked":["Spot Weakness","Anger+1"],"picked":"Double Tap","floor":41},{"not_picked":["Iron Wave","Pommel Strike","Armaments"],"picked":"SKIP","floor":44},{"not_picked":["Headbutt","Carnage","True Grit+1"],"picked":"SKIP","floor":45},{"not_picked":["Headbutt","Carnage","True Grit+1"],"picked":"SKIP","floor":45},{"not_picked":["Perfected Strike","Clothesline+1"],"picked":"Headbutt+1","floor":47},{"not_picked":["Headbutt","Offering"],"picked":"Feel No Pain+1","floor":48}],"player_experience":525656,"relics_obtained":[{"floor":9,"key":"Regal Pillow"},{"floor":13,"key":"MawBank"},{"floor":19,"key":"Red Mask"},{"floor":29,"key":"Magic Flower"},{"floor":41,"key":"Bronze Scales"},{"floor":45,"key":"Mummified Hand"}],"event_choices":[{"damage_healed":0,"gold_gain":0,"player_choice":"Leave","damage_taken":0,"max_hp_gain":0,"max_hp_loss":0,"event_name":"The Cleric","floor":4,"gold_loss":0},{"damage_healed":0,"gold_gain":0,"player_choice":"Entered Light","damage_taken":23,"max_hp_gain":0,"max_hp_loss":0,"event_name":"Shining Light","floor":8,"gold_loss":0,"cards_upgraded":["Bash","Strike_R"]},{"cards_removed":["Strike_R"],"damage_healed":0,"gold_gain":0,"player_choice":"Card Removal","damage_taken":7,"max_hp_gain":0,"max_hp_loss":0,"event_name":"Golden Wing","floor":11,"gold_loss":0},{"damage_healed":0,"gold_gain":0,"player_choice":"Fought Bandits","damage_taken":0,"max_hp_gain":0,"max_hp_loss":0,"event_name":"Masked Bandits","floor":19,"gold_loss":0},{"cards_removed":["Strike_R"],"damage_healed":0,"gold_gain":0,"player_choice":"Elegance","damage_taken":0,"max_hp_gain":0,"max_hp_loss":0,"event_name":"Back to Basics","floor":20,"gold_loss":0},{"cards_removed":["Strike_R"],"damage_healed":0,"gold_gain":0,"player_choice":"Gave Gold","damage_taken":0,"max_hp_gain":0,"max_hp_loss":0,"event_name":"Beggar","floor":24,"gold_loss":75},{"damage_healed":0,"gold_gain":222,"player_choice":"Wore Mask","damage_taken":0,"max_hp_gain":0,"max_hp_loss":0,"event_name":"Tomb of Lord Red Mask","floor":39,"gold_loss":0}],"is_beta":false,"boss_relics":[{"not_picked":["Busted Crown","Tiny House"],"picked":"Cursed Key"},{"not_picked":["Empty Cage","Coffee Dripper"],"picked":"Mark of Pain"}],"items_purged_floors":[36],"is_endless":false,"potions_floor_spawned":[2,5,14,16,19,21,33,35,48],"ascension_level":18}}