{"host":"n605f8gctjc87d7h","time":1613151778,"event":{"mods":["Aspiration","Bard","BaseMod","Better Match","Better Note","Better Skull","Better Third Choice","Conspire","Downfall","Halation","Hermit","Infinite Spire","Minty Spire (QoL Compilation)","Reliquary","Replay The Spire","Retaliation","Shade Mod","Spicy Shops","StSLib","The IronCluck","The Jungle","The Runesmith"],"gold_per_floor":[119,119,134,154,134,165,165,178,201,213,213,241,241,256,256,358,358,375,375,375,375,390,416,416,416,440,458,469,497,119,219,219,219,219],"floor_reached":33,"language":"ENG","playtime":3220,"items_purged":["downfall:Icky","downfall:Haunted"],"score":497,"play_id":"3b204c24-e78e-42b6-9916-8797115c6b5b","local_time":"20210212094258","is_ascension_mode":true,"campfire_choices":[{"floor":7,"key":"REST"},{"floor":11,"key":"REST"},{"floor":13,"key":"REST"},{"floor":15,"key":"REST"},{"floor":24,"key":"REST"},{"floor":32,"key":"REST"}],"circlet_count":0,"master_deck":["AscendersBane","Strike_G","Strike_G","Strike_G","Strike_G","Strike_G","Defend_G","Defend_G","Defend_G","Defend_G","Defend_G","Survivor","Neutralize","Quick Slash","Backstab","Slice","ReplayTheSpireMod:Speed Training","Dodge and Roll","Adrenaline","Bullet Time","downfall:Haunted","Grand Finale","Cloak And Dagger+1","infinitespire:DeathsTouch","Underhanded Strike+1","Underhanded Strike+1","Backflip+1"],"relics":["Ring of the Snake","Garlic","Centennial Puzzle","Blood Vial","Snecko Scales","betterThird:NestCultRelic","Shuriken","Darkstone Periapt","Orichalcum","reliquary:FerryPass","reliquary:ExpiredCoupon","Bag of Marbles","Replay:Baseball","Art of War"],"acts_visited":["Exordium","TheCity"],"potions_floor_usage":[12,18,27,33],"damage_taken":[{"damage":0,"enemies":"Small Slimes","floor":1,"turns":3},{"damage":1,"enemies":"Cultist","floor":3,"turns":4},{"damage":0,"enemies":"2 Louse","floor":4,"turns":1},{"damage":54,"enemies":"3 Sentries","floor":6,"turns":14},{"damage":0,"enemies":"2 Fungi Beasts","floor":8,"turns":4},{"damage":8,"enemies":"Blue Slaver","floor":10,"turns":3},{"damage":27,"enemies":"Lagavulin","floor":12,"turns":7},{"damage":6,"enemies":"Exordium Thugs","floor":14,"turns":5},{"damage":79,"enemies":"Fading Forest","floor":16,"turns":11},{"damage":21,"enemies":"Chosen","floor":18,"turns":7},{"damage":11,"enemies":"Spheric Guardian","floor":22,"turns":6},{"damage":18,"enemies":"Nightmare","floor":23,"turns":9},{"damage":10,"enemies":"Centurion and Healer","floor":27,"turns":6},{"damage":1,"enemies":"Snecko","floor":28,"turns":4},{"damage":33,"enemies":"conspire:Head Lice","floor":29,"turns":6},{"damage":65,"enemies":"conspire:MysteriousRune","floor":33,"turns":6}],"seed_played":"-6199401918443257102","potions_obtained":[{"floor":1,"key":"Ancient Potion"},{"floor":5,"key":"FairyPotion"},{"floor":10,"key":"FearPotion"},{"floor":16,"key":"Energy Potion"},{"floor":23,"key":"Block Potion"},{"floor":27,"key":"SteroidPotion"}],"is_trial":false,"path_per_floor":["M","$","M","M","?","E","R","M","T","M","R","E","R","M","R","B",null,"M","?","?","?","M","NM","R","AVR","T","M","M","E","$","?","R","B"],"character_chosen":"THE_SILENT","items_purchased":["Replay:Baseball","Art of War"],"campfire_rested":6,"item_purchase_floors":[30,30],"current_hp_per_floor":[70,70,69,69,69,15,38,38,38,30,53,26,49,45,68,14,61,42,42,42,60,51,35,63,63,63,55,56,25,25,25,53,0,0],"gold":219,"neow_bonus":"TEN_PERCENT_HP_BONUS","is_daily":false,"chose_seed":false,"campfire_upgraded":0,"win_rate":0.0,"timestamp":1613151778,"path_taken":["M","$","M","M","?","E","R","M","T","?","R","E","R","M","R","BOSS","M","?","?","?","?","NM","R","AVR","T","M","M","E","$","?","R","BOSS"],"items_purchased_type":["Relic","Relic"],"build_version":"2020-12-22","purchased_purges":2,"victory":false,"max_hp_per_floor":[77,77,77,77,77,77,77,77,77,77,77,77,77,77,77,77,77,77,77,77,95,95,95,95,95,95,95,95,95,95,95,95,95,95],"card_choices":[{"not_picked":["Deflect","Cloak And Dagger"],"picked":"Quick Slash","floor":1},{"not_picked":["Flying Knee","Backflip"],"picked":"Backstab","floor":3},{"not_picked":["Leg Sweep","Concentrate","Noxious Fumes"],"picked":"SKIP","floor":4},{"not_picked":["Noxious Fumes","Prepared"],"picked":"Slice","floor":6},{"not_picked":["Cloak And Dagger","Deadly Poison"],"picked":"ReplayTheSpireMod:Speed Training","floor":8},{"not_picked":["Crippling Poison","Toxin Wave"],"picked":"Dodge and Roll","floor":10},{"not_picked":["Eviscerate","Blur"],"picked":"Adrenaline","floor":12},{"not_picked":["Dagger Spray","Noxious Fumes","Predator"],"picked":"SKIP","floor":14},{"not_picked":["Night Terror","ReplayTheSpireMod:Necrosis"],"picked":"Bullet Time","floor":16},{"not_picked":["Outmaneuver","Quick Slash","Blade Dance"],"picked":"SKIP","floor":18},{"not_picked":["Underhanded Strike","Crippling Poison"],"picked":"Cloak And Dagger+1","floor":22},{"not_picked":["infinitespire:Menacing","ReplayTheSpireMod:Black Plague"],"picked":"infinitespire:DeathsTouch","floor":23},{"not_picked":["Blade Dance","Dodge and Roll","Dagger Throw"],"picked":"SKIP","floor":23},{"not_picked":["Bane","Bouncing Flask"],"picked":"Underhanded Strike+1","floor":27},{"not_picked":["Deadly Poison","Flying Knee"],"picked":"Underhanded Strike+1","floor":28},{"not_picked":["Atom Bomb","conspire:DoublingDagger"],"picked":"Backflip+1","floor":29}],"player_experience":853735,"relics_obtained":[{"floor":6,"key":"Garlic"},{"floor":9,"key":"Centennial Puzzle"},{"floor":12,"key":"Blood Vial"},{"floor":23,"key":"Orichalcum"},{"floor":26,"key":"reliquary:ExpiredCoupon"},{"floor":29,"key":"Bag of Marbles"}],"event_choices":[{"damage_healed":0,"gold_gain":0,"player_choice":"Bought 1 Potion","damage_taken":0,"max_hp_gain":0,"max_hp_loss":0,"event_name":"The Woman in Blue","floor":5,"gold_loss":0},{"damage_healed":0,"gold_gain":0,"player_choice":"Madness","damage_taken":0,"relics_obtained":["betterThird:NestCultRelic"],"max_hp_gain":0,"max_hp_loss":0,"event_name":"betterThird:BetterNest","floor":19,"gold_loss":0},{"damage_healed":0,"gold_gain":100,"player_choice":"Pray","damage_taken":0,"max_hp_gain":0,"max_hp_loss":0,"event_name":"Golden Shrine","floor":31,"gold_loss":0}],"is_beta":false,"boss_relics":[{"not_picked":["Runic Dome","aspiration:MobileForge"],"picked":"Snecko Scales"}],"items_purged_floors":[25,30],"is_endless":true,"potions_floor_spawned":[1,10,16,23,27],"killed_by":"conspire:MysteriousRune","ascension_level":12}}