{"host":"w14xfy17z3c5mpoi","time":1613096788,"event":{"mods":["AchievementEnabler","BaseMod","Minty Spire (QoL Compilation)","Relic Stats"],"gold_per_floor":[111,121,139,159,159,193,193,210,237,266,266,266,266,286,286,387,387,400,42,42,42,132,132,148,181,181,206,206,218,228,59,59,59,59],"floor_reached":33,"language":"ENG","playtime":2152,"items_purged":["Strike_G"],"score":398,"play_id":"f008fbd3-f7ba-45f3-8983-ada147fc1786","local_time":"20210211212628","is_ascension_mode":true,"campfire_choices":[{"data":"Skewer","floor":7,"key":"SMITH"},{"data":"Prepared","floor":11,"key":"SMITH"},{"data":"Dagger Spray","floor":15,"key":"SMITH"},{"data":"Terror","floor":23,"key":"SMITH"},{"floor":32,"key":"REST"}],"circlet_count":0,"master_deck":["Strike_G","Defend_G","Defend_G","Defend_G","Defend_G","Defend_G","Survivor","Neutralize","Poisoned Stab","Prepared+1","Skewer+1","Poisoned Stab","Sucker Punch","Backstab","Slice","Dagger Spray+1","Phantasmal Killer+1","Blade Dance+1","Finisher","Leg Sweep","Terror+1","Footwork","Blade Dance","Cloak And Dagger+1","Dash"],"relics":["Black Star","Orichalcum","Nunchaku","Ancient Tea Set","Blood Vial","The Courier","Empty Cage","Calipers","Tiny Chest","Akabeko","White Beast Statue","Regal Pillow","Bag of Preparation","Vajra"],"acts_visited":["Exordium","TheCity"],"potions_floor_usage":[4,10,16,25,25,27,27,30,30,30,33,33,33],"damage_taken":[{"damage":0,"enemies":"Cultist","floor":1,"turns":4},{"damage":2,"enemies":"2 Louse","floor":2,"turns":2},{"damage":2,"enemies":"Small Slimes","floor":3,"turns":4},{"damage":0,"enemies":"3 Louse","floor":4,"turns":3},{"damage":20,"enemies":"Gremlin Nob","floor":6,"turns":4},{"damage":0,"enemies":"Large Slime","floor":8,"turns":5},{"damage":17,"enemies":"Lagavulin","floor":10,"turns":4},{"damage":0,"enemies":"Gremlin Gang","floor":14,"turns":3},{"damage":11,"enemies":"Hexaghost","floor":16,"turns":9},{"damage":0,"enemies":"3 Byrds","floor":18,"turns":5},{"damage":10,"enemies":"Shell Parasite","floor":24,"turns":5},{"damage":14,"enemies":"Slavers","floor":25,"turns":3},{"damage":14,"enemies":"Book of Stabbing","floor":27,"turns":3},{"damage":2,"enemies":"Cultist and Chosen","floor":29,"turns":3},{"damage":11,"enemies":"Sentry and Sphere","floor":30,"turns":5},{"damage":58,"enemies":"Collector","floor":33,"turns":6}],"seed_played":"-443632168406005970","potions_obtained":[{"floor":1,"key":"Fire Potion"},{"floor":2,"key":"Block Potion"},{"floor":6,"key":"Strength Potion"},{"floor":14,"key":"FearPotion"},{"floor":16,"key":"PowerPotion"},{"floor":25,"key":"Weak Potion"},{"floor":27,"key":"ColorlessPotion"},{"floor":29,"key":"EntropicBrew"},{"floor":30,"key":"SkillPotion"}],"is_trial":false,"path_per_floor":["M","M","M","M","?","E","R","M","T","E","R","?","?","M","R","B",null,"M","$","?","?","?","R","M","E","T","E","?","M","M","$","R","B"],"character_chosen":"THE_SILENT","items_purchased":["Finisher","Leg Sweep","Terror","Footwork","Blade Dance","Fire Potion","Vajra","Dash"],"campfire_rested":1,"item_purchase_floors":[19,19,19,19,19,19,31,31],"current_hp_per_floor":[63,61,59,59,64,44,44,44,44,27,27,20,20,22,22,13,60,62,62,62,62,50,50,42,30,30,18,18,18,9,9,46,0,0],"gold":59,"neow_bonus":"BOSS_RELIC","is_daily":false,"chose_seed":false,"campfire_upgraded":4,"win_rate":0.0,"timestamp":1613096788,"path_taken":["M","M","M","?","?","E","R","M","T","E","R","?","?","M","R","BOSS","M","$","?","?","?","R","?","E","T","E","?","M","?","$","R","BOSS"],"items_purchased_type":["Card","Card","Card","Card","Card","Potion","Relic","Card"],"build_version":"2020-12-22","purchased_purges":1,"victory":false,"max_hp_per_floor":[70,70,70,70,75,75,75,75,75,75,75,75,75,75,75,75,75,75,75,75,75,75,75,75,75,75,75,75,75,75,75,75,75,75],"relic_stats":{"Blood Vial":18,"Nunchaku":[15],"Regal Pillow":15,"counters":[16,68],"Tiny Chest":0,"Black Star":4,"Bag of Preparation":[6],"Orichalcum":[126],"obtain_stats":[{"Regal Pillow":27,"Calipers":20,"Vajra":31,"The Courier":10,"Bag of Preparation":27,"Orichalcum":6,"Ancient Tea Set":9,"Empty Cage":17,"Akabeko":25,"White Beast Statue":26,"Blood Vial":10,"Nunchaku":6,"Tiny Chest":25,"Black Star":0,"Ring of the Snake":0},{"Regal Pillow":13,"Calipers":10,"Vajra":15,"The Courier":7,"Bag of Preparation":13,"Orichalcum":5,"Ancient Tea Set":6,"Empty Cage":9,"Akabeko":12,"White Beast Statue":12,"Blood Vial":7,"Nunchaku":5,"Tiny Chest":12,"Black Star":0,"Ring of the Snake":0},{"Regal Pillow":54,"Calipers":43,"Vajra":62,"The Courier":26,"Bag of Preparation":54,"Orichalcum":17,"Ancient Tea Set":22,"Empty Cage":38,"Akabeko":51,"White Beast Statue":51,"Blood Vial":26,"Nunchaku":17,"Tiny Chest":51,"Black Star":0,"Ring of the Snake":0}]},"card_choices":[{"not_picked":["Crippling Poison","Quick Slash"],"picked":"Poisoned Stab","floor":1},{"not_picked":["Caltrops","Flying Knee"],"picked":"Prepared","floor":2},{"not_picked":["Footwork","All Out Attack"],"picked":"Skewer","floor":3},{"not_picked":["Footwork","Prepared"],"picked":"Poisoned Stab","floor":4},{"not_picked":["Deadly Poison","Infinite Blades"],"picked":"Sucker Punch","floor":6},{"not_picked":["Deflect","Sucker Punch"],"picked":"Backstab","floor":8},{"not_picked":["Concentrate","Burst"],"picked":"Slice","floor":10},{"not_picked":["All Out Attack","Heel Hook"],"picked":"Dagger Spray","floor":14},{"not_picked":["Unload","Adrenaline"],"picked":"Phantasmal Killer","floor":16},{"not_picked":["Dagger Spray+1","Dodge and Roll"],"picked":"Blade Dance+1","floor":18},{"not_picked":["Leg Sweep","Quick Slash","Prepared"],"picked":"SKIP","floor":24},{"not_picked":["Dagger Throw","Catalyst"],"picked":"Cloak And Dagger+1","floor":25},{"not_picked":["Outmaneuver","Bane","Leg Sweep"],"picked":"SKIP","floor":27},{"not_picked":["Reflex","Acrobatics","Dagger Throw"],"picked":"SKIP","floor":29},{"not_picked":["All Out Attack+1","Flying Knee","Tactician"],"picked":"SKIP","floor":30}],"player_experience":635969,"relics_obtained":[{"floor":6,"key":"Orichalcum"},{"floor":6,"key":"Nunchaku"},{"floor":9,"key":"Ancient Tea Set"},{"floor":10,"key":"Blood Vial"},{"floor":10,"key":"The Courier"},{"floor":25,"key":"Tiny Chest"},{"floor":25,"key":"Akabeko"},{"floor":26,"key":"White Beast Statue"},{"floor":27,"key":"Regal Pillow"},{"floor":27,"key":"Bag of Preparation"}],"event_choices":[{"damage_healed":0,"gold_gain":0,"player_choice":"Donut","damage_taken":0,"max_hp_gain":5,"max_hp_loss":0,"event_name":"Big Fish","floor":5,"gold_loss":0},{"cards_removed":["Strike_G"],"damage_healed":0,"gold_gain":0,"player_choice":"Card Removal","damage_taken":7,"max_hp_gain":0,"max_hp_loss":0,"event_name":"Golden Wing","floor":12,"gold_loss":0},{"damage_healed":0,"gold_gain":0,"player_choice":"Ignored","damage_taken":0,"max_hp_gain":0,"max_hp_loss":0,"event_name":"Liars Game","floor":13,"gold_loss":0},{"damage_healed":0,"gold_gain":0,"player_choice":"Opened","damage_taken":0,"relics_obtained":["Calipers"],"max_hp_gain":0,"max_hp_loss":0,"event_name":"The Mausoleum","floor":20,"gold_loss":0},{"damage_healed":0,"gold_gain":90,"player_choice":"GOLD ","damage_taken":12,"max_hp_gain":0,"max_hp_loss":0,"event_name":"Knowing Skull","floor":22,"potions_obtained":[],"gold_loss":0,"cards_obtained":[]},{"damage_healed":0,"gold_gain":0,"player_choice":"Forge","damage_taken":0,"max_hp_gain":0,"max_hp_loss":0,"event_name":"Accursed Blacksmith","floor":28,"gold_loss":0,"cards_upgraded":["Phantasmal Killer"]}],"is_beta":false,"boss_relics":[{"not_picked":["Runic Pyramid","Snecko Eye"],"picked":"Empty Cage"}],"items_purged_floors":[19],"is_endless":false,"potions_floor_spawned":[1,2,6,14,16,25,27,29,30],"killed_by":"Collector","ascension_level":7}}