{"host":"81iaqqr1ryudmr11","time":1613142911,"event":{"mods":["BaseMod","Highlight Path","Minty Spire (QoL Compilation)","Relic Stats"],"gold_per_floor":[118,132,82,182,193,193,228,228,228,228,242,254,281,294,294,391,391,409,186,286,300,317,348,348,376,376,410,106,206,206,220,220,324,324,335,335,335,335,350,383,383,394,418,437,437,462,13,32,32,32],"floor_reached":51,"language":"ENG","playtime":3400,"items_purged":["Defend_P"],"score":1119,"play_id":"7a80fcfb-f777-4ab8-98eb-d9e1a22dffda","local_time":"20210212161511","is_ascension_mode":true,"campfire_choices":[{"data":"SpiritShield","floor":6,"key":"SMITH"},{"data":"Eruption","floor":8,"key":"SMITH"},{"data":"Crescendo","floor":10,"key":"SMITH"},{"data":"ClearTheMind","floor":15,"key":"SMITH"},{"floor":24,"key":"REST"},{"floor":32,"key":"DIG"},{"floor":41,"key":"DIG"},{"floor":45,"key":"DIG"},{"floor":49,"key":"REST"}],"circlet_count":0,"master_deck":["Strike_P+1","Strike_P+1","Strike_P+1","Defend_P+1","Defend_P+1","Defend_P+1","Eruption+1","Vigilance+1","SpiritShield+1","ReachHeaven+1","CutThroughFate+1","FlurryOfBlows+1","Crescendo+1","Consecrate+1","CutThroughFate+1","ClearTheMind+1","LessonLearned+1","CrushJoints+1","Perseverance+1","FlyingSleeves+1","Dramatic Entrance+1","Wallop+1","FlyingSleeves+1","SpiritShield+1","Wireheading+1","WindmillStrike+1","Mind Blast+1","Master of Strategy"],"relics":["PureWater","Gremlin Horn","Molten Egg 2","Nunchaku","Runic Pyramid","Akabeko","Ancient Tea Set","StoneCalendar","Letter Opener","InkBottle","Centennial Puzzle","Shovel","The Courier","MealTicket","SlaversCollar","Pantograph","Orichalcum","CaptainsWheel","Juzu Bracelet","Turnip"],"acts_visited":["Exordium","TheCity","TheBeyond"],"potions_floor_usage":[13,13,16,21,33,35,42,50],"damage_taken":[{"damage":2,"enemies":"Jaw Worm","floor":1,"turns":3},{"damage":0,"enemies":"2 Louse","floor":2,"turns":3},{"damage":1,"enemies":"Cultist","floor":5,"turns":3},{"damage":0,"enemies":"Lagavulin","floor":7,"turns":3},{"damage":6,"enemies":"Looter","floor":11,"turns":2},{"damage":6,"enemies":"Exordium Thugs","floor":12,"turns":3},{"damage":1,"enemies":"3 Sentries","floor":13,"turns":5},{"damage":0,"enemies":"2 Fungi Beasts","floor":14,"turns":2},{"damage":9,"enemies":"The Guardian","floor":16,"turns":5},{"damage":15,"enemies":"Shell Parasite","floor":18,"turns":3},{"damage":4,"enemies":"Chosen","floor":21,"turns":4},{"damage":2,"enemies":"Centurion and Healer","floor":22,"turns":3},{"damage":16,"enemies":"Book of Stabbing","floor":23,"turns":3},{"damage":18,"enemies":"Slavers","floor":25,"turns":3},{"damage":0,"enemies":"Gremlin Leader","floor":27,"turns":2},{"damage":0,"enemies":"Colosseum Slavers","floor":29,"turns":1},{"damage":0,"enemies":"Colosseum Nobs","floor":29,"turns":1},{"damage":0,"enemies":"Snake Plant","floor":31,"turns":1},{"damage":16,"enemies":"Automaton","floor":33,"turns":3},{"damage":12,"enemies":"Orb Walker","floor":35,"turns":2},{"damage":0,"enemies":"3 Shapes","floor":39,"turns":1},{"damage":0,"enemies":"Giant Head","floor":40,"turns":5},{"damage":0,"enemies":"Jaw Worm Horde","floor":42,"turns":3},{"damage":0,"enemies":"3 Darklings","floor":44,"turns":4},{"damage":0,"enemies":"Reptomancer","floor":46,"turns":3},{"damage":30,"enemies":"Writhing Mass","floor":48,"turns":4},{"damage":0,"enemies":"Awakened One","floor":50,"turns":6}],"seed_played":"621288526517753900","potions_obtained":[{"floor":5,"key":"Explosive Potion"},{"floor":11,"key":"PowerPotion"},{"floor":12,"key":"EssenceOfSteel"},{"floor":13,"key":"Explosive Potion"},{"floor":25,"key":"Fire Potion"},{"floor":27,"key":"AttackPotion"},{"floor":31,"key":"Weak Potion"},{"floor":39,"key":"Swift Potion"},{"floor":42,"key":"FairyPotion"},{"floor":44,"key":"PowerPotion"}],"is_trial":false,"path_per_floor":["M","M","?","?","M","R","E","R","T","R","M","M","E","M","R","B",null,"M","$","?","M","M","E","R","E","T","E","$","?","?","M","R","B",null,"M","?","?","?","M","E","R","M","T","M","R","E","$","M","R","B",null],"character_chosen":"WATCHER","items_purchased":["Akabeko","Dramatic Entrance+1","Wallop+1","Centennial Puzzle","Mind Blast+1","Master of Strategy","Turnip"],"campfire_rested":2,"item_purchase_floors":[19,28,28,28,47,47,47],"current_hp_per_floor":[70,70,70,70,69,69,69,69,69,69,63,57,56,56,56,47,66,51,51,51,47,45,29,50,32,32,32,32,32,32,32,32,16,58,46,46,46,46,46,46,46,46,46,46,46,46,61,31,51,68],"gold":32,"neow_bonus":"ONE_RANDOM_RARE_CARD","is_daily":false,"chose_seed":false,"campfire_upgraded":4,"win_rate":0.0,"timestamp":1613142911,"path_taken":["M","M","?","?","M","R","E","R","T","R","M","M","E","?","R","BOSS","M","$","?","M","M","E","R","E","T","E","?","?","?","?","R","BOSS","M","?","?","?","M","E","R","M","T","M","R","E","$","M","R","BOSS"],"items_purchased_type":["Relic","Card","Card","Relic","Card","Card","Relic"],"build_version":"2020-12-22","purchased_purges":1,"victory":true,"max_hp_per_floor":[72,72,72,72,72,72,72,72,72,72,72,72,72,72,72,72,72,72,72,72,72,72,72,72,72,72,72,72,72,72,72,72,72,72,72,72,72,68,68,68,68,68,68,68,68,68,68,68,68,68],"relic_stats":{"Gremlin Horn":[25,27],"counters":[27,81],"StoneCalendar":[0],"Juzu Bracelet":0,"Letter Opener":[20],"Orichalcum":[0],"Nunchaku":[19],"Centennial Puzzle":[9],"Shovel":3,"Pantograph":17,"MealTicket":15,"Turnip":[0],"obtain_stats":[{"Gremlin Horn":7,"StoneCalendar":25,"The Courier":29,"Juzu Bracelet":46,"Letter Opener":26,"Orichalcum":41,"Ancient Tea Set":23,"Akabeko":19,"SlaversCollar":34,"Nunchaku":13,"Centennial Puzzle":28,"CaptainsWheel":45,"Shovel":29,"Pantograph":40,"Molten Egg 2":9,"MealTicket":32,"Turnip":47,"PureWater":0,"InkBottle":27,"Runic Pyramid":17},{"Gremlin Horn":4,"StoneCalendar":14,"The Courier":17,"Juzu Bracelet":25,"Letter Opener":14,"Orichalcum":22,"Ancient Tea Set":13,"Akabeko":10,"SlaversCollar":19,"Nunchaku":7,"Centennial Puzzle":15,"CaptainsWheel":24,"Shovel":17,"Pantograph":22,"Molten Egg 2":4,"MealTicket":18,"Turnip":25,"PureWater":0,"InkBottle":15,"Runic Pyramid":9},{"Gremlin Horn":12,"StoneCalendar":45,"The Courier":49,"Juzu Bracelet":71,"Letter Opener":45,"Orichalcum":61,"Ancient Tea Set":42,"Akabeko":32,"SlaversCollar":53,"Nunchaku":22,"Centennial Puzzle":47,"CaptainsWheel":68,"Shovel":49,"Pantograph":61,"Molten Egg 2":12,"MealTicket":50,"Turnip":71,"PureWater":0,"InkBottle":47,"Runic Pyramid":29}],"InkBottle":[16]},"card_choices":[{"not_picked":["JustLucky","Evaluate"],"picked":"ReachHeaven","floor":1},{"not_picked":["Protect","PathToVictory"],"picked":"CutThroughFate","floor":2},{"not_picked":["PathToVictory","ThirdEye"],"picked":"FlurryOfBlows","floor":5},{"not_picked":["Ragnarok","SignatureMove"],"picked":"Crescendo","floor":7},{"not_picked":["Worship","ThirdEye","FollowUp+1"],"picked":"SKIP","floor":11},{"not_picked":["Weave+1","DeceiveReality"],"picked":"Consecrate+1","floor":12},{"not_picked":["Crescendo","Omniscience"],"picked":"CutThroughFate+1","floor":13},{"not_picked":["CutThroughFate+1","FlyingSleeves+1"],"picked":"ClearTheMind","floor":14},{"not_picked":["Judgement","Devotion"],"picked":"LessonLearned+1","floor":16},{"not_picked":["CutThroughFate+1","FlurryOfBlows+1","LikeWater"],"picked":"SKIP","floor":18},{"not_picked":["FollowUp+1","SashWhip+1","Adaptation"],"picked":"SKIP","floor":21},{"not_picked":["ClearTheMind","FlurryOfBlows+1"],"picked":"CrushJoints+1","floor":22},{"not_picked":["PathToVictory","FlurryOfBlows+1"],"picked":"Perseverance+1","floor":23},{"not_picked":["EmptyFist+1","ClearTheMind","Crescendo"],"picked":"SKIP","floor":25},{"not_picked":["SandsOfTime+1","Crescendo"],"picked":"FlyingSleeves+1","floor":27},{"not_picked":["Wish","BowlingBash+1"],"picked":"FlyingSleeves+1","floor":29},{"not_picked":["Collect","Crescendo","Indignation"],"picked":"SKIP","floor":31},{"not_picked":["Scrawl","Devotion"],"picked":"SpiritShield","floor":33},{"not_picked":["FlurryOfBlows+1","EmptyBody"],"picked":"Wireheading+1","floor":35},{"not_picked":["EmptyBody+1","EmptyFist+1","Crescendo+1"],"picked":"SKIP","floor":39},{"not_picked":["EmptyMind","Collect+1"],"picked":"WindmillStrike+1","floor":40},{"not_picked":["ThirdEye+1","ClearTheMind+1","EmptyBody"],"picked":"SKIP","floor":42},{"not_picked":["BowlingBash+1","FollowUp+1","EmptyBody+1"],"picked":"SKIP","floor":44},{"not_picked":["ReachHeaven+1","ThirdEye","Fasting2"],"picked":"SKIP","floor":46},{"not_picked":["Alpha","WaveOfTheHand","ThirdEye"],"picked":"SKIP","floor":48}],"player_experience":186960,"relics_obtained":[{"floor":7,"key":"Gremlin Horn"},{"floor":9,"key":"Molten Egg 2"},{"floor":13,"key":"Nunchaku"},{"floor":23,"key":"Ancient Tea Set"},{"floor":25,"key":"StoneCalendar"},{"floor":26,"key":"Letter Opener"},{"floor":27,"key":"InkBottle"},{"floor":29,"key":"Shovel"},{"floor":29,"key":"The Courier"},{"floor":32,"key":"MealTicket"},{"floor":40,"key":"Pantograph"},{"floor":41,"key":"Orichalcum"},{"floor":45,"key":"CaptainsWheel"},{"floor":46,"key":"Juzu Bracelet"}],"event_choices":[{"cards_removed":["Strike_P"],"damage_healed":0,"gold_gain":0,"player_choice":"Card Removal","damage_taken":0,"max_hp_gain":0,"max_hp_loss":0,"event_name":"The Cleric","floor":3,"gold_loss":50},{"damage_healed":0,"gold_gain":100,"player_choice":"Pray","damage_taken":0,"max_hp_gain":0,"max_hp_loss":0,"event_name":"Golden Shrine","floor":4,"gold_loss":0},{"damage_healed":0,"gold_gain":100,"player_choice":"Pray","damage_taken":0,"max_hp_gain":0,"max_hp_loss":0,"event_name":"Golden Shrine","floor":20,"gold_loss":0},{"damage_healed":0,"gold_gain":0,"player_choice":"Fight","damage_taken":0,"max_hp_gain":0,"max_hp_loss":0,"event_name":"Colosseum","floor":29,"gold_loss":0},{"damage_healed":0,"gold_gain":0,"player_choice":"Fought Nobs","damage_taken":0,"max_hp_gain":0,"max_hp_loss":0,"event_name":"Colosseum","floor":29,"gold_loss":0},{"damage_healed":0,"gold_gain":0,"player_choice":"Ignored","damage_taken":0,"max_hp_gain":0,"max_hp_loss":0,"event_name":"Ghosts","floor":30,"gold_loss":0},{"damage_healed":0,"gold_gain":0,"player_choice":"Memory 1","damage_taken":0,"max_hp_gain":0,"max_hp_loss":0,"event_name":"SensoryStone","floor":36,"gold_loss":0},{"damage_healed":0,"gold_gain":0,"player_choice":"Ignored","damage_taken":0,"max_hp_gain":0,"max_hp_loss":0,"event_name":"Tomb of Lord Red Mask","floor":37,"gold_loss":0},{"damage_healed":0,"gold_gain":0,"player_choice":"Max HP","damage_taken":0,"max_hp_gain":0,"max_hp_loss":4,"event_name":"Winding Halls","floor":38,"gold_loss":0}],"is_beta":false,"boss_relics":[{"not_picked":["HolyWater","Busted Crown"],"picked":"Runic Pyramid"},{"not_picked":["Snecko Eye","Philosopher\u0027s Stone"],"picked":"SlaversCollar"}],"items_purged_floors":[19],"is_endless":false,"potions_floor_spawned":[5,11,12,13,25,27,29,31,39,42,44,46],"ascension_level":5}}