{"host":"wrdw6zkxuilnr6rg","time":1612721381,"event":{"mods":["BaseMod","Bestiary","Colored Powertips","Highlight Path","Minty Spire (QoL Compilation)","Quick Restart","Relic Stats","StSLib"],"gold_per_floor":[113,113,124,26,101,127,139,174,174,174,174,22,22,58,58,151,151,167,13,13,13,23,48,64,64,89,89,103,103,63,77,77,151,151,170,170,150,25,37,37,51,51,77,77,106,8,39,65,65,65,65,65,13,47,47,47],"floor_reached":55,"language":"ENG","playtime":2407,"items_purged":["Eruption","Injury","Strike_P"],"score":1437,"play_id":"63381504-2730-4ec1-adf3-04902955a1d2","local_time":"20210207210941","is_ascension_mode":true,"campfire_choices":[{"data":"PathToVictory","floor":11.0,"key":"SMITH"},{"data":"PathToVictory","floor":15.0,"key":"SMITH"},{"data":"Meditate","floor":25.0,"key":"SMITH"},{"data":"MentalFortress","floor":27.0,"key":"SMITH"},{"data":"Vault","floor":29.0,"key":"SMITH"},{"data":"PathToVictory","floor":32.0,"key":"SMITH"},{"data":"Vigilance","floor":40.0,"key":"SMITH"},{"data":"ThirdEye","floor":42.0,"key":"SMITH"},{"data":"EmptyMind","floor":44,"key":"SMITH"},{"floor":49,"key":"RECALL"},{"data":"MentalFortress","floor":52,"key":"SMITH"}],"circlet_count":0,"master_deck":["AscendersBane","Strike_P","Strike_P+1","Defend_P","Defend_P+1","Defend_P","Defend_P","Vigilance+1","EmptyBody","Wallop+1","PathToVictory+1","PathToVictory+1","ThirdEye+1","PathToVictory+1","Vault+1","Vault+1","MentalFortress+1","Meditate+1","Protect+1","EmptyMind+1","PathToVictory","MentalFortress+1","PathToVictory"],"relics":["HolyWater","NeowsBlessing","Matryoshka","Pantograph","Gremlin Horn","Anchor","Darkstone Periapt","Bloody Idol","Art of War","War Paint","Toy Ornithopter","Regal Pillow","Boot","Busted Crown","Ancient Tea Set","Pen Nib","Akabeko","Whetstone"],"acts_visited":["Exordium","TheCity","TheBeyond","TheEnding"],"potions_floor_usage":[55,55],"damage_taken":[{"damage":0.0,"enemies":"Jaw Worm","floor":1.0,"turns":1.0},{"damage":0.0,"enemies":"2 Louse","floor":3.0,"turns":1.0},{"damage":0.0,"enemies":"3 Sentries","floor":6.0,"turns":2.0},{"damage":0.0,"enemies":"Cultist","floor":7.0,"turns":3.0},{"damage":13.0,"enemies":"Gremlin Nob","floor":8.0,"turns":4.0},{"damage":6.0,"enemies":"Lagavulin","floor":14.0,"turns":3.0},{"damage":8.0,"enemies":"The Guardian","floor":16.0,"turns":7.0},{"damage":2.0,"enemies":"Chosen","floor":18.0,"turns":4.0},{"damage":0.0,"enemies":"2 Thieves","floor":22.0,"turns":4.0},{"damage":0.0,"enemies":"Book of Stabbing","floor":23.0,"turns":6.0},{"damage":8.0,"enemies":"Snecko","floor":24.0,"turns":5.0},{"damage":8.0,"enemies":"Shelled Parasite and Fungi","floor":28.0,"turns":4.0},{"damage":2.0,"enemies":"Centurion and Healer","floor":31.0,"turns":6.0},{"damage":5.0,"enemies":"Collector","floor":33.0,"turns":7.0},{"damage":0.0,"enemies":"Orb Walker","floor":35.0,"turns":5.0},{"damage":0.0,"enemies":"3 Darklings","floor":39.0,"turns":5.0},{"damage":0.0,"enemies":"Spire Growth","floor":41.0,"turns":5.0},{"damage":22,"enemies":"Nemesis","floor":45,"turns":6},{"damage":0,"enemies":"Reptomancer","floor":47,"turns":7},{"damage":56,"enemies":"Time Eater","floor":50,"turns":8},{"damage":54,"enemies":"Shield and Spear","floor":54,"turns":6},{"damage":101,"enemies":"The Heart","floor":55,"turns":4}],"seed_played":"1063255187412347829","potions_obtained":[{"floor":6.0,"key":"SteroidPotion"},{"floor":7.0,"key":"ColorlessPotion"},{"floor":14.0,"key":"Dexterity Potion"},{"floor":22.0,"key":"Regen Potion"},{"floor":54,"key":"Strength Potion"}],"is_trial":false,"path_per_floor":["M","?","M","$","?","E","M","E","T","?","R","$","?","E","R","B",null,"M","$","?","$","M","E","M","R","T","R","M","R","$","M","R","B",null,"M","?","?","$","M","R","M","R","T","R","E","$","E","T","R","B",null,"R","$","E","B"],"character_chosen":"WATCHER","items_purchased":["PathToVictory","ColorlessPotion","War Paint","EmptyMind","PathToVictory","MentalFortress","PathToVictory"],"campfire_rested":0,"item_purchase_floors":[4,12,19,30,46,46,53],"current_hp_per_floor":[61,43,43,43,32,32,32,19,19,25,25,25,25,19,19,36,65,63,63,63,63,73,74,71,71,74,74,71,71,71,74,74,74,74,74,64,64,64,74,74,74,74,74,74,57,57,62,67,67,18,60,60,60,11,0,0],"gold":47,"neow_bonus":"THREE_ENEMY_KILL","is_daily":false,"chose_seed":false,"campfire_upgraded":10,"win_rate":0.0,"timestamp":1612721381,"path_taken":["M","?","M","$","?","E","?","E","T","?","R","$","?","E","R","BOSS","M","$","?","$","M","E","M","R","T","R","M","R","$","M","R","BOSS","M","?","?","$","M","R","?","R","T","R","E","$","E","?","R","BOSS","R","$","E","BOSS"],"items_purchased_type":["Card","Potion","Relic","Card","Card","Card","Card"],"build_version":"2020-12-22","purchased_purges":3,"victory":false,"max_hp_per_floor":[68,68,68,68,68,68,68,68,68,74,74,74,74,74,74,74,74,74,74,74,74,74,74,74,74,74,74,74,74,74,74,74,74,74,74,74,74,74,74,74,74,74,74,74,74,74,74,74,74,74,74,74,74,74,74,74],"relic_stats":{"Darkstone Periapt":6,"Regal Pillow":0,"Gremlin Horn":[11,11],"counters":[22,103],"Pen Nib":[0],"Whetstone":["Wallop","Strike_P"],"War Paint":["Defend_P","Vault"],"Boot":[0],"Busted Crown":18,"Pantograph":57,"Bloody Idol":59,"Art of War":[59],"obtain_stats":[{"Darkstone Periapt":9,"Regal Pillow":26,"NeowsBlessing":0,"Gremlin Horn":8,"Golden Idol":10,"Pen Nib":47,"Whetstone":54,"War Paint":19,"Boot":26,"Ancient Tea Set":45,"Akabeko":48,"Anchor":9,"Matryoshka":2,"Busted Crown":34,"Pantograph":6,"Bloody Idol":20,"HolyWater":17,"Art of War":14,"PureWater":0,"Toy Ornithopter":23},{"Darkstone Periapt":5,"Regal Pillow":11,"NeowsBlessing":0,"Gremlin Horn":5,"Golden Idol":5,"Pen Nib":19,"Whetstone":21,"War Paint":8,"Boot":11,"Ancient Tea Set":18,"Akabeko":19,"Anchor":5,"Matryoshka":1,"Busted Crown":14,"Pantograph":3,"Bloody Idol":8,"HolyWater":7,"Art of War":6,"PureWater":0,"Toy Ornithopter":10},{"Darkstone Periapt":11,"Regal Pillow":40,"NeowsBlessing":0,"Gremlin Horn":11,"Golden Idol":11,"Pen Nib":85,"Whetstone":99,"War Paint":25,"Boot":40,"Ancient Tea Set":78,"Akabeko":85,"Anchor":11,"Matryoshka":1,"Busted Crown":57,"Pantograph":4,"Bloody Idol":25,"HolyWater":21,"Art of War":14,"PureWater":0,"Toy Ornithopter":35}],"Toy Ornithopter":15},"card_choices":[{"not_picked":["FlyingSleeves","CrushJoints"],"picked":"EmptyBody","floor":1.0},{"not_picked":["CarveReality","WheelKick"],"picked":"Wallop","floor":3.0},{"not_picked":["Halt","Omniscience"],"picked":"PathToVictory","floor":6.0},{"not_picked":["CarveReality","ClearTheMind"],"picked":"ThirdEye","floor":7.0},{"not_picked":["SandsOfTime","Perseverance"],"picked":"PathToVictory","floor":8.0},{"not_picked":["Protect","Weave"],"picked":"Vault","floor":14.0},{"not_picked":["Omniscience","Devotion"],"picked":"Vault","floor":16.0},{"not_picked":["FlurryOfBlows","ForeignInfluence","ClearTheMind"],"picked":"SKIP","floor":18.0},{"not_picked":["SashWhip","ThirdEye"],"picked":"MentalFortress","floor":22.0},{"not_picked":["Meditate","Evaluate","Scrawl"],"picked":"SKIP","floor":23.0},{"not_picked":["Evaluate","Scrawl"],"picked":"Meditate","floor":23.0},{"not_picked":["ClearTheMind","ThirdEye"],"picked":"Protect+1","floor":24.0},{"not_picked":["SignatureMove"],"picked":"SKIP","floor":35.0},{"not_picked":["MentalFortress"],"picked":"SKIP","floor":39.0},{"not_picked":["Conclude"],"picked":"SKIP","floor":41.0},{"not_picked":["TalkToTheHand+1"],"picked":"SKIP","floor":45},{"not_picked":["ClearTheMind"],"picked":"SKIP","floor":47},{"not_picked":["SashWhip"],"picked":"SKIP","floor":54}],"player_experience":1416543,"relics_obtained":[{"floor":6.0,"key":"Pantograph"},{"floor":8.0,"key":"Gremlin Horn"},{"floor":9.0,"key":"Anchor"},{"floor":9.0,"key":"Darkstone Periapt"},{"floor":14.0,"key":"Art of War"},{"floor":23.0,"key":"Toy Ornithopter"},{"floor":26.0,"key":"Regal Pillow"},{"floor":26.0,"key":"Boot"},{"floor":45,"key":"Ancient Tea Set"},{"floor":47,"key":"Pen Nib"},{"floor":48,"key":"Akabeko"},{"floor":54,"key":"Whetstone"}],"event_choices":[{"damage_healed":0.0,"max_hp_gain":0.0,"max_hp_loss":0.0,"gold_gain":0.0,"event_name":"Scrap Ooze","player_choice":"Success","floor":2.0,"gold_loss":0.0,"damage_taken":18.0,"relics_obtained":["Matryoshka"]},{"damage_healed":0.0,"max_hp_gain":0.0,"max_hp_loss":0.0,"gold_gain":75.0,"event_name":"World of Goop","player_choice":"Gather Gold","floor":5.0,"gold_loss":0.0,"damage_taken":11.0},{"damage_healed":0.0,"max_hp_gain":0.0,"max_hp_loss":0.0,"gold_gain":0.0,"event_name":"Golden Idol","player_choice":"Take Wound","floor":10.0,"gold_loss":0.0,"damage_taken":0.0,"relics_obtained":["Golden Idol"],"cards_obtained":["Injury"]},{"cards_removed":["Strike_P"],"damage_healed":0.0,"max_hp_gain":0.0,"max_hp_loss":0.0,"gold_gain":0.0,"event_name":"Purifier","player_choice":"Purged","floor":13.0,"gold_loss":0.0,"damage_taken":0.0},{"damage_healed":0.0,"max_hp_gain":0.0,"max_hp_loss":0.0,"gold_gain":0.0,"event_name":"Forgotten Altar","player_choice":"Gave Idol","floor":20.0,"relics_lost":["Golden Idol"],"gold_loss":0.0,"damage_taken":0.0,"relics_obtained":["Bloody Idol"]},{"damage_healed":0.0,"max_hp_gain":0.0,"max_hp_loss":0.0,"gold_gain":0.0,"event_name":"SensoryStone","player_choice":"Memory 3","floor":36.0,"gold_loss":0.0,"damage_taken":10.0},{"damage_healed":0.0,"max_hp_gain":0.0,"max_hp_loss":0.0,"gold_gain":0.0,"event_name":"The Woman in Blue","player_choice":"Bought 1 Potion","floor":37.0,"gold_loss":0.0,"damage_taken":0.0}],"is_beta":false,"boss_relics":[{"not_picked":["Snecko Eye","Tiny House"],"picked":"HolyWater"},{"not_picked":["VioletLotus","SacredBark"],"picked":"Busted Crown"}],"items_purged_floors":[4,12,38],"is_endless":false,"potions_floor_spawned":[6,7,14,22,23,28,33,35,54],"killed_by":"The Heart","ascension_level":15}}