{"host":"hlz9nytggqnehs39","time":1613131235,"event":{"mods":["BaseMod","Highlight Path","Minty Spire (QoL Compilation)","Relic Stats"],"gold_per_floor":[112,123,143,68,68,103,1,1,47,47,62,78,111,131,131,209,209,222,250,250,250,18,47,64,64,64,64,81,30,40,60,60,136,136,154,173,193,193,206,216,216,230,230,151,373,17,42,42,42,42],"floor_reached":51,"language":"ENG","playtime":4133,"items_purged":["Normality","Strike_G","Strike_G"],"score":1101,"play_id":"949abf2c-c989-4fb2-a416-b24dd07c63e2","local_time":"20210212130035","is_ascension_mode":true,"campfire_choices":[{"data":"Well Laid Plans","floor":8,"key":"SMITH"},{"data":"Finisher","floor":10,"key":"SMITH"},{"data":"Cloak And Dagger","floor":15,"key":"SMITH"},{"data":"Adrenaline","floor":25,"key":"SMITH"},{"data":"Neutralize","floor":27,"key":"SMITH"},{"data":"Dash","floor":32,"key":"SMITH"},{"data":"Wraith Form v2","floor":41,"key":"SMITH"},{"data":"Noxious Fumes","floor":49,"key":"SMITH"}],"circlet_count":0,"master_deck":["AscendersBane","Defend_G","Defend_G","Defend_G","Defend_G","Survivor+1","Neutralize+1","Masterful Stab","Finisher+1","Well Laid Plans+1","Backstab","Cloak And Dagger+1","PiercingWail","Adrenaline+1","Unload+1","Tactician+1","Heel Hook+1","Acrobatics","Necronomicurse","Endless Agony","Corpse Explosion","Backflip","Dash+1","Blur","Leg Sweep","Wraith Form v2+1","Deflect+1","Finisher","Terror","Predator+1","Bouncing Flask+1","Noxious Fumes+1","Burst"],"relics":["Ring of the Snake","Turnip","War Paint","Smiling Mask","FossilizedHelix","Astrolabe","Red Mask","Necronomicon","Lee\u0027s Waffle","Torii","Boot","WristBlade","Ornamental Fan","Lizard Tail","Shovel"],"acts_visited":["Exordium","TheCity","TheBeyond"],"potions_floor_usage":[6,13,16,16,19,33,33,42,50,50],"damage_taken":[{"damage":0,"enemies":"Small Slimes","floor":1,"turns":5},{"damage":1,"enemies":"Jaw Worm","floor":2,"turns":4},{"damage":2,"enemies":"2 Louse","floor":3,"turns":3},{"damage":9,"enemies":"Lagavulin","floor":6,"turns":10},{"damage":0,"enemies":"Blue Slaver","floor":11,"turns":1},{"damage":7,"enemies":"Exordium Wildlife","floor":12,"turns":4},{"damage":7,"enemies":"3 Sentries","floor":13,"turns":8},{"damage":4,"enemies":"Lots of Slimes","floor":14,"turns":4},{"damage":33,"enemies":"Hexaghost","floor":16,"turns":11},{"damage":6,"enemies":"Shell Parasite","floor":18,"turns":4},{"damage":0,"enemies":"Masked Bandits","floor":19,"turns":4},{"damage":7,"enemies":"Slavers","floor":23,"turns":9},{"damage":0,"enemies":"Chosen","floor":24,"turns":5},{"damage":1,"enemies":"Shelled Parasite and Fungi","floor":28,"turns":5},{"damage":0,"enemies":"3 Cultists","floor":30,"turns":2},{"damage":0,"enemies":"Snake Plant","floor":31,"turns":3},{"damage":3,"enemies":"Automaton","floor":33,"turns":14},{"damage":0,"enemies":"3 Shapes","floor":35,"turns":3},{"damage":0,"enemies":"Orb Walker","floor":36,"turns":3},{"damage":8,"enemies":"Sphere and 2 Shapes","floor":37,"turns":12},{"damage":0,"enemies":"4 Shapes","floor":39,"turns":4},{"damage":0,"enemies":"3 Darklings","floor":40,"turns":3},{"damage":0,"enemies":"Sphere and 2 Shapes","floor":42,"turns":4},{"damage":0,"enemies":"Mind Bloom Boss Battle","floor":47,"turns":5},{"damage":98,"enemies":"Time Eater","floor":50,"turns":16}],"seed_played":"4320869649761212884","potions_obtained":[{"floor":1,"key":"Weak Potion"},{"floor":3,"key":"Regen Potion"},{"floor":13,"key":"CunningPotion"},{"floor":14,"key":"Strength Potion"},{"floor":18,"key":"ColorlessPotion"},{"floor":28,"key":"GamblersBrew"},{"floor":33,"key":"DistilledChaos"},{"floor":35,"key":"GamblersBrew"},{"floor":42,"key":"SkillPotion"}],"is_trial":false,"path_per_floor":["M","M","M","$","?","E","$","R","T","R","M","M","E","M","R","B",null,"M","?","?","?","$","E","M","R","T","R","M","$","M","M","R","B",null,"M","M","M","?","M","M","R","M","T","$","?","$","?","?","R","B",null],"character_chosen":"THE_SILENT","items_purchased":["Cloak And Dagger","Block Potion","Lee\u0027s Waffle","Endless Agony","Dexterity Potion","Noxious Fumes","Lizard Tail"],"campfire_rested":0,"item_purchase_floors":[7,7,22,22,29,44,46],"current_hp_per_floor":[59,58,56,56,61,52,52,52,52,52,52,45,53,49,49,16,57,51,51,31,10,83,76,76,76,76,76,75,75,75,75,75,72,80,80,80,72,72,72,72,72,72,72,72,72,72,72,72,72,28],"gold":42,"neow_bonus":"ONE_RARE_RELIC","is_daily":false,"chose_seed":false,"campfire_upgraded":8,"win_rate":0.0,"timestamp":1613131235,"path_taken":["M","M","M","$","?","E","$","R","T","R","M","M","E","M","R","BOSS","M","?","?","?","$","E","M","R","T","R","M","$","?","M","R","BOSS","M","M","M","?","M","?","R","M","T","$","?","$","?","?","R","BOSS"],"items_purchased_type":["Card","Potion","Relic","Card","Potion","Card","Relic"],"build_version":"2020-12-22","purchased_purges":3,"victory":true,"max_hp_per_floor":[66,66,66,66,71,71,71,71,71,71,71,71,71,71,71,71,71,71,71,76,76,83,83,83,83,83,83,83,83,83,83,83,83,83,83,83,83,83,83,83,83,83,83,83,83,83,83,83,83,83],"relic_stats":{"Lee\u0027s Waffle":73,"Torii":13,"counters":[25,146],"Astrolabe":["Unload","Tactician","Heel Hook"],"War Paint":["Defend_G","Survivor"],"Smiling Mask":125,"Boot":[30],"Lizard Tail":41,"Shovel":0,"Ornamental Fan":[36],"Turnip":[20],"Necronomicon":[22],"obtain_stats":[{"Lee\u0027s Waffle":22,"Torii":23,"Astrolabe":17,"War Paint":6,"Smiling Mask":9,"Boot":26,"Lizard Tail":46,"Shovel":47,"WristBlade":34,"Ornamental Fan":43,"Turnip":0,"Red Mask":19,"Necronomicon":21,"FossilizedHelix":13,"Ring of the Snake":0},{"Lee\u0027s Waffle":11,"Torii":12,"Astrolabe":9,"War Paint":4,"Smiling Mask":4,"Boot":13,"Lizard Tail":23,"Shovel":24,"WristBlade":17,"Ornamental Fan":23,"Turnip":0,"Red Mask":11,"Necronomicon":11,"FossilizedHelix":7,"Ring of the Snake":0},{"Lee\u0027s Waffle":58,"Torii":67,"Astrolabe":50,"War Paint":22,"Smiling Mask":22,"Boot":72,"Lizard Tail":125,"Shovel":130,"WristBlade":96,"Ornamental Fan":125,"Turnip":0,"Red Mask":58,"Necronomicon":58,"FossilizedHelix":35,"Ring of the Snake":0}],"Ring of the Snake":[50]},"card_choices":[{"not_picked":["Eviscerate","Acrobatics"],"picked":"Masterful Stab","floor":1},{"not_picked":["Prepared","Escape Plan"],"picked":"Finisher","floor":2},{"not_picked":["Underhanded Strike","Tactician"],"picked":"Well Laid Plans","floor":3},{"not_picked":["Setup","Skewer"],"picked":"Backstab","floor":6},{"not_picked":["Slice","Prepared"],"picked":"PiercingWail","floor":11},{"not_picked":["Deflect","Envenom","Deadly Poison"],"picked":"SKIP","floor":12},{"not_picked":["Bouncing Flask","Sucker Punch","Crippling Poison"],"picked":"SKIP","floor":13},{"not_picked":["Slice","Flying Knee","Noxious Fumes"],"picked":"SKIP","floor":14},{"not_picked":["Doppelganger","Wraith Form v2"],"picked":"Adrenaline","floor":16},{"not_picked":["Dagger Throw","Backstab","Slice"],"picked":"SKIP","floor":18},{"not_picked":["Setup","Backstab"],"picked":"Acrobatics","floor":19},{"not_picked":["Bane","Blur"],"picked":"Corpse Explosion","floor":23},{"not_picked":["Slice","Underhanded Strike"],"picked":"Backflip","floor":24},{"not_picked":["Dagger Spray","Sucker Punch"],"picked":"Dash","floor":28},{"not_picked":["Dagger Throw","Poisoned Stab"],"picked":"Blur","floor":30},{"not_picked":["Underhanded Strike","Sucker Punch"],"picked":"Leg Sweep","floor":31},{"not_picked":["Die Die Die","Doppelganger"],"picked":"Wraith Form v2","floor":33},{"not_picked":["Bane","Slice+1"],"picked":"Deflect+1","floor":35},{"not_picked":["Dagger Throw","Outmaneuver"],"picked":"Finisher","floor":36},{"not_picked":["PiercingWail","Dagger Spray"],"picked":"Terror","floor":37},{"not_picked":["Choke","Prepared","Quick Slash"],"picked":"SKIP","floor":39},{"not_picked":["Deflect","Riddle With Holes"],"picked":"Predator+1","floor":40},{"not_picked":["Predator+1","Eviscerate"],"picked":"Bouncing Flask+1","floor":42},{"not_picked":["Bouncing Flask","PiercingWail+1"],"picked":"Burst","floor":47}],"player_experience":438137,"relics_obtained":[{"floor":6,"key":"War Paint"},{"floor":9,"key":"Smiling Mask"},{"floor":13,"key":"FossilizedHelix"},{"floor":19,"key":"Red Mask"},{"floor":21,"key":"Necronomicon"},{"floor":23,"key":"Torii"},{"floor":26,"key":"Boot"},{"floor":43,"key":"Ornamental Fan"},{"floor":47,"key":"Shovel"}],"event_choices":[{"damage_healed":0,"gold_gain":0,"player_choice":"Donut","damage_taken":0,"max_hp_gain":5,"max_hp_loss":0,"event_name":"Big Fish","floor":5,"gold_loss":0},{"damage_healed":0,"gold_gain":0,"player_choice":"Fought Bandits","damage_taken":0,"max_hp_gain":0,"max_hp_loss":0,"event_name":"Masked Bandits","floor":19,"gold_loss":0},{"damage_healed":0,"gold_gain":0,"player_choice":"Shed Blood","damage_taken":25,"max_hp_gain":5,"max_hp_loss":0,"event_name":"Forgotten Altar","floor":20,"gold_loss":0},{"damage_healed":0,"gold_gain":0,"player_choice":"Obtained Book","damage_taken":21,"max_hp_gain":0,"max_hp_loss":0,"event_name":"Cursed Tome","floor":21,"gold_loss":0},{"damage_healed":0,"gold_gain":0,"player_choice":"Got Potions","damage_taken":0,"max_hp_gain":0,"max_hp_loss":0,"event_name":"Lab","floor":38,"gold_loss":0},{"damage_healed":0,"gold_gain":222,"player_choice":"Wore Mask","damage_taken":0,"max_hp_gain":0,"max_hp_loss":0,"event_name":"Tomb of Lord Red Mask","floor":45,"gold_loss":0},{"damage_healed":0,"gold_gain":0,"player_choice":"Fight","damage_taken":0,"max_hp_gain":0,"max_hp_loss":0,"event_name":"MindBloom","floor":47,"gold_loss":0},{"cards_removed":["Defend_G"],"damage_healed":0,"gold_gain":0,"player_choice":"Removed Skill","damage_taken":0,"max_hp_gain":0,"max_hp_loss":0,"event_name":"Falling","floor":48,"gold_loss":0}],"is_beta":false,"boss_relics":[{"not_picked":["Philosopher\u0027s Stone","Ectoplasm"],"picked":"Astrolabe"},{"not_picked":["Black Star","Runic Pyramid"],"picked":"WristBlade"}],"items_purged_floors":[4,22,46],"is_endless":false,"potions_floor_spawned":[1,3,12,13,14,18,28,31,33,35,42,47],"ascension_level":15}}