{"host":"1izdfj84a6wseks8","time":1613133631,"event":{"mods":["2.2 Compatiblity","ATMod(阿瑾Mod)","AchievementEnabler","Act Like it!","Arknights","BaseMod","Better Vampires","Challenge The Spire","Colored Map","Colored Powertips","Curses Come First","Energized Spire","Gensokyo","Good Game Mod","Highlight Path","KinomotoSakuraMod(木之本樱)","Koishi","KomeijiMod","LagranYue(拉格朗・月)","Lobotomy","LobotomyExtend","Luminous","Marisa（F雨　魔理沙）","Minty Spire (QoL Compilation)","Potion Indicator Mod","Rare Cards Sparkle","Reimu（博丽灵梦）","Relic Filter Mod","Relic Stats","Reliquary","Remilia（蕾米莉亚）","Shop Mod","Slay the Relics Exporter","StSLib","TestMod","The Administrix","The Alterego","The Animator","The Bug Knight","The Servant 0.9.4","Waifu the Spire","WarShipGirlsR/战舰少女R mod","Warlord Emblem","Yakumo Yukari mod","Youmu（魂魄妖梦）","Yuyuko","【功能Mod】混沌之环修复补丁","篝火指南"],"gold_per_floor":[127,127,4,4,31,66,80,98,152,180,205,45,45,2,2,105,105,105,105,31,83,101,336,336,336],"floor_reached":24,"language":"ZHS","playtime":3284,"items_purged":[],"score":272,"play_id":"63dbfa00-3ac4-48e2-8cd4-11459b7dae92","local_time":"20210212204031","is_ascension_mode":false,"campfire_choices":[{"floor":13,"key":"RECALL"},{"data":"animator:Kaijin","floor":15,"key":"SMITH"}],"circlet_count":0,"master_deck":["animator:Strike_NoGameNoLife","animator:Defend_NoGameNoLife","animator:Strike+1","animator:Strike","animator:Strike","animator:Defend","animator:Defend","animator:Defend","animator:DolaSchwi+1","animator:DolaCouronne","AT_FamilyPortrait","Dazed","animator:QuestionMark","Dazed","WarlordEmblem:HeartOfDeath","animator:Entoma+3","animator:Kaijin+1","animator:Aqua","animator:Benimaru","animator:Gillette","animator:IzunaHatsuse+1","animator:Guy+1","Dazed","HandOfGreed","animator:Shizu","animator:ChaikaBohdan","animator:Shion","animator:Millim"],"relics":["animator:LivingPicture","animator:TheMissingPiece","AT_ATBox","testmod-TestBox","LagranYue:RandomDrawCardRelic","testmod-TurbochargingSystem","LetterFromLob","Juzu Bracelet","Thread and Needle","animator:ShionDessert","Nilry\u0027s Codex","LagranYue:ContractPerformanceRelic","Moonlight_r","REME:ComplimentaryCards","AT_SunfireAegis","WarlordEmblem:SmileMask"],"acts_visited":["Gensokyo:Gensokyo","Gensokyo:Gensokyoer"],"potions_floor_usage":[16],"damage_taken":[{"damage":0,"enemies":"Gensokyo:3_Fairies","floor":1,"turns":3},{"damage":27,"enemies":"Gensokyo:Cirno","floor":6,"turns":7},{"damage":1,"enemies":"Gensokyo:2_Kodama","floor":7,"turns":6},{"damage":2,"enemies":"Gensokyo:Python","floor":8,"turns":4},{"damage":0,"enemies":"Gensokyo:Kitsune","floor":10,"turns":3},{"damage":4,"enemies":"Gensokyo:Mamizou","floor":11,"turns":9},{"damage":0,"enemies":"Gensokyo:Reimu","floor":16,"turns":8},{"damage":4,"enemies":"Gensokyo:AngelMirror","floor":21,"turns":3},{"damage":18,"enemies":"Gensokyo:CosmicMonolith","floor":22,"turns":4},{"damage":2,"enemies":"Gensokyo:Koishi","floor":23,"turns":4},{"damage":33,"enemies":"Gensokyo:Wraith","floor":24,"turns":2}],"seed_played":"-4027361984425317725","potions_obtained":[{"floor":6,"key":"DistilledChaos"},{"floor":11,"key":"SteroidPotion"},{"floor":16,"key":"DuplicationPotion"},{"floor":22,"key":"LiquidBronze"}],"is_trial":false,"path_per_floor":["M","?","$","?","T","E","M","M","T","M","E","?","R","COS","R","B",null,"M","?","COS","M","M","E","M"],"character_chosen":"THE_ANIMATOR","items_purchased":["animator:Entoma","animator:Kaijin"],"campfire_rested":0,"item_purchase_floors":[3,3],"current_hp_per_floor":[66,66,66,66,66,41,44,45,45,49,47,47,47,47,47,49,73,42,42,42,40,24,22,0,0],"gold":336,"neow_bonus":"RANDOM_COLORLESS","is_daily":false,"chose_seed":false,"campfire_upgraded":1,"win_rate":0.0,"timestamp":1613133631,"path_taken":["M","?","?","?","?","E","M","M","T","M","E","?","R","COS","R","BOSS","M","?","COS","M","M","E","M"],"items_purchased_type":["Card","Card"],"build_version":"2020-12-22","purchased_purges":0,"victory":false,"max_hp_per_floor":[66,66,66,66,66,68,70,71,71,73,73,73,73,73,73,73,73,73,73,73,73,73,73,73,73],"relic_stats":{"counters":[11,52],"Juzu Bracelet":1,"obtain_stats":[{"animator:ShionDessert":11,"AT_ATBox":0,"testmod-TestBox":0,"LagranYue:RandomDrawCardRelic":0,"Nilry\u0027s Codex":12,"animator:TheMissingPiece":0,"Thread and Needle":6,"Juzu Bracelet":5,"testmod-TurbochargingSystem":0,"WarlordEmblem:SmileMask":24,"Moonlight_r":18,"Frozen Eye":23,"REME:ComplimentaryCards":0,"LagranYue:ContractPerformanceRelic":17,"animator:LivingPicture":0,"LetterFromLob":1,"AT_SunfireAegis":23},{"animator:ShionDessert":6,"AT_ATBox":0,"testmod-TestBox":0,"LagranYue:RandomDrawCardRelic":0,"Nilry\u0027s Codex":6,"animator:TheMissingPiece":0,"Thread and Needle":2,"Juzu Bracelet":1,"testmod-TurbochargingSystem":0,"WarlordEmblem:SmileMask":11,"Moonlight_r":7,"Frozen Eye":9,"REME:ComplimentaryCards":0,"LagranYue:ContractPerformanceRelic":7,"animator:LivingPicture":0,"LetterFromLob":1,"AT_SunfireAegis":10},{"animator:ShionDessert":32,"AT_ATBox":0,"testmod-TestBox":0,"LagranYue:RandomDrawCardRelic":0,"Nilry\u0027s Codex":32,"animator:TheMissingPiece":0,"Thread and Needle":10,"Juzu Bracelet":3,"testmod-TurbochargingSystem":0,"WarlordEmblem:SmileMask":51,"Moonlight_r":40,"Frozen Eye":47,"REME:ComplimentaryCards":0,"LagranYue:ContractPerformanceRelic":40,"animator:LivingPicture":0,"LetterFromLob":3,"AT_SunfireAegis":50}]},"card_choices":[{"not_picked":["animator:Urushihara","animator:LimeBell"],"picked":"animator:QuestionMark","floor":0},{"not_picked":["animator:Benimaru","animator:DolaCouronne"],"picked":"animator:Guy","floor":1},{"not_picked":["animator:Shuna","animator:AcuraAkari"],"picked":"animator:Aqua","floor":6},{"not_picked":["animator:ElricAlphonse","animator:MamiTomoe"],"picked":"animator:Benimaru","floor":7},{"not_picked":["animator:AcuraTooru","animator:Fredrika"],"picked":"animator:Gillette","floor":8},{"not_picked":["animator:Gluttony","animator:DolaSchwi"],"picked":"animator:IzunaHatsuse","floor":10},{"not_picked":["animator:ChaikaTrabant","animator:Shion"],"picked":"animator:Guy","floor":11},{"not_picked":["animator:HomuraAkemi","animator:Ainz"],"picked":"animator:Wiz","floor":16},{"not_picked":["animator:ChaikaTrabant","animator:HomuraAkemi"],"picked":"animator:Shizu","floor":21},{"not_picked":["animator:Fredrika+1","animator:ElricEdward"],"picked":"animator:ChaikaBohdan","floor":21},{"not_picked":["animator:Kaijin","animator:Souei"],"picked":"animator:Shion","floor":22},{"not_picked":["animator:ChlammyZell","animator:FielNirvalen"],"picked":"animator:Millim","floor":23}],"player_experience":85888,"relics_obtained":[{"floor":1,"key":"LetterFromLob"},{"floor":5,"key":"Juzu Bracelet"},{"floor":6,"key":"Thread and Needle"},{"floor":11,"key":"animator:ShionDessert"},{"floor":23,"key":"AT_SunfireAegis"}],"event_choices":[{"damage_healed":0,"gold_gain":0,"player_choice":"Swap Relic","damage_taken":0,"relics_obtained":["REME:ComplimentaryCards"],"max_hp_gain":0,"max_hp_loss":0,"event_name":"给自己的盒子","floor":2,"relics_lost":["REME:ComplimentaryCards"],"gold_loss":0},{"damage_healed":0,"gold_gain":0,"player_choice":"Swap Relic","damage_taken":0,"relics_obtained":["REME:ComplimentaryCards"],"max_hp_gain":0,"max_hp_loss":0,"event_name":"给自己的盒子","floor":19,"relics_lost":["REME:ComplimentaryCards"],"gold_loss":0}],"is_beta":false,"boss_relics":[{"not_picked":["Busted Crown","reliquary:KinkedSpring"],"picked":"LagranYue:ContractPerformanceRelic"}],"items_purged_floors":[],"is_endless":false,"potions_floor_spawned":[6,11,16,22],"killed_by":"Gensokyo:Wraith","ascension_level":0}}