{"host":"ujyomg7d1f18u2we","time":1613095361,"event":{"mods":["AchievementEnabler","AlwaysNeverKeys","Aspiration","BaseMod","Colored Map","DeckTracker","Gremlin Skip","Highlight Path","Hubris","Minty Spire (QoL Compilation)","Quick Restart","Random Character Button","StSLib"],"gold_per_floor":[110,124,124,135,135,170,185,185,234,309,327,327,327,351,351,482,482,506,556,182,281,281,281,324,312,312,335,335,371,49,65,65,65,65],"floor_reached":33,"language":"ENG","playtime":930,"items_purged":["Injury"],"score":285,"play_id":"5f809576-a436-4a92-82e6-14ca1dc0a293","local_time":"20210211230241","is_ascension_mode":false,"campfire_choices":[{"floor":8,"key":"REST"},{"floor":13,"key":"REST"},{"data":"Blade Dance","floor":15,"key":"SMITH"},{"floor":23,"key":"REST"},{"floor":28,"key":"REST"},{"floor":32,"key":"REST"}],"circlet_count":0,"master_deck":["Strike_G","Strike_G","Strike_G","Strike_G","Defend_G","Defend_G","Defend_G","Defend_G","Defend_G","Survivor","Neutralize+1","Blade Dance+1","Finisher","Burst","Backstab+1","Panache"],"relics":["Ring of the Snake","aspiration:Nostalgia","Burning Blood","Anchor","Golden Idol","Fusion Hammer","Medical Kit","Potion Belt","Art of War","aspiration:HummingbirdHeart","Molten Egg 2","Lee\u0027s Waffle"],"acts_visited":["Exordium","TheCity"],"potions_floor_usage":[7,16,16,16,24,33],"damage_taken":[{"damage":0,"enemies":"2 Louse","floor":1,"turns":4},{"damage":2,"enemies":"Jaw Worm","floor":2,"turns":4},{"damage":0,"enemies":"Small Slimes","floor":4,"turns":4},{"damage":43,"enemies":"Gremlin Nob","floor":6,"turns":6},{"damage":11,"enemies":"Exordium Thugs","floor":7,"turns":6},{"damage":0,"enemies":"Looter","floor":11,"turns":2},{"damage":2,"enemies":"Blue Slaver","floor":14,"turns":2},{"damage":24,"enemies":"The Guardian","floor":16,"turns":16},{"damage":9,"enemies":"Shell Parasite","floor":18,"turns":7},{"damage":21,"enemies":"Slavers","floor":24,"turns":7},{"damage":7,"enemies":"2 Thieves","floor":25,"turns":4},{"damage":0,"enemies":"Snecko","floor":27,"turns":5},{"damage":36,"enemies":"Book of Stabbing","floor":29,"turns":9},{"damage":45,"enemies":"Cultist and Chosen","floor":31,"turns":10},{"damage":54,"enemies":"hubris:MusketHawk","floor":33,"turns":9}],"seed_played":"-4687563962870835306","potions_obtained":[{"floor":1,"key":"EssenceOfSteel"},{"floor":6,"key":"AttackPotion"},{"floor":11,"key":"DistilledChaos"},{"floor":14,"key":"EssenceOfSteel"},{"floor":16,"key":"FearPotion"},{"floor":31,"key":"DuplicationPotion"}],"is_trial":false,"path_per_floor":["M","M","?","M","$","E","M","R","T","?","M","?","R","M","R","B",null,"M","?","$","?","?","R","E","M","T","M","R","E","$","M","R","B"],"character_chosen":"THE_SILENT","items_purchased":["Medical Kit","Potion Belt","Lee\u0027s Waffle","Panache"],"campfire_rested":5,"item_purchase_floors":[20,20,30,30],"current_hp_per_floor":[70,70,70,70,70,33,28,49,49,38,44,44,65,69,69,51,70,67,67,67,67,67,70,55,54,54,60,70,40,77,38,61,7,7],"gold":65,"neow_bonus":"NOSTALGIA","is_daily":false,"chose_seed":false,"campfire_upgraded":1,"win_rate":0.0,"timestamp":1613095361,"path_taken":["M","M","?","M","$","E","M","R","T","?","M","?","R","?","R","BOSS","M","?","?","?","?","R","E","?","T","M","R","E","$","M","R","BOSS"],"items_purchased_type":["Relic","Relic","Relic","Card"],"build_version":"2020-12-22","purchased_purges":1,"victory":false,"max_hp_per_floor":[70,70,70,70,70,70,70,70,70,70,70,70,70,70,70,70,70,70,70,70,70,70,70,70,70,70,70,70,70,77,77,77,77,77],"card_choices":[{"not_picked":["PiercingWail","Heel Hook"],"picked":"Blade Dance","floor":1},{"not_picked":["Bane","Bouncing Flask","Deadly Poison"],"picked":"SKIP","floor":2},{"not_picked":["Dagger Throw","Skewer","All Out Attack"],"picked":"SKIP","floor":4},{"not_picked":["Burst","Terror"],"picked":"Finisher","floor":6},{"not_picked":["Endless Agony","Quick Slash","Dagger Spray"],"picked":"SKIP","floor":7},{"not_picked":["Dagger Spray","Acrobatics","Dodge and Roll"],"picked":"SKIP","floor":11},{"not_picked":["Underhanded Strike","Adrenaline","Prepared"],"picked":"SKIP","floor":14},{"not_picked":["Corpse Explosion","Bullet Time"],"picked":"Burst","floor":16},{"not_picked":["Calculated Gamble","hubris:TrickCloak","Poisoned Stab+1"],"picked":"SKIP","floor":18},{"not_picked":["Bouncing Flask","Poisoned Stab","Dagger Spray"],"picked":"SKIP","floor":24},{"not_picked":["Dagger Throw","Backflip","Masterful Stab+1"],"picked":"SKIP","floor":25},{"not_picked":["Quick Slash","Sucker Punch","Underhanded Strike"],"picked":"SKIP","floor":27},{"not_picked":["Riddle With Holes+1","Expertise"],"picked":"Backstab+1","floor":29},{"not_picked":["Sucker Punch+1","Adrenaline","Underhanded Strike+1"],"picked":"SKIP","floor":31}],"player_experience":1578725,"relics_obtained":[{"floor":9,"key":"Anchor"},{"floor":24,"key":"Art of War"},{"floor":26,"key":"aspiration:HummingbirdHeart"},{"floor":29,"key":"Molten Egg 2"}],"event_choices":[{"damage_healed":0,"gold_gain":0,"player_choice":"Grow","damage_taken":0,"max_hp_gain":0,"max_hp_loss":0,"event_name":"Living Wall","floor":3,"gold_loss":0,"cards_upgraded":["Neutralize"]},{"damage_healed":0,"gold_gain":75,"player_choice":"Gather Gold","damage_taken":11,"max_hp_gain":0,"max_hp_loss":0,"event_name":"World of Goop","floor":10,"gold_loss":0},{"damage_healed":0,"gold_gain":0,"player_choice":"Take Wound","damage_taken":0,"relics_obtained":["Golden Idol"],"max_hp_gain":0,"max_hp_loss":0,"event_name":"Golden Idol","floor":12,"gold_loss":0,"cards_obtained":["Injury"]},{"damage_healed":0,"gold_gain":100,"player_choice":"Bet on Murderer","damage_taken":0,"max_hp_gain":0,"max_hp_loss":0,"event_name":"The Joust","floor":19,"gold_loss":50},{"damage_healed":0,"gold_gain":99,"player_choice":"Stole From Cult","damage_taken":0,"max_hp_gain":0,"max_hp_loss":0,"event_name":"Nest","floor":21,"gold_loss":0},{"cards_removed":["Strike_G"],"damage_healed":0,"gold_gain":0,"player_choice":"Purged","damage_taken":0,"max_hp_gain":0,"max_hp_loss":0,"event_name":"Purifier","floor":22,"gold_loss":0}],"is_beta":false,"boss_relics":[{"not_picked":["Snecko Eye","aspiration:FutureDiary"],"picked":"Fusion Hammer"}],"items_purged_floors":[20],"is_endless":false,"potions_floor_spawned":[1,6,11,14,16,31],"killed_by":"hubris:MusketHawk","ascension_level":0}}