{"host":"vyiqbz5w606ur92t","time":1613095677,"event":{"mods":["BaseMod","Downfall","Minty Spire (QoL Compilation)","StSLib"],"gold_per_floor":[99,117,130,130,149,149,198,98,114,139,158,158,178,15,32,136,136,136,151,169,188,188,188,188,188,188,188],"floor_reached":25,"language":"ENG","playtime":1838,"items_purged":[],"score":274,"play_id":"c70cb3ad-3fa6-4852-a475-e4229eae387d","local_time":"20210212020757","is_ascension_mode":true,"campfire_choices":[{"floor":1,"key":"RECALL"},{"data":"Apotheosis","floor":8,"key":"SMITH"},{"floor":12,"key":"REST"},{"data":"bronze:HardenedForm","floor":18,"key":"SMITH"},{"data":"bronze:Goto","floor":23,"key":"SMITH"}],"circlet_count":0,"master_deck":["bronze:Strike","bronze:Strike","bronze:Strike","bronze:Defend","bronze:Defend","bronze:Defend","bronze:Defend","bronze:Replicate","bronze:Goto+1","Apotheosis+1","bronze:BugBarrage","bronze:BitShift","bronze:DazingPulse","bronze:ForLoop","bronze:Goto","Trip","bronze:FineTuning","bronze:GetLatest","bronze:FindAndReplace","bronze:FineTuning","bronze:GetLatest","bronze:Shield","bronze:HardenedForm+1","bronze:Terminator","bronze:OilSpill","bronze:OilSpill"],"relics":["bronze:BronzeCore","bronze:BronzeIdol","downfall:HeartBlessingRed","Pantograph","Odd Mushroom","Chemical X","Coffee Dripper","Letter Opener"],"acts_visited":["Exordium","TheCity"],"potions_floor_usage":[14,16,19],"damage_taken":[{"damage":12,"enemies":"2 Louse","floor":2,"turns":3},{"damage":6,"enemies":"Small Slimes","floor":3,"turns":4},{"damage":0,"enemies":"Small Slimes","floor":4,"turns":3},{"damage":0,"enemies":"Cultist","floor":5,"turns":3},{"damage":9,"enemies":"Large Slime","floor":9,"turns":4},{"damage":17,"enemies":"3 Sentries","floor":10,"turns":5},{"damage":6,"enemies":"3 Louse","floor":11,"turns":2},{"damage":0,"enemies":"The Mushroom Lair","floor":13,"turns":2},{"damage":0,"enemies":"downfall:FleeingMerchant","floor":14,"turns":4},{"damage":13,"enemies":"Blue Slaver","floor":15,"turns":2},{"damage":5,"enemies":"SI_SHIV_ARCHETYPE","floor":16,"turns":6},{"damage":12,"enemies":"3 Byrds","floor":19,"turns":4},{"damage":20,"enemies":"Shell Parasite","floor":20,"turns":5},{"damage":0,"enemies":"Centurion and Healer","floor":21,"turns":3},{"damage":32,"enemies":"Cultist and Chosen","floor":25,"turns":6}],"seed_played":"7366093530686464082","potions_obtained":[{"floor":4,"key":"hexamod:SoulburnPotion"},{"floor":9,"key":"bronze:FreeFunctionsPotion"},{"floor":11,"key":"Block Potion"},{"floor":15,"key":"bronze:FreeFunctionsPotion"},{"floor":16,"key":"PowerPotion"},{"floor":21,"key":"hexamod:SoulburnPotion"}],"is_trial":false,"path_per_floor":["R","M","M","?","M","?","T","R","M","E","M","R","?","$","M","B",null,"R","M","M","M","?","R","T","M"],"character_chosen":"THE_AUTOMATON","items_purchased":["Chemical X"],"campfire_rested":1,"item_purchase_floors":[14],"current_hp_per_floor":[63,51,45,45,45,45,45,45,36,19,13,31,31,31,18,38,57,57,45,25,25,25,25,25,0,0,0],"gold":188,"neow_bonus":"RANDOM_COLORLESS_2","is_daily":false,"chose_seed":false,"campfire_upgraded":3,"win_rate":0.0,"timestamp":1613095677,"path_taken":["R","M","M","?","M","?","T","R","?","E","M","R","?","$","M","BOSS","R","M","M","M","?","R","T","M"],"items_purchased_type":["Relic"],"build_version":"2020-12-22","purchased_purges":0,"victory":false,"max_hp_per_floor":[63,63,63,63,63,63,63,63,63,63,63,63,63,63,63,63,63,63,63,63,63,63,63,63,63,63,63],"card_choices":[{"not_picked":["Mayhem","Transmutation"],"picked":"Apotheosis","floor":0},{"not_picked":["bronze:OilSpill","bronze:WildBeam"],"picked":"bronze:BugBarrage","floor":2},{"not_picked":["bronze:Turbo","bronze:WhirlingStrike"],"picked":"bronze:BitShift","floor":3},{"not_picked":[],"picked":"bronze:DazingPulse","floor":4},{"not_picked":["bronze:DarkDash","bronze:Turbo"],"picked":"bronze:ForLoop","floor":4},{"not_picked":["bronze:Boost","bronze:WhirlingStrike","bronze:Frontload"],"picked":"SKIP","floor":5},{"not_picked":["bronze:Philosophize","bronze:Frontload"],"picked":"bronze:FineTuning","floor":9},{"not_picked":["bronze:WhirlingStrike","bronze:Overheat"],"picked":"bronze:GetLatest","floor":10},{"not_picked":["bronze:Safeguard","bronze:BitShift"],"picked":"bronze:FindAndReplace","floor":11},{"not_picked":["bronze:ClassDefault","bronze:Overheat"],"picked":"bronze:FineTuning","floor":13},{"not_picked":["bronze:DarkDash","bronze:NullPointer"],"picked":"bronze:GetLatest","floor":14},{"not_picked":["bronze:ChildClass","bronze:Fortify"],"picked":"bronze:Shield","floor":15},{"not_picked":["bronze:Virus","bronze:ThunderWave"],"picked":"bronze:HardenedForm","floor":16},{"not_picked":["bronze:Deprecate+1","bronze:FineTuning+1"],"picked":"bronze:Terminator","floor":19},{"not_picked":["bronze:Turbo","bronze:Separator+1"],"picked":"bronze:OilSpill","floor":20},{"not_picked":["bronze:DarkDash","bronze:Branch","bronze:DelayedSlice"],"picked":"SKIP","floor":21}],"player_experience":1750972,"relics_obtained":[{"floor":7,"key":"bronze:BronzeIdol"},{"floor":10,"key":"Pantograph"},{"floor":13,"key":"Odd Mushroom"},{"floor":24,"key":"Letter Opener"}],"event_choices":[{"damage_healed":0,"gold_gain":0,"player_choice":"Fought Mushrooms","damage_taken":0,"max_hp_gain":0,"max_hp_loss":0,"event_name":"Mushrooms","floor":13,"gold_loss":0}],"is_beta":false,"boss_relics":[{"not_picked":["Philosopher\u0027s Stone","Black Star"],"picked":"Coffee Dripper"}],"items_purged_floors":[],"is_endless":false,"potions_floor_spawned":[4,9,11,15,16,21],"killed_by":"Cultist and Chosen","ascension_level":7}}