{"host":"vflj39ie5n27t074","time":1613097913,"event":{"mods":["BaseMod","BetterRewards","Bossed Relics","Colored Map","Colored Powertips","Downfall","Hubris","Infinite Spire","Marisa????????","Minty Spire (QoL Compilation)","Replay The Spire","SIMod","StSLib","The Bug Knight","The Jungle","The Mystic","The Servant 0.9.4"],"gold_per_floor":[117,117,117,128,6,6,22,22,22,39,39,39,57,71,71,174,174,185,200,200,214,414,442,454,454,454,470,324,402,402,402,402,500,500,515,515,515,515,533,533,533,533],"floor_reached":41,"language":"ENG","playtime":2484,"items_purged":["Normality"],"score":476,"play_id":"8a3e1c3e-217e-45fc-b5b0-39bd86c852b5","local_time":"20210211204513","is_ascension_mode":false,"campfire_choices":[{"data":"BehindTheScene","floor":6.0,"key":"SMITH"},{"data":"MirrorLake","floor":8.0,"key":"SMITH"},{"data":"PinkiePromise","floor":12.0,"key":"SMITH"},{"data":"Anxiousness","floor":15.0,"key":"SMITH"},{"floor":25.0,"key":"REST"},{"data":"infinitespire:Collect","floor":32.0,"key":"SMITH"},{"floor":40,"key":"REST"}],"circlet_count":0,"master_deck":["Strike_AJ","Strike_TS","Strike_RR","Strike_RD","Defend_TS","Defend_PP","Defend_FS","Defend_AJ","ConcertedEfforts+1","HarmonyShield","BehindTheScene+1","ISayNo","MirrorLake+1","PinkiePromise+1","FollowTherRainbow","Anxiousness+1","Overwhelming","TakeTheLead","CheerUp","Smile+1","SwiftKick","Celebrities+1","Anxiousness","Anxiousness","Return_To_Past","Boundary","Boundary+1","MirrorLake+1","infinitespire:Collect+1","Boundary","infinitespire:SealOfDarkness+","infinitespire:SealOfDarkness+","hubris:Fate","AlloutStrike+1"],"relics":["The_element_of_harmony","Bag of Preparation","Snack Pack","GremlinMask","MutagenicStrength","Bird Faced Urn","TungstenRod","DollysMirror","infinitespire:Broken Mirror","hubris:Icosahedron","Medical Kit","hubris:Towel"],"acts_visited":["Exordium","TheCity","TheBeyond"],"potions_floor_usage":[],"damage_taken":[{"damage":0.0,"enemies":"Small Slimes","floor":1.0,"turns":4.0},{"damage":1.0,"enemies":"Jaw Worm","floor":4.0,"turns":5.0},{"damage":0.0,"enemies":"Cultist","floor":7.0,"turns":3.0},{"damage":3.0,"enemies":"Large Slime","floor":10.0,"turns":5.0},{"damage":32.0,"enemies":"Gremlin Gang","floor":13.0,"turns":3.0},{"damage":13.0,"enemies":"2 Fungi Beasts","floor":14.0,"turns":4.0},{"damage":65.0,"enemies":"Fading Forest","floor":16.0,"turns":11.0},{"damage":6.0,"enemies":"3 Byrds","floor":18.0,"turns":2.0},{"damage":36.0,"enemies":"Shell Parasite","floor":19.0,"turns":8.0},{"damage":52.0,"enemies":"Shelled Parasite and Fungi","floor":21.0,"turns":4.0},{"damage":29.0,"enemies":"Nightmare","floor":23.0,"turns":8.0},{"damage":6.0,"enemies":"Cultist and Chosen","floor":24.0,"turns":4.0},{"damage":13.0,"enemies":"3 Cultists","floor":27.0,"turns":4.0},{"damage":53.0,"enemies":"Collector","floor":33.0,"turns":6.0},{"damage":6.0,"enemies":"3 Shapes","floor":35.0,"turns":2.0},{"damage":78,"enemies":"3 Darklings","floor":39,"turns":7},{"damage":57,"enemies":"Spire Growth","floor":41,"turns":3}],"seed_played":"-6804828196149838309","potions_obtained":[{"floor":4.0,"key":"Death Potion"},{"floor":14.0,"key":"DistilledChaos"},{"floor":18.0,"key":"DistilledChaos"},{"floor":21.0,"key":"Strength Potion"},{"floor":35.0,"key":"FearPotion"}],"is_trial":false,"path_per_floor":["M","?","?","M","$","R","M","R","T","M","?","R","M","M","R","B",null,"M","M","?","M","?","NM","M","R","T","M","$","T","?","AVR","R","B",null,"M","AVR","?","?","M","R","M"],"character_chosen":"TWI_CLASS","items_purchased":["ISayNo","DollysMirror"],"campfire_rested":2,"item_purchase_floors":[5,28],"current_hp_per_floor":[82,82,82,81,81,81,81,81,81,80,80,80,62,55,55,29,82,79,65,65,35,35,24,26,50,50,45,45,45,45,45,45,33,82,80,80,62,62,16,40,0,0],"gold":533,"neow_bonus":"RANDOM_COMMON_RELIC","is_daily":false,"chose_seed":false,"campfire_upgraded":5,"win_rate":0.0,"timestamp":1613097913,"path_taken":["M","?","?","?","$","R","M","R","T","M","?","R","M","?","R","BOSS","M","M","?","M","?","NM","?","R","T","M","$","?","?","AVR","R","BOSS","M","AVR","?","?","?","R","M"],"items_purchased_type":["Card","Relic"],"build_version":"2020-12-22","purchased_purges":1,"victory":false,"max_hp_per_floor":[82,82,82,82,82,82,82,82,82,82,82,82,82,82,82,82,82,82,82,82,82,82,82,82,82,82,82,82,82,82,82,82,82,82,82,82,82,82,82,82,164,164],"card_choices":[{"not_picked":["HideCarefully"],"picked":"BehindTheScene","floor":1.0},{"not_picked":["Perfectionism","Smile"],"picked":"SKIP","floor":1.0},{"not_picked":["FarmExpert","FriendOfNature"],"picked":"SKIP","floor":4.0},{"not_picked":["ServeMeal","AppleFeast"],"picked":"SKIP","floor":4.0},{"not_picked":["Magic"],"picked":"MirrorLake","floor":7.0},{"not_picked":["FriendOfNature"],"picked":"PinkiePromise","floor":7.0},{"not_picked":["AppleFeast","Laughter"],"picked":"SKIP","floor":10.0},{"not_picked":["ServeMeal","GemstoneDetection"],"picked":"SKIP","floor":10.0},{"not_picked":["DynamicVision","ThrowingApples"],"picked":"SKIP","floor":13.0},{"not_picked":["Honesty","HideCarefully"],"picked":"SKIP","floor":13.0},{"not_picked":["ISayNo"],"picked":"FollowTherRainbow","floor":14.0},{"not_picked":["Honesty"],"picked":"Anxiousness","floor":14.0},{"not_picked":["PinkieSense"],"picked":"Overwhelming","floor":16.0},{"not_picked":["SonicRainbow"],"picked":"TakeTheLead","floor":16.0},{"not_picked":["Whining"],"picked":"CheerUp","floor":18.0},{"not_picked":["Louder","FarmExpert"],"picked":"SKIP","floor":18.0},{"not_picked":["Whining"],"picked":"Smile+1","floor":19.0},{"not_picked":["Honesty","CheerUp"],"picked":"SKIP","floor":19.0},{"not_picked":["ThrowingApples"],"picked":"SwiftKick","floor":21.0},{"not_picked":["Magictrain+1"],"picked":"Celebrities+1","floor":21.0},{"not_picked":["Winterwrapup"],"picked":"Anxiousness","floor":23.0},{"not_picked":["PartyCana","HideCarefully"],"picked":"SKIP","floor":23.0},{"not_picked":["RashStunts"],"picked":"Anxiousness","floor":24.0},{"not_picked":["Whining"],"picked":"Return_To_Past","floor":24.0},{"not_picked":["CowboySkills"],"picked":"Boundary","floor":27.0},{"not_picked":["Return_To_Past"],"picked":"Boundary+1","floor":27.0},{"not_picked":["RashStunts"],"picked":"Boundary","floor":35.0},{"not_picked":["Winterwrapup","TwentyPercentcooler"],"picked":"SKIP","floor":35.0},{"not_picked":["infinitespire:Fortify","infinitespire:UltimateForm"],"picked":"hubris:Fate","floor":37.0},{"not_picked":["Laughter+1"],"picked":"AlloutStrike+1","floor":39},{"not_picked":["Magictrain+1","Yay"],"picked":"SKIP","floor":39}],"player_experience":137730,"relics_obtained":[{"floor":9.0,"key":"Snack Pack"},{"floor":23.0,"key":"Bird Faced Urn"},{"floor":26.0,"key":"TungstenRod"},{"floor":29.0,"key":"infinitespire:Broken Mirror"}],"event_choices":[{"damage_healed":0.0,"max_hp_gain":0.0,"max_hp_loss":0.0,"gold_gain":0.0,"event_name":"Accursed Blacksmith","player_choice":"Forge","floor":3.0,"gold_loss":0.0,"damage_taken":0.0,"cards_upgraded":["ConcertedEfforts"]},{"damage_healed":0.0,"max_hp_gain":0.0,"max_hp_loss":0.0,"gold_gain":0.0,"event_name":"FaceTrader","player_choice":"Trade","floor":11.0,"gold_loss":0.0,"damage_taken":0.0,"relics_obtained":["GremlinMask"]},{"damage_healed":0.0,"max_hp_gain":0.0,"max_hp_loss":0.0,"gold_gain":0.0,"event_name":"Drug Dealer","player_choice":"Inject Mutagens","floor":20.0,"gold_loss":0.0,"damage_taken":0.0,"relics_obtained":["MutagenicStrength"]},{"damage_healed":0.0,"max_hp_gain":0.0,"max_hp_loss":0.0,"gold_gain":200.0,"event_name":"Wheel of Change","player_choice":"Gold","floor":22.0,"gold_loss":0.0,"damage_taken":0.0}],"is_beta":false,"boss_relics":[{"not_picked":["Philosopher\u0027s Stone","ReplayTheSpireMod:DimensionalGlitch","Replay:Drink Me"]},{"not_picked":["Philosopher\u0027s Stone","ReplayTheSpireMod:DimensionalGlitch","Replay:Drink Me"]}],"items_purged_floors":[5],"is_endless":false,"potions_floor_spawned":[4,14,18,21,35],"killed_by":"Spire Growth","ascension_level":0}}