{"host":"qmdmcz5nn4dzus5k","time":1613139466,"event":{"mods":["AchievementEnabler","BaseMod","Bestiary","BetterRewards","Card Filter","Displayed Cursed Tome","Minty Spire (QoL Compilation)","Quick Restart","Relic Filter","Remove Card Discount Mod","Replay The Spire","Spicy Shops","StSLib","The Marked","TheHero","Uncapped"],"gold_per_floor":[132,132,132,169,221,221,296,31,56,87,87,125,209,209,209,332,332,380,340,430,455,455],"floor_reached":21,"language":"ENG","playtime":2420,"items_purged":["CommonCold","theMarked:Strike","theMarked:Defend"],"score":289,"play_id":"65a6b419-80dd-4b24-bf3d-dfcc7a4c7882","local_time":"20210212091746","is_ascension_mode":false,"campfire_choices":[{"data":"theMarked:Polarize","floor":6.0,"key":"SMITH"},{"data":"HandOfGreed","floor":11.0,"key":"SMITH"},{"data":"theMarked:Parkour","floor":15,"key":"SMITH"}],"circlet_count":0,"master_deck":["theMarked:Strike+1","theMarked:Strike","theMarked:Strike","theMarked:Strike","theMarked:Defend","theMarked:Defend","theMarked:Defend","theMarked:SoldierOfQuellstein+1","HandOfGreed+1","theMarked:Polarize+1","theMarked:OneWithTheBlade","theMarked:Determination","theMarked:RogueSparks","theMarked:WardOff","Pot Of Greed","Pot Of Greed+1","theMarked:Parkour+1","theMarked:WardOff","Injury","theMarked:MagusForm","theMarked:Frustration+1","theMarked:Indomitable"],"relics":["theMarked:ArtifactOfAir","ReplayTheSpireMod:CursedCoin","Happy Flower","Bird Faced Urn","Kunai","Grinning Jar","Bag of Preparation","Divine Protection","Golden Idol","SacredBark"],"acts_visited":["Exordium","TheCity"],"potions_floor_usage":[13,16,16],"damage_taken":[{"damage":2.0,"enemies":"Small Slimes","floor":1.0,"turns":3.0},{"damage":3.0,"enemies":"Jaw Worm","floor":4.0,"turns":3.0},{"damage":2.0,"enemies":"2 Louse","floor":5.0,"turns":4.0},{"damage":3.0,"enemies":"Gremlin Gang","floor":7.0,"turns":6.0},{"damage":4.0,"enemies":"Lagavulin","floor":10.0,"turns":5.0},{"damage":4.0,"enemies":"Exordium Wildlife","floor":12.0,"turns":5.0},{"damage":12,"enemies":"3 Sentries","floor":13,"turns":5},{"damage":11,"enemies":"Fading Forest","floor":16,"turns":11},{"damage":7,"enemies":"Shell Parasite","floor":18,"turns":6},{"damage":29,"enemies":"3 Byrds","floor":20,"turns":9},{"damage":42,"enemies":"Sentry and Sphere","floor":21,"turns":5}],"seed_played":"8503866672179393957","potions_obtained":[{"floor":4.0,"key":"SkillPotion"},{"floor":7.0,"key":"FearPotion"},{"floor":12.0,"key":"Strength Potion"},{"floor":13,"key":"ColorlessPotion"}],"is_trial":false,"path_per_floor":["M","?","?","M","M","R","M","$","T","E","R","M","E","?","R","B",null,"M","?","M","M"],"character_chosen":"THE_DEFAULT","items_purchased":["ReplayTheSpireMod:CursedCoin","HandOfGreed","Happy Flower","theMarked:Polarize","Kunai","theMarked:WardOff"],"campfire_rested":0,"item_purchase_floors":[0,0,0,0,8,8],"current_hp_per_floor":[68,68,68,65,65,65,64,64,64,64,64,62,52,52,52,55,70,65,65,38,0,0],"gold":455,"neow_bonus":"","is_daily":false,"chose_seed":false,"campfire_upgraded":3,"win_rate":0.0,"timestamp":1613139466,"path_taken":["M","?","?","M","M","R","M","$","T","E","R","M","E","?","R","BOSS","M","?","M","?"],"items_purchased_type":["Relic","Card","Relic","Card","Relic","Card"],"build_version":"2020-12-22","purchased_purges":3,"victory":false,"max_hp_per_floor":[70,70,70,70,70,70,70,70,70,70,70,70,70,70,70,70,70,70,70,70,70,70],"card_choices":[{"not_picked":["theMarked:TwofoldDefense","theMarked:SwordAndMagic"],"picked":"theMarked:OneWithTheBlade","floor":1.0},{"not_picked":["theMarked:ResourceFulStrike","theMarked:StartUp"],"picked":"theMarked:Determination","floor":4.0},{"not_picked":["theMarked:ElectricStrings","theMarked:TunnelVision","theMarked:Parkour"],"picked":"SKIP","floor":5.0},{"not_picked":["theMarked:Aftermath","theMarked:StartUp"],"picked":"theMarked:RogueSparks","floor":7.0},{"not_picked":["theMarked:SwordAndMagic","theMarked:Convert","theMarked:TakeOffHeels"],"picked":"SKIP","floor":10.0},{"not_picked":["theMarked:Convert","theMarked:RepellingDischarge"],"picked":"theMarked:Parkour","floor":12.0},{"not_picked":["theMarked:Maelstrom","theMarked:Standoff"],"picked":"theMarked:WardOff","floor":13},{"not_picked":["theMarked:Levitate","theMarked:Defy"],"picked":"theMarked:MagusForm","floor":16},{"not_picked":["theMarked:Seal","theMarked:WastefulAttack"],"picked":"theMarked:Frustration+1","floor":18},{"not_picked":["theMarked:EnhanceMovement","theMarked:TakeCover"],"picked":"theMarked:Indomitable","floor":20}],"player_experience":76285,"relics_obtained":[{"floor":9.0,"key":"Grinning Jar"},{"floor":10.0,"key":"Bag of Preparation"},{"floor":13,"key":"Divine Protection"}],"event_choices":[{"damage_healed":0.0,"max_hp_gain":0.0,"max_hp_loss":0.0,"gold_gain":0.0,"event_name":"The Cleric","player_choice":"Leave","floor":2.0,"gold_loss":0.0,"damage_taken":0.0},{"damage_healed":0.0,"max_hp_gain":0.0,"max_hp_loss":0.0,"gold_gain":0.0,"event_name":"Living Wall","player_choice":"Grow","floor":3.0,"gold_loss":0.0,"damage_taken":0.0,"cards_upgraded":["theMarked:SoldierOfQuellstein"]},{"damage_healed":0,"gold_gain":0,"player_choice":"Take Wound","damage_taken":0,"relics_obtained":["Golden Idol"],"max_hp_gain":0,"max_hp_loss":0,"event_name":"Golden Idol","floor":14,"gold_loss":0,"cards_obtained":["Injury"]},{"damage_healed":0,"gold_gain":0,"player_choice":"Upgraded Two","damage_taken":0,"max_hp_gain":0,"max_hp_loss":0,"event_name":"Designer","floor":19,"gold_loss":40,"cards_upgraded":["theMarked:Strike","Pot Of Greed"]}],"is_beta":false,"boss_relics":[{"not_picked":["Coffee Dripper","Velvet Choker"],"picked":"SacredBark"}],"items_purged_floors":[0,8,8],"is_endless":false,"potions_floor_spawned":[4,7,12,13],"killed_by":"Sentry and Sphere","ascension_level":0}}