{"host":"8injpn8qs0kr8sd6","time":1613106829,"event":{"mods":["Act Like it!","BaseMod","Downfall","KinomotoSakuraMod(Ä¾Ö®±¾Ó£)","Marisa£¨ìFÓê¡¡Ä§ÀíÉ³£©","Minty Spire (QoL Compilation)","Quick Restart","Reimu£¨²©ÀöÁéÃÎ£©","RumiaBox-Â¶Ã×æ«µÄÉñÃØºÐ×Ó","Spicy Shops","StSLib","¡¾ÒÅÎï¿¨ÅÆ¡¿REMEMod"],"gold_per_floor":[99,99,199,199,159,159,159,159,159,194,205,205,223,238,250,349,349,349,361,372,390,132,132,132,149,167,167,177,204,216,216,216,216,216],"floor_reached":32,"language":"ZHS","playtime":2150,"items_purged":["bronze:Strike","bronze:Strike"],"score":287,"play_id":"b389be0e-15ea-4296-87b9-e781d1ddb67e","local_time":"20210212131349","is_ascension_mode":false,"campfire_choices":[{"data":"bronze:Format","floor":1.0,"key":"SMITH"},{"data":"bronze:Overheat","floor":8.0,"key":"SMITH"},{"data":"bronze:AlphaBuild","floor":18.0,"key":"SMITH"},{"data":"bronze:HardenedForm","floor":23,"key":"SMITH"}],"circlet_count":0,"master_deck":["bronze:Strike","bronze:Strike","bronze:Defend","bronze:Defend","bronze:Defend","bronze:Defend","bronze:Replicate+1","bronze:Goto+1","bronze:Format+1","downfall:Haunted","downfall:Haunted","Normality","bronze:HardenedForm","bronze:Overheat+1","bronze:ChildClass+1","bronze:Branch","bronze:Boost","bronze:Fortify","bronze:AlphaBuild+1","bronze:MaxOutput+1","bronze:Optimize","bronze:Turbo","bronze:HardenedForm+1","bronze:Optimize","bronze:FineTuning","bronze:BronzeOrb","bronze:BronzeOrb"],"relics":["bronze:BronzeCore","REME_ComplimentaryCards","downfall:HeartsMalice","Du-Vu Doll","PaintedHorse:ReiMu","Sundial","Bottled Flame","REME_DuelDisc","HornCleat","REME_PuzzleBoxRelic"],"acts_visited":["Exordium","TheCity"],"potions_floor_usage":[29,32],"damage_taken":[{"damage":0.0,"enemies":"2 Louse","floor":2.0,"turns":1.0},{"damage":0.0,"enemies":"Small Slimes","floor":6.0,"turns":1.0},{"damage":0.0,"enemies":"Jaw Worm","floor":9.0,"turns":1.0},{"damage":20.0,"enemies":"Gremlin Nob","floor":10.0,"turns":4.0},{"damage":0.0,"enemies":"Large Slime","floor":11.0,"turns":4.0},{"damage":8.0,"enemies":"Red Slaver","floor":13.0,"turns":2.0},{"damage":8.0,"enemies":"Lots of Slimes","floor":14.0,"turns":4.0},{"damage":10.0,"enemies":"Exordium Thugs","floor":15.0,"turns":3.0},{"damage":3.0,"enemies":"IC_STATUS_ARCHETYPE","floor":16.0,"turns":6.0},{"damage":5.0,"enemies":"Spheric Guardian","floor":19.0,"turns":3.0},{"damage":16.0,"enemies":"Shell Parasite","floor":20.0,"turns":4.0},{"damage":6.0,"enemies":"Snake Plant","floor":21.0,"turns":2.0},{"damage":2,"enemies":"downfall:FleeingMerchant","floor":22,"turns":4},{"damage":0,"enemies":"Snecko","floor":25,"turns":3},{"damage":5,"enemies":"Centurion and Healer","floor":26,"turns":8},{"damage":0,"enemies":"Snake Plant","floor":28,"turns":2},{"damage":0,"enemies":"Gremlin Leader","floor":29,"turns":7},{"damage":25,"enemies":"3 Cultists","floor":30,"turns":6},{"damage":54,"enemies":"Chosen and Byrds","floor":32,"turns":9}],"seed_played":"4552862702390691870","potions_obtained":[{"floor":10.0,"key":"LiquidMemories"},{"floor":11.0,"key":"Ancient Potion"},{"floor":13.0,"key":"Swift Potion"},{"floor":15.0,"key":"bronze:BurnAndBuffPotion"},{"floor":20.0,"key":"LiquidMemories"},{"floor":30,"key":"ZuzhouPotion:ReiMu"}],"is_trial":false,"path_per_floor":["R","M","?","?","?","M","T","R","M","E","M","?","M","M","M","B",null,"R","M","M","M","$","R","T","M","M","?","M","E","M","?","M"],"character_chosen":"THE_AUTOMATON","items_purchased":["bronze:Optimize"],"campfire_rested":0,"item_purchase_floors":[22],"current_hp_per_floor":[70,70,70,70,70,70,70,70,70,50,50,50,42,34,24,21,70,70,65,49,43,41,41,41,41,36,70,70,70,45,45,0,0,0],"gold":216,"neow_bonus":"THREE_ENEMY_KILL","is_daily":false,"chose_seed":false,"campfire_upgraded":4,"win_rate":0.0,"timestamp":1613106829,"path_taken":["R","M","?","?","?","?","T","R","M","E","M","?","?","M","M","BOSS","R","M","?","M","$","R","T","M","M","?","M","E","?","?","M"],"items_purchased_type":["Card"],"build_version":"2020-12-22","purchased_purges":2,"victory":false,"max_hp_per_floor":[70,70,70,70,70,70,70,70,70,70,70,70,70,70,70,70,70,70,70,70,70,70,70,70,70,70,70,70,70,70,70,70,70,70],"card_choices":[{"not_picked":["bronze:Frontload","bronze:BronzeArmor","bronze:WildBeam"],"picked":"SKIP","floor":2.0},{"not_picked":["bronze:CloningBeam","bronze:Frontload"],"picked":"bronze:Overheat","floor":6.0},{"not_picked":["bronze:BronzeOrb","bronze:CloningBeam"],"picked":"bronze:Repulsor","floor":9.0},{"not_picked":["bronze:BugBarrage","bronze:Repair"],"picked":"bronze:ChildClass","floor":10.0},{"not_picked":["bronze:Iterate","bronze:ChosenStrike"],"picked":"bronze:Branch","floor":11.0},{"not_picked":["bronze:BitShift","bronze:Shield","bronze:OilSpill"],"picked":"SKIP","floor":13.0},{"not_picked":["bronze:Deprecate","bronze:Philosophize"],"picked":"bronze:Boost","floor":14.0},{"not_picked":["bronze:BitShift","bronze:Branch"],"picked":"bronze:Fortify","floor":15.0},{"not_picked":["bronze:HyperBeam","bronze:Format"],"picked":"bronze:AlphaBuild","floor":16.0},{"not_picked":["bronze:Turbo","bronze:DelayedGuard"],"picked":"bronze:MaxOutput+1","floor":19.0},{"not_picked":["bronze:FineTuning","bronze:DelayedSlice"],"picked":"bronze:Optimize","floor":20.0},{"not_picked":["bronze:Optimize","bronze:Overheat+1"],"picked":"bronze:Turbo","floor":21.0},{"not_picked":["bronze:WildBeam","bronze:Iterate"],"picked":"bronze:HardenedForm","floor":22},{"not_picked":["bronze:WildBeam","bronze:Allocate"],"picked":"bronze:FineTuning","floor":25},{"not_picked":["bronze:Backtrace","bronze:Shell"],"picked":"bronze:BronzeOrb","floor":26},{"not_picked":["bronze:ChosenStrike+1","bronze:DigitalCarnage+1"],"picked":"bronze:BronzeOrb","floor":28},{"not_picked":["bronze:FineTuning","bronze:WhirlingStrike","bronze:Philosophize"],"picked":"SKIP","floor":29},{"not_picked":["bronze:BronzeArmor","bronze:FineTuning","bronze:BitShift"],"picked":"SKIP","floor":30}],"player_experience":489779,"relics_obtained":[{"floor":7.0,"key":"Sundial"},{"floor":10.0,"key":"Bottled Flame"},{"floor":24,"key":"HornCleat"},{"floor":29,"key":"REME_PuzzleBoxRelic"}],"event_choices":[{"damage_healed":0.0,"max_hp_gain":0.0,"max_hp_loss":0.0,"gold_gain":0.0,"event_name":"yidonshenshe","player_choice":"ÈûÇ®","floor":5.0,"gold_loss":40.0,"damage_taken":0.0,"relics_obtained":["PaintedHorse:ReiMu"]},{"cards_removed":["bronze:Repulsor"],"damage_healed":34,"gold_gain":0,"player_choice":"Offered Uncommon","damage_taken":0,"max_hp_gain":0,"max_hp_loss":0,"event_name":"Bonfire Elementals","floor":27,"gold_loss":0}],"is_beta":false,"boss_relics":[{"not_picked":["Fusion Hammer","AddBug"],"picked":"REME_DuelDisc"}],"items_purged_floors":[22,22],"is_endless":false,"potions_floor_spawned":[10,11,13,15,16,20,26,28,30],"killed_by":"Chosen and Byrds","ascension_level":0}}