{"host":"w14xfy17z3c5mpoi","time":1613094559,"event":{"mods":["AchievementEnabler","BaseMod","Minty Spire (QoL Compilation)","Relic Stats"],"gold_per_floor":[116,134,147,167,182,212,212,5,52,2,2,22,22,39,39,143,143,162,77,88,88,88,117,131,166,166,166,176,196,196,196],"floor_reached":30,"language":"ENG","playtime":1707,"items_purged":["Strike_G"],"score":343,"play_id":"b727850f-394a-47a2-acff-364476d5f20b","local_time":"20210211204919","is_ascension_mode":true,"campfire_choices":[{"floor":11,"key":"REST"},{"data":"Calculated Gamble","floor":13,"key":"SMITH"},{"data":"Glass Knife","floor":15,"key":"SMITH"}],"circlet_count":0,"master_deck":["Strike_G+1","Defend_G+1","Defend_G+1","Defend_G+1","Defend_G+1","Survivor","Neutralize","Backstab","Dagger Throw","Deadly Poison","Skewer","Blade Dance","Dagger Throw","Glass Knife+1","Footwork","Backflip","Calculated Gamble+1","Wraith Form v2","Cloak And Dagger+1","Glass Knife","Crippling Poison+1","Dagger Spray","Blade Dance","Dodge and Roll+1"],"relics":["Ring of the Snake","Blood Vial","Orichalcum","WristBlade","StrikeDummy","Smiling Mask","Bottled Lightning","Red Mask","Eternal Feather"],"acts_visited":["Exordium","TheCity"],"potions_floor_usage":[16,16,30],"damage_taken":[{"damage":1,"enemies":"Cultist","floor":1,"turns":3},{"damage":1,"enemies":"Jaw Worm","floor":2,"turns":2},{"damage":0,"enemies":"2 Louse","floor":3,"turns":1},{"damage":1,"enemies":"2 Fungi Beasts","floor":4,"turns":3},{"damage":0,"enemies":"Blue Slaver","floor":5,"turns":3},{"damage":34,"enemies":"Lagavulin","floor":6,"turns":7},{"damage":0,"enemies":"3 Louse","floor":12,"turns":3},{"damage":5,"enemies":"2 Fungi Beasts","floor":14,"turns":4},{"damage":9,"enemies":"Hexaghost","floor":16,"turns":8},{"damage":6,"enemies":"2 Thieves","floor":18,"turns":4},{"damage":0,"enemies":"3 Byrds","floor":20,"turns":4},{"damage":17,"enemies":"Gremlin Leader","floor":23,"turns":9},{"damage":18,"enemies":"Sentry and Sphere","floor":24,"turns":4},{"damage":18,"enemies":"Masked Bandits","floor":25,"turns":6},{"damage":0,"enemies":"Cultist and Chosen","floor":28,"turns":5},{"damage":0,"enemies":"Snecko","floor":29,"turns":5},{"damage":22,"enemies":"Snake Plant","floor":30,"turns":3}],"seed_played":"4644058684484363561","potions_obtained":[{"floor":2,"key":"CultistPotion"},{"floor":4,"key":"LiquidBronze"},{"floor":12,"key":"FearPotion"},{"floor":25,"key":"SteroidPotion"},{"floor":28,"key":"PowerPotion"},{"floor":29,"key":"FearPotion"}],"is_trial":false,"path_per_floor":["M","M","M","M","M","E","?","$","T","?","R","M","R","M","R","B",null,"M","?","M","?","?","E","M","?","T","?","M","M","M"],"character_chosen":"THE_SILENT","items_purchased":["Footwork","Backflip"],"campfire_rested":1,"item_purchase_floors":[8,8],"current_hp_per_floor":[44,43,43,42,42,8,8,8,8,8,29,31,31,28,28,21,58,54,54,56,56,56,41,25,9,9,9,11,13,0,0],"gold":196,"neow_bonus":"TRANSFORM_TWO_CARDS","is_daily":false,"chose_seed":false,"campfire_upgraded":2,"win_rate":0.0,"timestamp":1613094559,"path_taken":["M","M","?","M","M","E","?","$","T","?","R","M","R","M","R","BOSS","M","?","M","?","?","E","M","?","T","?","M","M","M"],"items_purchased_type":["Card","Card"],"build_version":"2020-12-22","purchased_purges":1,"victory":false,"max_hp_per_floor":[70,70,70,70,70,70,70,70,70,70,70,70,70,70,70,70,70,70,70,70,70,70,70,70,70,70,70,70,70,70,70],"relic_stats":{"Blood Vial":22,"counters":[17,74],"Eternal Feather":0,"Orichalcum":[132],"Smiling Mask":0,"obtain_stats":[{"Blood Vial":6,"WristBlade":17,"Eternal Feather":26,"Red Mask":25,"Bottled Lightning":23,"Orichalcum":9,"StrikeDummy":19,"Smiling Mask":21,"Ring of the Snake":0},{"Blood Vial":6,"WristBlade":9,"Eternal Feather":14,"Red Mask":14,"Bottled Lightning":12,"Orichalcum":6,"StrikeDummy":10,"Smiling Mask":11,"Ring of the Snake":0},{"Blood Vial":19,"WristBlade":34,"Eternal Feather":61,"Red Mask":61,"Bottled Lightning":51,"Orichalcum":19,"StrikeDummy":38,"Smiling Mask":42,"Ring of the Snake":0}],"Ring of the Snake":[34]},"card_choices":[{"not_picked":["Outmaneuver","Bane"],"picked":"Deadly Poison","floor":1},{"not_picked":["Sucker Punch","Flechettes","Choke"],"picked":"SKIP","floor":2},{"not_picked":["Acrobatics","Dagger Spray"],"picked":"Skewer","floor":3},{"not_picked":["Dagger Throw","Cloak And Dagger"],"picked":"Blade Dance","floor":4},{"not_picked":["Flying Knee","Catalyst"],"picked":"Dagger Throw","floor":5},{"not_picked":["Slice","Dodge and Roll"],"picked":"Glass Knife","floor":6},{"not_picked":["All Out Attack","PiercingWail"],"picked":"Calculated Gamble","floor":12},{"not_picked":["Expertise","Bouncing Flask","Distraction"],"picked":"SKIP","floor":14},{"not_picked":["Night Terror","Bullet Time"],"picked":"Wraith Form v2","floor":16},{"not_picked":["Sucker Punch","Deadly Poison"],"picked":"Cloak And Dagger+1","floor":18},{"not_picked":["Reflex","Outmaneuver+1","Cloak And Dagger"],"picked":"SKIP","floor":20},{"not_picked":["Envenom","Bane"],"picked":"Glass Knife","floor":23},{"not_picked":["Endless Agony","Deadly Poison+1"],"picked":"Crippling Poison+1","floor":24},{"not_picked":["Dodge and Roll","Bullet Time"],"picked":"Blade Dance","floor":28},{"not_picked":["Sucker Punch","Choke"],"picked":"Dodge and Roll+1","floor":29}],"player_experience":634262,"relics_obtained":[{"floor":6,"key":"Blood Vial"},{"floor":9,"key":"Orichalcum"},{"floor":23,"key":"Bottled Lightning"},{"floor":25,"key":"Red Mask"},{"floor":26,"key":"Eternal Feather"}],"event_choices":[{"damage_healed":0,"gold_gain":0,"player_choice":"Ignored","damage_taken":0,"max_hp_gain":0,"max_hp_loss":0,"event_name":"Shining Light","floor":7,"gold_loss":0},{"cards_removed":["Strike_G"],"damage_healed":0,"gold_gain":0,"player_choice":"Card Removal","damage_taken":0,"max_hp_gain":0,"max_hp_loss":0,"event_name":"The Cleric","floor":10,"gold_loss":50},{"damage_healed":0,"gold_gain":0,"player_choice":"Obtained Relic","damage_taken":0,"relics_obtained":["StrikeDummy"],"max_hp_gain":0,"max_hp_loss":0,"event_name":"Addict","floor":19,"gold_loss":85},{"damage_healed":0,"gold_gain":0,"player_choice":"Opened","damage_taken":0,"relics_obtained":["Smiling Mask"],"max_hp_gain":0,"max_hp_loss":0,"event_name":"The Mausoleum","floor":21,"gold_loss":0},{"damage_healed":0,"gold_gain":0,"player_choice":"Simplicity","damage_taken":0,"max_hp_gain":0,"max_hp_loss":0,"event_name":"Back to Basics","floor":22,"gold_loss":0,"cards_upgraded":["Strike_G","Defend_G","Defend_G","Defend_G","Defend_G","Defend_G"]},{"damage_healed":0,"gold_gain":0,"player_choice":"Fought Bandits","damage_taken":0,"max_hp_gain":0,"max_hp_loss":0,"event_name":"Masked Bandits","floor":25,"gold_loss":0},{"damage_healed":0,"gold_gain":0,"cards_transformed":["Defend_G"],"player_choice":"Transformed","damage_taken":0,"max_hp_gain":0,"max_hp_loss":0,"event_name":"Transmorgrifier","floor":27,"gold_loss":0,"cards_obtained":["Dagger Spray"]}],"is_beta":false,"boss_relics":[{"not_picked":["SacredBark","Tiny House"],"picked":"WristBlade"}],"items_purged_floors":[8],"is_endless":false,"potions_floor_spawned":[2,4,12,14,25,28,29],"killed_by":"Snake Plant","ascension_level":7}}