{"host":"5z7rhcocprldured","time":1613155512,"event":{"mods":["2.2 Compatiblity","AchievementEnabler","BaseMod","Best Route Mod","Better Altar","Better Match","Better Note","Better Sensory Stone","Better Skull","Better Third Choice","BetterRewards","Block Reminder","Colored Map","Colored Powertips","Emptier Cage","Googly Eyes","Hermit","Marisa????????","Minty Spire (QoL Compilation)","Permanent Neow","Potionbrewer","Rare Cards Sparkle","StSLib","Synergy Search","The Cursed","The Hierophant","The Runesmith","Unceasing Turn Reminder"],"gold_per_floor":[111,111,136,154,173,173,189,189,215,230,241,166,216,227,227,332,332,332,332],"floor_reached":18,"language":"ENG","playtime":618,"items_purged":["Strike_P"],"score":154,"play_id":"4ebed1e2-a73b-4c32-a12f-5c322ccd60db","local_time":"20210212184512","is_ascension_mode":false,"campfire_choices":[{"data":"Eruption","floor":6,"key":"SMITH"},{"data":"BattleHymn","floor":8,"key":"SMITH"},{"floor":15,"key":"REST"}],"circlet_count":0,"master_deck":["Strike_P","Strike_P","Strike_P","Defend_P","Defend_P","Defend_P","Eruption+1","Vigilance","Crescendo","CutThroughFate","ClearTheMind","BattleHymn+1","Consecrate","Protect","Devotion","Devotion"],"relics":["PureWater","SsserpentHead","Centennial Puzzle","SlaversCollar"],"acts_visited":["Exordium","TheCity"],"potions_floor_usage":[],"damage_taken":[{"damage":10,"enemies":"2 Louse","floor":1,"turns":2},{"damage":6,"enemies":"Cultist","floor":4,"turns":4},{"damage":3,"enemies":"Jaw Worm","floor":5,"turns":2},{"damage":6,"enemies":"Large Slime","floor":7,"turns":4},{"damage":2,"enemies":"2 Fungi Beasts","floor":10,"turns":3},{"damage":8,"enemies":"Exordium Wildlife","floor":11,"turns":2},{"damage":16,"enemies":"Lots of Slimes","floor":14,"turns":3},{"damage":19,"enemies":"The Guardian","floor":16,"turns":7},{"damage":74,"enemies":"3 Byrds","floor":18,"turns":4}],"seed_played":"3770142220459236499","potions_obtained":[{"floor":7,"key":"potionbrewer:InfectionPotion"},{"floor":11,"key":"DuplicationPotion"}],"is_trial":false,"path_per_floor":["M","?","$","M","M","R","M","R","T","M","M","$","?","M","R","B",null,"M"],"character_chosen":"WATCHER","items_purchased":["Crescendo"],"campfire_rested":1,"item_purchase_floors":[3],"current_hp_per_floor":[62,62,62,56,53,53,47,47,47,45,37,37,37,21,42,23,72,0,0],"gold":332,"neow_bonus":"THREE_CARDS","is_daily":false,"chose_seed":false,"campfire_upgraded":2,"win_rate":0.0,"timestamp":1613155512,"path_taken":["M","?","?","M","M","R","M","R","T","M","M","$","?","M","R","BOSS","M"],"items_purchased_type":["Card"],"build_version":"2020-12-22","purchased_purges":1,"victory":false,"max_hp_per_floor":[72,72,72,72,72,72,72,72,72,72,72,72,72,72,72,72,72,72,72],"card_choices":[{"not_picked":["JustLucky","Wireheading","Meditate"],"picked":"SKIP","floor":1},{"not_picked":["BowlingBash","FlyingSleeves"],"picked":"CutThroughFate","floor":4},{"not_picked":["Collect","CutThroughFate"],"picked":"ClearTheMind","floor":5},{"not_picked":["SandsOfTime","EmptyFist"],"picked":"BattleHymn","floor":7},{"not_picked":["PathToVictory","CrushJoints"],"picked":"Consecrate","floor":10},{"not_picked":["FollowUp","EmptyFist"],"picked":"Protect","floor":11},{"not_picked":["FlyingSleeves","Halt","ClearTheMind"],"picked":"SKIP","floor":14},{"not_picked":["FlyingSleeves","Halt","ClearTheMind"],"picked":"SKIP","floor":14},{"not_picked":["Wish","Omniscience"],"picked":"Devotion","floor":16}],"player_experience":181069,"relics_obtained":[{"floor":9,"key":"Centennial Puzzle"}],"event_choices":[{"damage_healed":0,"gold_gain":0,"player_choice":"Trade","damage_taken":0,"relics_obtained":["SsserpentHead"],"max_hp_gain":0,"max_hp_loss":0,"event_name":"FaceTrader","floor":2,"gold_loss":0},{"damage_healed":0,"gold_gain":0,"cards_transformed":["Defend_P"],"player_choice":"Transformed","damage_taken":0,"max_hp_gain":0,"max_hp_loss":0,"event_name":"Transmorgrifier","floor":13,"gold_loss":0,"cards_obtained":["Devotion"]}],"is_beta":false,"boss_relics":[{"not_picked":["Fusion Hammer","Runic Pyramid"],"picked":"SlaversCollar"}],"items_purged_floors":[12],"is_endless":false,"potions_floor_spawned":[7,11],"killed_by":"3 Byrds","ascension_level":0}}