{"host":"rykcscnxwcosqdkz","time":1613168357,"event":{"mods":["BaseMod","Conspire","DeckTracker","Ekko","GifTheSpireLib","Hubris","Infinite Spire","Minty Spire (QoL Compilation)","Reliquary","Replay The Spire","StSLib","Stuff the Spire"],"gold_per_floor":[113,113,130,130,150,150,184,184,184,215,235,250,274,290,290,387,387,402,402,402,417,431,460,460,493,516,535,585,599,493,508,508,508,508],"floor_reached":33,"language":"ENG","playtime":1620,"items_purged":["Strike_B"],"score":314,"play_id":"072249d4-f88d-4f4d-804c-bad581b5e79b","local_time":"20210212231917","is_ascension_mode":true,"campfire_choices":[{"data":"StuffTheSpire:Synthwave","floor":6,"key":"SMITH"},{"data":"Dualcast","floor":8,"key":"SMITH"},{"floor":15,"key":"REST"},{"data":"StuffTheSpire:Synthwave","floor":24,"key":"SMITH"},{"floor":32,"key":"REST"}],"circlet_count":0,"master_deck":["Strike_B","Strike_B","Defend_B","Defend_B","Defend_B","Defend_B","Zap+1","Dualcast+1","conspire:Rain","Panic Button","Machine Learning","StuffTheSpire:Synthwave+1","Thunder Strike","StuffTheSpire:Synthwave+1","Electrodynamics","Reinforced Body","BootSequence","Defragment"],"relics":["Cracked Core","Darkstone Periapt","infinitespire:Broken Mirror","Cables","hubris:SlimyHat","Odd Mushroom","Velvet Choker","ReplayTheSpireMod:TigerMarble","reliquary:Stiletto","Blue Doll","reliquary:Boomerang"],"acts_visited":["Exordium","TheCity"],"potions_floor_usage":[22,25,33,33,33],"damage_taken":[{"damage":0,"enemies":"2 Louse","floor":1,"turns":2},{"damage":0,"enemies":"Cultist","floor":3,"turns":3},{"damage":0,"enemies":"Small Slimes","floor":5,"turns":3},{"damage":11,"enemies":"Lagavulin","floor":7,"turns":7},{"damage":17,"enemies":"3 Sentries","floor":10,"turns":6},{"damage":9,"enemies":"Blue Slaver","floor":11,"turns":3},{"damage":3,"enemies":"3 Louse","floor":12,"turns":3},{"damage":13,"enemies":"The Mushroom Lair","floor":13,"turns":4},{"damage":11,"enemies":"Red Slaver","floor":14,"turns":3},{"damage":21,"enemies":"Hexaghost","floor":16,"turns":9},{"damage":5,"enemies":"Chosen","floor":18,"turns":4},{"damage":0,"enemies":"Spheric Guardian","floor":21,"turns":3},{"damage":27,"enemies":"Snake Plant","floor":22,"turns":3},{"damage":12,"enemies":"conspire:Head Lice","floor":23,"turns":5},{"damage":8,"enemies":"Replay:Snechameleon","floor":25,"turns":5},{"damage":0,"enemies":"Centurion and Healer","floor":27,"turns":4},{"damage":1,"enemies":"Shelled Parasite and Fungi","floor":29,"turns":2},{"damage":11,"enemies":"Snake Plant","floor":31,"turns":2},{"damage":37,"enemies":"conspire:MysteriousRune","floor":33,"turns":9}],"seed_played":"3716218195525845497","potions_obtained":[{"floor":5,"key":"conspire:TimeTravelPotion"},{"floor":10,"key":"LiquidBronze"},{"floor":11,"key":"Elixir"},{"floor":21,"key":"AttackPotion"},{"floor":22,"key":"SteroidPotion"},{"floor":25,"key":"GamblersBrew"}],"is_trial":false,"path_per_floor":["M","?","M","?","M","R","E","R","T","E","M","M","?","M","R","B",null,"M","?","?","M","M","E","R","E","T","M","?","M","$","M","R","B"],"character_chosen":"DEFECT","items_purchased":["Defragment"],"campfire_rested":2,"item_purchase_floors":[30],"current_hp_per_floor":[75,75,75,75,75,75,64,64,64,47,38,35,22,11,33,12,75,70,70,70,70,43,31,31,23,23,23,23,26,26,15,37,0,0],"gold":508,"neow_bonus":"TRANSFORM_CARD","is_daily":false,"chose_seed":false,"campfire_upgraded":3,"win_rate":0.0,"timestamp":1613168357,"path_taken":["M","?","M","?","?","R","E","R","T","E","M","M","?","M","R","BOSS","M","?","?","M","?","E","R","E","T","M","?","?","$","M","R","BOSS"],"items_purchased_type":["Card"],"build_version":"2020-12-22","purchased_purges":1,"victory":false,"max_hp_per_floor":[75,75,75,75,75,75,75,75,75,75,75,75,75,75,75,75,75,75,75,75,75,75,75,75,75,75,75,75,75,75,75,75,75,75],"card_choices":[{"not_picked":["Skim","BasicCrystalCard"],"picked":"Panic Button","floor":1},{"not_picked":["Barrage","Chaos"],"picked":"Machine Learning","floor":3},{"not_picked":["Stack","ReplayTheSpireMod:Repulse"],"picked":"StuffTheSpire:Synthwave","floor":5},{"not_picked":["Recycle","Stack","ReplayTheSpireMod:Dual Polarity"],"picked":"SKIP","floor":7},{"not_picked":["StuffTheSpire:Coldhearted","Sunder","Biased Cognition"],"picked":"SKIP","floor":10},{"not_picked":["Melter","Force Field","Skim"],"picked":"SKIP","floor":11},{"not_picked":["Leap","conspire:SharedLibrary","Coolheaded"],"picked":"SKIP","floor":12},{"not_picked":["Conserve Battery","Sweeping Beam"],"picked":"Thunder Strike","floor":13},{"not_picked":["ReplayTheSpireMod:Reroute Power","StuffTheSpire:Rend"],"picked":"StuffTheSpire:Synthwave","floor":14},{"not_picked":["Creative AI","Reboot"],"picked":"Electrodynamics","floor":16},{"not_picked":["ReplayTheSpireMod:GoodbyeWorld+1","Ball Lightning","Compile Driver"],"picked":"SKIP","floor":18},{"not_picked":["Go for the Eyes","Barrage","StuffTheSpire:ShieldGenerator"],"picked":"SKIP","floor":21},{"not_picked":["Compile Driver","Barrage"],"picked":"Reinforced Body","floor":22},{"not_picked":["Cold Snap","Consume"],"picked":"BootSequence","floor":23},{"not_picked":["Beam Cell","Doom and Gloom","StuffTheSpire:SnapShoot"],"picked":"SKIP","floor":25},{"not_picked":["Conserve Battery","Blizzard","StuffTheSpire:NuclearReactor"],"picked":"SKIP","floor":27},{"not_picked":["hubris:DoWhile","Steam","Leap"],"picked":"SKIP","floor":29},{"not_picked":["Self Repair","Stack","Force Field"],"picked":"SKIP","floor":31}],"player_experience":43979,"relics_obtained":[{"floor":2,"key":"Darkstone Periapt"},{"floor":7,"key":"infinitespire:Broken Mirror"},{"floor":9,"key":"Cables"},{"floor":10,"key":"hubris:SlimyHat"},{"floor":13,"key":"Odd Mushroom"},{"floor":23,"key":"reliquary:Stiletto"},{"floor":25,"key":"Blue Doll"},{"floor":26,"key":"reliquary:Boomerang"}],"event_choices":[{"damage_healed":0,"gold_gain":0,"player_choice":"Forge","damage_taken":0,"max_hp_gain":0,"max_hp_loss":0,"event_name":"Accursed Blacksmith","floor":4,"gold_loss":0,"cards_upgraded":["Zap"]},{"damage_healed":0,"gold_gain":0,"player_choice":"Fought Mushrooms","damage_taken":0,"max_hp_gain":0,"max_hp_loss":0,"event_name":"Mushrooms","floor":13,"gold_loss":0},{"damage_healed":0,"gold_gain":0,"player_choice":"Ignored","damage_taken":0,"max_hp_gain":0,"max_hp_loss":0,"event_name":"Vampires","floor":19,"gold_loss":0},{"damage_healed":0,"gold_gain":0,"player_choice":"Gave Potion","damage_taken":0,"relics_obtained":["ReplayTheSpireMod:TigerMarble"],"max_hp_gain":0,"max_hp_loss":0,"event_name":"WeMeetAgain","floor":20,"gold_loss":0},{"damage_healed":0,"gold_gain":100,"player_choice":"Bet on Murderer","damage_taken":0,"max_hp_gain":0,"max_hp_loss":0,"event_name":"The Joust","floor":28,"gold_loss":50}],"is_beta":false,"boss_relics":[{"not_picked":["Coffee Dripper","conspire:RoyalGoblet"],"picked":"Velvet Choker"}],"items_purged_floors":[30],"is_endless":false,"potions_floor_spawned":[5,10,11,14,16,21,22,25],"killed_by":"conspire:MysteriousRune","ascension_level":1}}