{"host":"nz11ypxva4e39b7q","time":1613152589,"event":{"mods":["BaseMod","Better Third Choice","Better Vampires","Colored Map","Minty Spire (QoL Compilation)","Quick Restart","StSLib","The Marked"],"gold_per_floor":[119,119,119,68,68,68,102,120,120,153,153,186,186,226,226,351,351,374,225,225,324,338,369,369,369,369,90,104,144,163,206,206,206,206],"floor_reached":33,"language":"ENG","playtime":1270,"items_purged":["theMarked:Strike","theMarked:Defend"],"score":490,"play_id":"5773e5c6-6875-41e0-a199-2a9571263ab7","local_time":"20210212185629","is_ascension_mode":true,"campfire_choices":[{"data":"theMarked:Parkour","floor":6.0,"key":"SMITH"},{"data":"theMarked:SoldierOfQuellstein","floor":11.0,"key":"SMITH"},{"floor":13.0,"key":"REST"},{"data":"theMarked:Generate","floor":15.0,"key":"SMITH"},{"data":"theMarked:Toughness","floor":25,"key":"SMITH"},{"floor":32,"key":"REST"}],"circlet_count":0,"master_deck":["theMarked:Defend","theMarked:Defend","theMarked:SoldierOfQuellstein+1","theMarked:WastefulAttack","Infernal Blade+1","theMarked:Heritage","theMarked:Parkour+1","theMarked:Generate+1","theMarked:Snap+1","theMarked:BanishingStrike","theMarked:Toughness+1","theMarked:ComboAttacks+1","theMarked:SuspiciousRaven+1","theMarked:DispelDoubt+1","theMarked:WardOff","theMarked:Vacuum","Shame","theMarked:WardOff+1","Bite","theMarked:Challenge","theMarked:ShockingTouch+1","theMarked:TunnelVision"],"relics":["theMarked:ArtifactOfAir","theMarked:VonisonLock","MealTicket","Golden Idol","Bird Faced Urn","Mercury Hourglass","Akabeko","Whetstone","StoneCalendar","Astrolabe","Bronze Scales","Ancient Tea Set","theMarked:NailFile","Membership Card","Prayer Wheel","Dream Catcher"],"acts_visited":["Exordium","TheCity"],"potions_floor_usage":[23,23,23,23,31,31],"damage_taken":[{"damage":2.0,"enemies":"2 Louse","floor":1.0,"turns":3.0},{"damage":24.0,"enemies":"Gremlin Nob","floor":7.0,"turns":4.0},{"damage":2.0,"enemies":"Jaw Worm","floor":8.0,"turns":3.0},{"damage":12.0,"enemies":"Lagavulin","floor":10.0,"turns":6.0},{"damage":4.0,"enemies":"3 Sentries","floor":12.0,"turns":4.0},{"damage":0.0,"enemies":"Lagavulin","floor":14.0,"turns":4.0},{"damage":4.0,"enemies":"The Guardian","floor":16.0,"turns":9.0},{"damage":2.0,"enemies":"Chosen","floor":18.0,"turns":3.0},{"damage":4.0,"enemies":"Shell Parasite","floor":22.0,"turns":2.0},{"damage":7,"enemies":"Slavers","floor":23,"turns":3},{"damage":0,"enemies":"3 Cultists","floor":28,"turns":3},{"damage":0,"enemies":"Gremlin Leader","floor":29,"turns":4},{"damage":23,"enemies":"Snake Plant","floor":30,"turns":3},{"damage":30,"enemies":"Slavers","floor":31,"turns":4},{"damage":41,"enemies":"Collector","floor":33,"turns":3}],"seed_played":"-119810045048036889","potions_obtained":[{"floor":8.0,"key":"AttackPotion"},{"floor":12.0,"key":"Explosive Potion"},{"floor":16.0,"key":"theMarked:HoverShot"},{"floor":18.0,"key":"EntropicBrew"},{"floor":29,"key":"theMarked:SummonPotion"},{"floor":30,"key":"Swift Potion"},{"floor":31,"key":"CultistPotion"}],"is_trial":false,"path_per_floor":["M","?","?","$","?","R","E","M","T","E","R","E","R","E","R","B",null,"M","$","?","?","M","E","?","R","T","$","M","E","M","E","R","B"],"character_chosen":"THE_DEFAULT","items_purchased":["theMarked:Parkour","theMarked:Vacuum","Membership Card","theMarked:Challenge"],"campfire_rested":2,"item_purchase_floors":[4,19,27,27],"current_hp_per_floor":[61,47,47,62,47,47,23,23,23,13,13,9,27,29,29,27,54,56,63,63,63,59,52,52,52,52,59,59,59,38,14,31,0,0],"gold":206,"neow_bonus":"ONE_RARE_RELIC","is_daily":false,"chose_seed":false,"campfire_upgraded":4,"win_rate":0.0,"timestamp":1613152589,"path_taken":["M","?","?","?","?","R","E","M","T","E","R","E","R","E","R","BOSS","M","$","?","?","M","E","?","R","T","$","M","E","M","E","R","BOSS"],"items_purchased_type":["Card","Card","Relic","Card"],"build_version":"2020-12-22","purchased_purges":2,"victory":false,"max_hp_per_floor":[63,63,63,63,63,63,63,63,63,63,63,63,63,63,63,63,63,63,63,63,63,63,63,59,59,59,59,59,59,59,59,59,59,59],"card_choices":[{"not_picked":["theMarked:TwofoldDefense","theMarked:Frustration"],"picked":"theMarked:WastefulAttack","floor":1.0},{"not_picked":["theMarked:TakeCover","theMarked:RepellingDischarge"],"picked":"theMarked:Generate","floor":7.0},{"not_picked":["theMarked:Reabsorb","theMarked:Aftermath","theMarked:TwofoldDefense"],"picked":"SKIP","floor":8.0},{"not_picked":["theMarked:Overcharge","theMarked:HeightenedSenses","theMarked:ChainLightning"],"picked":"SKIP","floor":10.0},{"not_picked":["theMarked:Aftermath","theMarked:WastefulAttack"],"picked":"theMarked:Snap","floor":12.0},{"not_picked":["theMarked:RepellingDischarge","theMarked:SwordAndMagic"],"picked":"theMarked:BanishingStrike","floor":14.0},{"not_picked":["theMarked:SuspiciousRaven","theMarked:BindingBlade"],"picked":"theMarked:Toughness","floor":16.0},{"not_picked":["theMarked:Indomitable","theMarked:Frustration+1"],"picked":"theMarked:WardOff","floor":18.0},{"not_picked":["theMarked:Aftermath","theMarked:BanishingStrike"],"picked":"theMarked:WardOff+1","floor":22.0},{"not_picked":["theMarked:ResourceFulStrike+1","theMarked:KeepCalmAndFight","theMarked:WastefulAttack"],"picked":"SKIP","floor":23},{"not_picked":["theMarked:WastefulAttack","theMarked:Memento","theMarked:WardOff"],"picked":"SKIP","floor":28},{"not_picked":["theMarked:ElectricStrings","theMarked:WastefulAttack","theMarked:ChainLightning+1"],"picked":"SKIP","floor":29},{"not_picked":["theMarked:Defy","theMarked:MysticalArsenal+1"],"picked":"theMarked:ShockingTouch+1","floor":30},{"not_picked":["theMarked:Memento","theMarked:LightningStrikesTwice","theMarked:RepellingDischarge"],"picked":"SKIP","floor":30},{"not_picked":["theMarked:Overcharge","theMarked:Frustration+1"],"picked":"theMarked:TunnelVision","floor":31}],"player_experience":1055766,"relics_obtained":[{"floor":7.0,"key":"Bird Faced Urn"},{"floor":9.0,"key":"Mercury Hourglass"},{"floor":10.0,"key":"Akabeko"},{"floor":12.0,"key":"Whetstone"},{"floor":14.0,"key":"StoneCalendar"},{"floor":23,"key":"Ancient Tea Set"},{"floor":26,"key":"theMarked:NailFile"},{"floor":29,"key":"Prayer Wheel"},{"floor":31,"key":"Dream Catcher"}],"event_choices":[{"damage_healed":0.0,"max_hp_gain":0.0,"max_hp_loss":0.0,"gold_gain":0.0,"cards_transformed":["theMarked:Strike"],"event_name":"Living Wall","player_choice":"Change","floor":3.0,"gold_loss":0.0,"damage_taken":0.0,"cards_obtained":["theMarked:Heritage"]},{"damage_healed":0.0,"max_hp_gain":0.0,"max_hp_loss":0.0,"gold_gain":0.0,"event_name":"Golden Idol","player_choice":"Take Damage","floor":5.0,"gold_loss":0.0,"damage_taken":15.0,"relics_obtained":["Golden Idol"]},{"damage_healed":0.0,"max_hp_gain":0.0,"max_hp_loss":0.0,"gold_gain":0.0,"event_name":"Addict","player_choice":"Stole Relic","floor":20.0,"gold_loss":0.0,"damage_taken":0.0,"relics_obtained":["Bronze Scales"],"cards_obtained":["Shame"]},{"damage_healed":0.0,"max_hp_gain":0.0,"max_hp_loss":0.0,"gold_gain":99.0,"event_name":"betterThird:BetterNest","player_choice":"Steal","floor":21.0,"gold_loss":0.0,"damage_taken":0.0},{"damage_healed":0,"gold_gain":0,"player_choice":"Became a vampire","damage_taken":0,"max_hp_gain":0,"max_hp_loss":4,"event_name":"Vampires","floor":24,"gold_loss":0,"cards_obtained":["Bite"]}],"is_beta":false,"boss_relics":[{"not_picked":["Velvet Choker","Sozu"],"picked":"Astrolabe"}],"items_purged_floors":[19,27],"is_endless":false,"potions_floor_spawned":[8,12,16,18,29,30,31],"killed_by":"Collector","ascension_level":6}}