{"host":"7jl4uf745pjtflnx","time":1613091058,"event":{"mods":["BaseMod","BetterRewards","Hubris","Minty Spire (QoL Compilation)","Reliquary","Replay The Spire","StSLib","SuperFastMode","The Construct"],"gold_per_floor":[117,163,176,186,197,224,224,28,28,28,56,70,100,113,113,187,187,201,201,183,183,12,41,41,66,66,81,98,98,123,1,1,73,73,93,93,103,103,15,41,41,73,97,128,128,128,128,18,18,18,18,18,18,52,52],"floor_reached":56,"language":"ENG","playtime":2614,"items_purged":["Strike_B","Strike_B","Strike_B","Strike_B","Defend_B"],"score":3426,"play_id":"cb124c90-902c-437a-b21d-d627a18bfce9","local_time":"20210211195058","is_ascension_mode":true,"campfire_choices":[{"data":"hubris:EnhanceAbility","floor":7,"key":"SMITH"},{"data":"Defragment","floor":15,"key":"SMITH"},{"data":"Mirror Shield","floor":24,"key":"SMITH"},{"data":"Panacea","floor":32,"key":"SMITH"},{"floor":41,"key":"DIG"},{"floor":45,"key":"RECALL"},{"data":"Mirror Shield","floor":47,"key":"SMITH"},{"data":"Loop","floor":49,"key":"SMITH"},{"data":"Defend_B","floor":52,"key":"PURGE"}],"circlet_count":0,"master_deck":["AscendersBane","Zap","Dualcast","FIFO Queue","Barrage","Hello World","Glacier","Panacea+1","Cold Snap","FIFO Queue","Defragment+1","Coolheaded","ReplayTheSpireMod:Calculation Training+1","hubris:EnhanceAbility+1","Crystallizer","ReplayTheSpireMod:Calculation Training+1","Heatsinks","Cold Snap","Conserve Battery","Self Repair","ReplayTheSpireMod:Calculation Training+1","Ball Lightning","Consume","Mirror Shield+1","CurseOfTheBell","ReplayTheSpireMod:Calculation Training+1","ReplaySort","hubris:PowerSurge","BootSequence","Turbo","Buffer","Electrodynamics","Mirror Shield+1","AbeCurse","ReplayRNGCard","Loop+1","Coolheaded+1"],"relics":["Cracked Core","Incense Burner","construct:FoamFinger","hubris:MedicalManual","Calipers","Lee\u0027s Waffle","ReplayTheSpireMod:Shallot","Membership Card","Shovel","Toy Ornithopter","reliquary:Knoch","Calling Bell","Boot","Replay:Bottled Eggs","Replay:Multitool","Torii","FossilizedHelix","Dream Catcher","Ice Cream","reliquary:PurpleTingedLeaf","Lee\u0027s Waffle","Abe\u0027s Treasure","hubris:Icosahedron","Happy Flower","Gremlin Horn","reliquary:RoseTintedGlasses","Nunchaku","Replay:PocketPolymizer","Runic Capacitor","Unceasing Top"],"acts_visited":["Exordium","TheCity","TheBeyond","TheEnding"],"potions_floor_usage":[5,5,55],"damage_taken":[{"damage":0,"enemies":"Cultist","floor":1,"turns":4},{"damage":2,"enemies":"Jaw Worm","floor":3,"turns":5},{"damage":8,"enemies":"Small Slimes","floor":4,"turns":4},{"damage":0,"enemies":"Exordium Wildlife","floor":5,"turns":4},{"damage":10,"enemies":"3 Sentries","floor":6,"turns":8},{"damage":6,"enemies":"Gremlin Nob","floor":11,"turns":7},{"damage":0,"enemies":"Large Slime","floor":12,"turns":5},{"damage":0,"enemies":"Lagavulin","floor":13,"turns":6},{"damage":0,"enemies":"Looter","floor":14,"turns":3},{"damage":0,"enemies":"Hexaghost","floor":16,"turns":9},{"damage":0,"enemies":"Shell Parasite","floor":18,"turns":6},{"damage":9,"enemies":"2 Thieves","floor":20,"turns":4},{"damage":0,"enemies":"Slavers","floor":23,"turns":8},{"damage":0,"enemies":"Book of Stabbing","floor":25,"turns":8},{"damage":0,"enemies":"Cultist and Chosen","floor":27,"turns":6},{"damage":0,"enemies":"Sentry and Sphere","floor":28,"turns":4},{"damage":0,"enemies":"Slavers","floor":30,"turns":4},{"damage":4,"enemies":"Pondfish","floor":33,"turns":11},{"damage":0,"enemies":"3 Shapes","floor":35,"turns":3},{"damage":0,"enemies":"Orb Walker","floor":37,"turns":4},{"damage":0,"enemies":"Giant Head","floor":40,"turns":9},{"damage":0,"enemies":"R_Hoarder","floor":42,"turns":8},{"damage":0,"enemies":"Giant Head","floor":44,"turns":9},{"damage":0,"enemies":"Awakened One","floor":50,"turns":11},{"damage":67,"enemies":"Shield and Spear","floor":54,"turns":8},{"damage":15,"enemies":"The Heart","floor":55,"turns":9}],"seed_played":"38729326142208876","potions_obtained":[{"floor":1,"key":"SkillPotion"},{"floor":2,"key":"DuplicationPotion"},{"floor":2,"key":"PowerPotion"},{"floor":6,"key":"Strength Potion"},{"floor":11,"key":"FocusPotion"},{"floor":16,"key":"Regen Potion"},{"floor":35,"key":"Flashbang"}],"is_trial":false,"path_per_floor":["M","?","M","M","M","E","R","$","T","?","E","M","E","M","R","B",null,"M","?","M","?","$","E","R","E","T","M","M","?","E","$","R","B",null,"M","?","M","?","$","E","R","E","T","E","R","?","R","$","R","B",null,"R","$","E","B",null],"character_chosen":"DEFECT","items_purchased":["FIFO Queue","Incense Burner","Barrage","construct:FoamFinger","Hello World","Glacier","Panacea","Cold Snap","hubris:MedicalManual","FIFO Queue","Calipers","Defragment","Coolheaded","ReplayTheSpireMod:Calculation Training","Lee\u0027s Waffle","hubris:EnhanceAbility","Crystallizer","Membership Card","ReplayTheSpireMod:Calculation Training","Torii","BootSequence","reliquary:SculptingSteel","Runic Capacitor","Loop"],"campfire_rested":0,"item_purchase_floors":[0,0,0,0,0,0,0,0,0,0,0,0,0,0,0,0,0,8,8,22,22,31,48,48],"current_hp_per_floor":[82,62,60,52,52,49,49,49,49,49,50,57,64,71,71,78,81,82,82,73,73,73,80,80,82,82,82,82,82,82,89,89,89,89,89,89,89,89,89,89,89,89,89,89,89,89,89,89,89,89,89,89,89,30,28],"gold":52,"neow_bonus":"","is_daily":false,"chose_seed":false,"campfire_upgraded":6,"win_rate":0.0,"timestamp":1613091058,"path_taken":["M","?","M","M","M","E","R","$","T","?","E","M","E","M","R","BOSS","M","?","M","?","$","E","R","E","T","M","M","?","E","$","R","BOSS","M","?","M","?","?","E","R","E","T","E","R","?","R","$","R","BOSS","R","$","E","BOSS"],"items_purchased_type":["Card","Relic","Card","Relic","Card","Card","Card","Card","Relic","Card","Relic","Card","Card","Card","Relic","Card","Card","Relic","Card","Relic","Card","Relic","Relic","Card"],"build_version":"2020-12-22","purchased_purges":5,"victory":true,"max_hp_per_floor":[82,82,82,82,82,82,82,82,82,82,82,82,82,82,82,82,82,82,82,82,82,82,82,82,82,82,82,82,82,82,89,89,89,89,89,89,89,89,89,89,89,89,89,89,89,89,89,89,89,89,89,89,89,89,89],"card_choices":[{"not_picked":["Scrape","Heatsinks"],"picked":"ReplayTheSpireMod:Calculation Training","floor":1},{"not_picked":["Gash","Rebound"],"picked":"Heatsinks","floor":2},{"not_picked":["ReplayTheSpireMod:Calculation Training","Double Energy"],"picked":"Cold Snap","floor":3},{"not_picked":["Compile Driver","Gash"],"picked":"Conserve Battery","floor":4},{"not_picked":["Undo","Go for the Eyes"],"picked":"Self Repair","floor":5},{"not_picked":["Gash","Rebound","Steam"],"picked":"SKIP","floor":6},{"not_picked":["Compile Driver","Rebound"],"picked":"Ball Lightning","floor":11},{"not_picked":["Rebound","Sweeping Beam","Panic Button"],"picked":"SKIP","floor":12},{"not_picked":["Ball Lightning","Panic Button"],"picked":"Consume","floor":13},{"not_picked":["Rebound","Stack","Lockon"],"picked":"SKIP","floor":14},{"not_picked":["Core Surge","Meteor Strike"],"picked":"Mirror Shield","floor":16},{"not_picked":["Barrage","Beam Cell"],"picked":"ReplayTheSpireMod:Calculation Training","floor":18},{"not_picked":["Panic Button","Force Field"],"picked":"hubris:PowerSurge","floor":20},{"not_picked":["Time Bomb","BasicCrystalCard"],"picked":"Turbo","floor":23},{"not_picked":["Go for the Eyes","Cold Snap","Rip and Tear"],"picked":"SKIP","floor":25},{"not_picked":["Gash","Genetic Algorithm"],"picked":"Buffer","floor":27},{"not_picked":["Leap","Rebound","Sweeping Beam"],"picked":"SKIP","floor":28},{"not_picked":["ReplaySolidLightProjector","Go for the Eyes","Reprogram+1"],"picked":"SKIP","floor":30},{"not_picked":["Electrodynamics","Multi-Cast"],"picked":"Mirror Shield","floor":33},{"not_picked":["Panic Button","Reprogram","Melter"],"picked":"SKIP","floor":35},{"not_picked":["Barrage","Scrape","Coolheaded"],"picked":"SKIP","floor":37},{"not_picked":["Redo","Consume+1"],"picked":"ReplayRNGCard","floor":40},{"not_picked":["Stack+1","Conserve Battery","Hologram"],"picked":"SKIP","floor":42},{"not_picked":["Reinforced Body+1","Thunder Strike","Gash+1"],"picked":"SKIP","floor":44},{"not_picked":["Beam Cell+1","Sunder"],"picked":"Coolheaded+1","floor":54}],"player_experience":832993,"relics_obtained":[{"floor":6,"key":"ReplayTheSpireMod:Shallot"},{"floor":9,"key":"Shovel"},{"floor":11,"key":"Toy Ornithopter"},{"floor":13,"key":"reliquary:Knoch"},{"floor":17,"key":"Boot"},{"floor":17,"key":"Replay:Bottled Eggs"},{"floor":17,"key":"Replay:Multitool"},{"floor":23,"key":"FossilizedHelix"},{"floor":25,"key":"Dream Catcher"},{"floor":26,"key":"Ice Cream"},{"floor":30,"key":"reliquary:PurpleTingedLeaf"},{"floor":40,"key":"Happy Flower"},{"floor":41,"key":"Gremlin Horn"},{"floor":42,"key":"reliquary:RoseTintedGlasses"},{"floor":44,"key":"Nunchaku"},{"floor":54,"key":"Unceasing Top"}],"event_choices":[{"damage_healed":0,"gold_gain":0,"cards_transformed":["Defend_B","Defend_B"],"player_choice":"Became Test Subject","damage_taken":0,"max_hp_gain":0,"max_hp_loss":0,"event_name":"Drug Dealer","floor":19,"gold_loss":0,"cards_obtained":["ReplaySort","Melter"]},{"damage_healed":0,"gold_gain":0,"player_choice":"Ignored","damage_taken":0,"max_hp_gain":0,"max_hp_loss":0,"event_name":"Vampires","floor":21,"gold_loss":0},{"damage_healed":0,"gold_gain":0,"player_choice":"Read","damage_taken":0,"max_hp_gain":0,"max_hp_loss":0,"event_name":"The Library","floor":29,"gold_loss":0,"cards_obtained":["Electrodynamics"]},{"cards_removed":["Melter"],"damage_healed":0,"gold_gain":0,"player_choice":"Removed Attack","damage_taken":0,"max_hp_gain":0,"max_hp_loss":0,"event_name":"Falling","floor":36,"gold_loss":0},{"damage_healed":0,"gold_gain":0,"player_choice":"Gave Potion","damage_taken":0,"relics_obtained":["Replay:PocketPolymizer"],"max_hp_gain":0,"max_hp_loss":0,"event_name":"WeMeetAgain","floor":46,"gold_loss":0}],"is_beta":false,"boss_relics":[{"not_picked":["Replay:Ancient Bell","Runic Dome"],"picked":"Calling Bell"},{"not_picked":["Kintsugi","hubris:RunicObelisk"],"picked":"Abe\u0027s Treasure"}],"items_purged_floors":[0,0,0,0,39],"is_endless":false,"potions_floor_spawned":[1,4,6,11,16,18,25,27,35,40],"ascension_level":13}}