{"host":"m9osufisr3agwk96","time":1613118643,"event":{"mods":["AchievementEnabler","Aspiration","BaseMod","Colored Map","Colored Powertips","Downfall","Friendly Minions","Hermit","Highlight Path","Hubris","Minty Spire (QoL Compilation)","Rare Cards Sparkle","Reliquary","Replay The Spire","Shop Mod","StSLib"],"gold_per_floor":[99,114,114,114,114,133,133,150,165,184,18,37,48,60,71,175,175,175,192,192,205,216,216,216,216,201,217,227,227,227,244,257,353,353,353,363,363,375,375,375,447,467,467,467,146,146,146,114,132,132,132,132],"floor_reached":50,"language":"ENG","playtime":3808,"items_purged":[],"score":490,"play_id":"a4b005fb-0425-45f1-8921-2f2d1152642a","local_time":"20210212003043","is_ascension_mode":false,"campfire_choices":[{"data":"hexamod:Float","floor":1,"key":"SMITH"},{"data":"hexamod:FlamesFromBeyond","floor":18,"key":"SMITH"},{"floor":23,"key":"REST"},{"data":"hexamod:FlamesFromBeyond","floor":30,"key":"SMITH"},{"data":"hexamod:FlamesFromBeyond","floor":35,"key":"SMITH"},{"floor":40,"key":"REST"},{"floor":44,"key":"REST"},{"data":"hexamod:SpectralAdrenaline","floor":47,"key":"SMITH"}],"circlet_count":0,"master_deck":["hexamod:Strike","hexamod:Strike","hexamod:Strike","hexamod:Strike","hexamod:Defend","hexamod:Defend","hexamod:Defend","hexamod:Defend","hexamod:Sear","hexamod:Float+1","hexamod:SpectralAdrenaline+1","hexamod:SpectralAdrenaline","hexamod:ThermalTransfer","hexamod:SwordOfDarkness","hexamod:SpectersWail","hexamod:FlamesFromBeyond+1","hexamod:SkipABeat","hexamod:FlamesFromBeyond+1","hexamod:PowerFromBeyond","hexamod:GhostLash","hexamod:FlamesFromBeyond","hexamod:TurnItUp","hexamod:InspiringFlames+1","hexamod:ShieldOfDarkness+1","hexamod:Hexaguard+1","hexamod:FlamesFromBeyond+1","hexamod:Haunt","hexamod:Again+1","hexamod:Haunt","hexamod:SwordOfDarkness","hexamod:SearingWound","hexamod:HeatCrush","hexamod:GhostShield","hexamod:SpectralAdrenaline+1","hexamod:Rewind+1","hexamod:RecurringNightmare","hexamod:Rewind","Parasite","hexamod:Firestarter"],"relics":["hexamod:SpiritBrand","Shuriken","hubris:EmptyBottle","White Beast Statue","Ring of Chaos","hubris:Icosahedron","Meat on the Bone","reliquary:TuningFork","Ginger","ClockworkSouvenir","ReplayFunnel"],"acts_visited":["Exordium","TheCity","TheBeyond"],"potions_floor_usage":[8,12,13,14,15,16,16,16,16,19,19,21,22,27,28,28,31,31,33,33,33,33,33,33,38,42,42,45,45,48,48,50,50,50,50,50],"damage_taken":[{"damage":0,"enemies":"Small Slimes","floor":2,"turns":4},{"damage":0,"enemies":"Cultist","floor":4,"turns":1},{"damage":6,"enemies":"Jaw Worm","floor":6,"turns":8},{"damage":3,"enemies":"Gremlin Gang","floor":8,"turns":8},{"damage":0,"enemies":"Exordium Wildlife","floor":9,"turns":3},{"damage":10,"enemies":"2 Fungi Beasts","floor":10,"turns":3},{"damage":0,"enemies":"downfall:FleeingMerchant","floor":11,"turns":4},{"damage":3,"enemies":"Gremlin Gang","floor":12,"turns":4},{"damage":0,"enemies":"3 Louse","floor":13,"turns":2},{"damage":3,"enemies":"Large Slime","floor":14,"turns":5},{"damage":2,"enemies":"2 Fungi Beasts","floor":15,"turns":2},{"damage":31,"enemies":"IC_STATUS_ARCHETYPE","floor":16,"turns":6},{"damage":9,"enemies":"Spheric Guardian","floor":19,"turns":4},{"damage":6,"enemies":"Cultist and Chosen","floor":21,"turns":4},{"damage":7,"enemies":"Snake Plant","floor":22,"turns":3},{"damage":0,"enemies":"downfall:FleeingMerchant","floor":26,"turns":4},{"damage":8,"enemies":"3 Cultists","floor":27,"turns":4},{"damage":10,"enemies":"Centurion and Healer","floor":28,"turns":5},{"damage":5,"enemies":"Snake Plant","floor":31,"turns":3},{"damage":0,"enemies":"Shelled Parasite and Fungi","floor":32,"turns":4},{"damage":18,"enemies":"DF_ARCHETYPE_CLAW","floor":33,"turns":8},{"damage":15,"enemies":"3 Shapes","floor":36,"turns":3},{"damage":5,"enemies":"Orb Walker","floor":38,"turns":3},{"damage":28,"enemies":"Sphere and 2 Shapes","floor":42,"turns":6},{"damage":0,"enemies":"downfall:FleeingMerchant","floor":45,"turns":4},{"damage":0,"enemies":"downfall:FleeingMerchant","floor":48,"turns":4},{"damage":0,"enemies":"Writhing Mass","floor":49,"turns":6},{"damage":101,"enemies":"WA_ARCHETYPE_DIVINITY","floor":50,"turns":5}],"seed_played":"3150854190117308530","potions_obtained":[{"floor":2,"key":"AttackPotion"},{"floor":6,"key":"hexamod:EctoCoolerPotion"},{"floor":13,"key":"ColorlessPotion"},{"floor":14,"key":"hexamod:EctoCoolerPotion"},{"floor":15,"key":"PowerPotion"},{"floor":16,"key":"AttackPotion"},{"floor":19,"key":"Flashbang"},{"floor":22,"key":"BlessingOfTheForge"},{"floor":26,"key":"Ancient Potion"},{"floor":27,"key":"GamblersBrew"},{"floor":28,"key":"ColorlessPotion"},{"floor":31,"key":"Flashbang"},{"floor":32,"key":"PowerPotion"},{"floor":33,"key":"Strength Potion"},{"floor":36,"key":"LiquidBronze"},{"floor":38,"key":"Weak Potion"},{"floor":42,"key":"SpeedPotion"},{"floor":45,"key":"BlessingOfTheForge"},{"floor":48,"key":"Elixir"},{"floor":49,"key":"SpeedPotion"}],"is_trial":false,"path_per_floor":["R","M","?","M","?","M","T","M","M","M","$","M","M","M","M","B",null,"R","M","?","M","M","R","T","?","$","M","M","?","R","M","M","B",null,"R","M","?","M","?","R","T","M","T","R","$","?","R","$","M","B"],"character_chosen":"THE_SPIRIT","items_purchased":["hubris:EmptyBottle","Ginger","ClockworkSouvenir","hexamod:Rewind","ReplayFunnel"],"campfire_rested":3,"item_purchase_floors":[11,45,48,48,48],"current_hp_per_floor":[77,77,77,77,77,71,71,68,68,58,58,55,55,52,50,19,77,77,68,68,62,55,77,77,77,77,69,59,77,77,72,72,54,77,77,62,62,57,57,77,77,49,49,72,72,72,72,72,72,0,0,0],"gold":132,"neow_bonus":"TEN_PERCENT_HP_BONUS","is_daily":false,"chose_seed":false,"campfire_upgraded":5,"win_rate":0.0,"timestamp":1613118643,"path_taken":["R","M","?","M","?","M","T","M","M","?","?","?","M","M","M","BOSS","R","M","?","M","M","R","T","?","$","M","?","?","R","M","M","BOSS","R","M","?","M","?","R","T","M","?","R","$","?","R","$","M","BOSS"],"items_purchased_type":["Relic","Relic","Relic","Card","Relic"],"build_version":"2020-12-22","purchased_purges":0,"victory":false,"max_hp_per_floor":[77,77,77,77,77,77,77,77,77,77,77,77,77,77,77,77,77,77,77,77,77,77,77,77,77,77,77,77,77,77,77,77,77,77,77,77,77,77,77,77,77,77,77,77,77,77,77,77,77,77,77,77],"card_choices":[{"not_picked":["hexamod:HeatCrush","hexamod:FastForward"],"picked":"hexamod:SpectralAdrenaline","floor":2},{"not_picked":["hexamod:Again","hexamod:NightmareStrike"],"picked":"hexamod:ThermalTransfer","floor":6},{"not_picked":["hexamod:BacktrackSmack","hexamod:NightmareGuise"],"picked":"hexamod:SwordOfDarkness","floor":8},{"not_picked":["hexamod:NecessarySacrifice","hexamod:NightmareStrike"],"picked":"hexamod:SpectersWail","floor":9},{"not_picked":["hexamod:RainOfEmbers","hexamod:GiftsFromTheDead"],"picked":"hexamod:FlamesFromBeyond","floor":10},{"not_picked":["hexamod:ShieldOfDarkness","hexamod:GhostShield"],"picked":"hexamod:SkipABeat","floor":11},{"not_picked":["hexamod:GhostLash","hexamod:ShieldOfDarkness"],"picked":"hexamod:FlamesFromBeyond","floor":12},{"not_picked":["hexamod:RetreatToShadows","hexamod:ShieldOfDarkness"],"picked":"hexamod:PowerFromBeyond","floor":13},{"not_picked":["hexamod:ShieldOfDarkness","hexamod:BacktrackSmack"],"picked":"hexamod:GhostLash","floor":14},{"not_picked":["hexamod:RadiantFlame","hexamod:SkipABeat"],"picked":"hexamod:FlamesFromBeyond","floor":15},{"not_picked":["hexamod:TimeWarp","hexamod:TimeOfNeed"],"picked":"hexamod:TurnItUp","floor":16},{"not_picked":["hexamod:PhantomFireball","hexamod:NightmareGuise"],"picked":"hexamod:InspiringFlames+1","floor":19},{"not_picked":["hexamod:HeatShield+1","hexamod:NecessarySacrifice"],"picked":"hexamod:ShieldOfDarkness+1","floor":21},{"not_picked":["hexamod:NightmareStrike","hexamod:PhantomFireball+1"],"picked":"hexamod:Hexaguard+1","floor":22},{"not_picked":["hexamod:ThermalTransfer","hexamod:PhantomCloak+1"],"picked":"hexamod:FlamesFromBeyond","floor":26},{"not_picked":["hexamod:SpectersWail","hexamod:GhostLash"],"picked":"hexamod:Haunt","floor":27},{"not_picked":["hexamod:StepThrough+1","hexamod:GhostOfSpireFuture"],"picked":"hexamod:Again","floor":28},{"not_picked":["hexamod:GhostOfSpireFuture+1","hexamod:HeatMetal"],"picked":"hexamod:Haunt","floor":31},{"not_picked":["hexamod:FourthSeal","hexamod:GhostOfSpireFuture"],"picked":"hexamod:SwordOfDarkness","floor":32},{"not_picked":["hexamod:ForkedFlame","hexamod:UnleashSpirits"],"picked":"hexamod:SearingWound","floor":33},{"not_picked":["hexamod:ExtraCrispy+1","hexamod:SkipABeat"],"picked":"hexamod:HeatCrush","floor":36},{"not_picked":["hexamod:FastForward+1","hexamod:RadiantFlame+1"],"picked":"hexamod:GhostShield","floor":38},{"not_picked":["hexamod:HeatShield","hexamod:FastForward+1"],"picked":"hexamod:SpectralAdrenaline+1","floor":42},{"not_picked":["hexamod:InspiringFlames+1","hexamod:SpectralAdrenaline"],"picked":"hexamod:Rewind+1","floor":45},{"not_picked":["hexamod:HauntingEcho+1","hexamod:FifthSeal"],"picked":"hexamod:RecurringNightmare","floor":48},{"not_picked":["hexamod:RecurringNightmare","hexamod:AdvancingGuard"],"picked":"hexamod:Firestarter","floor":49}],"player_experience":455254,"relics_obtained":[{"floor":7,"key":"Shuriken"},{"floor":24,"key":"White Beast Statue"},{"floor":41,"key":"Meat on the Bone"},{"floor":43,"key":"reliquary:TuningFork"}],"event_choices":[{"damage_healed":0,"gold_gain":0,"player_choice":"Ignored","damage_taken":0,"max_hp_gain":0,"max_hp_loss":0,"event_name":"NoteForYourself","floor":25,"gold_loss":0},{"damage_healed":25,"gold_gain":0,"player_choice":"Heal","damage_taken":0,"max_hp_gain":0,"max_hp_loss":0,"event_name":"The Library","floor":29,"gold_loss":0}],"is_beta":false,"boss_relics":[{"not_picked":["hubris:TerracottaHorce","aspiration:FutureDiary","aspiration:RunicSpoon"]},{"not_picked":["reliquary:Craggleroot","Runic Pyramid"],"picked":"Ring of Chaos"}],"items_purged_floors":[],"is_endless":false,"potions_floor_spawned":[2,6,13,14,15,16,19,22,26,27,28,31,32,33,36,38,42,45,48,49],"killed_by":"WA_ARCHETYPE_DIVINITY","ascension_level":0}}