{"host":"6xsbn6ynqlzwllfm","time":1613090522,"event":{"mods":["2.2 Compatiblity","BaseMod","Bestiary","Colored Map","Colored Powertips","Curses Come First","Downfall","Highlight Path","Keyboard Shortcuts","Minty Spire (QoL Compilation)","Relic Stats","Slay the Relics Exporter","StSLib","SuperFastMode"],"gold_per_floor":[99,119,119,119,136,121,168,6,40,53,88,108,93,125,135,236,236,136,146,160,178,193,93,120,465,478,496,496,527,267,286,299,299,299,299],"floor_reached":33,"language":"ENG","playtime":1880,"items_purged":["downfall:Malfunctioning"],"score":379,"play_id":"8371c27e-5c44-4fa8-97da-aba84c677c57","local_time":"20210211194202","is_ascension_mode":true,"campfire_choices":[{"data":"bronze:Goto","floor":1,"key":"SMITH"},{"floor":18,"key":"RECALL"},{"floor":23,"key":"REST"},{"floor":28,"key":"REST"}],"circlet_count":0,"master_deck":["bronze:Strike+1","bronze:Strike","bronze:Strike","bronze:Defend+1","bronze:Defend+1","bronze:Defend+1","bronze:Defend","bronze:Replicate","bronze:CloningBeam+1","bronze:Boost","bronze:RecursiveStrike","bronze:WhirlingStrike","bronze:Return","bronze:MaxOutput","bronze:FineTuning","bronze:FunctionCard","bronze:Frontload","Injury","bronze:CutThrough","bronze:WhirlingStrike","bronze:Fortify+1","bronze:Verify"],"relics":["Velvet Choker","Toy Ornithopter","bronze:BronzeIdol","Ancient Tea Set","bronze:SilverBullet","The Courier","Cursed Key","downfall:HeartBlessingGreen","downfall:HeartBlessingRed","Whetstone","WingedGreaves","Eternal Feather"],"acts_visited":["Exordium","TheCity"],"potions_floor_usage":[13,13,13,16,25,25,32,33],"damage_taken":[{"damage":1,"enemies":"Small Slimes","floor":2,"turns":3},{"damage":4,"enemies":"Jaw Worm","floor":5,"turns":3},{"damage":2,"enemies":"downfall:FleeingMerchant","floor":6,"turns":4},{"damage":0,"enemies":"downfall:FleeingMerchant","floor":8,"turns":4},{"damage":13,"enemies":"3 Sentries","floor":9,"turns":8},{"damage":0,"enemies":"Cultist","floor":10,"turns":3},{"damage":21,"enemies":"Gremlin Nob","floor":11,"turns":5},{"damage":10,"enemies":"Exordium Thugs","floor":12,"turns":3},{"damage":0,"enemies":"downfall:FleeingMerchant","floor":13,"turns":4},{"damage":0,"enemies":"Lagavulin","floor":14,"turns":5},{"damage":6,"enemies":"Red Slaver","floor":15,"turns":2},{"damage":14,"enemies":"DF_ARCHETYPE_STREAMLINE","floor":16,"turns":9},{"damage":18,"enemies":"Chosen","floor":19,"turns":5},{"damage":12,"enemies":"Shell Parasite","floor":20,"turns":4},{"damage":12,"enemies":"Centurion and Healer","floor":21,"turns":6},{"damage":5,"enemies":"Snecko","floor":22,"turns":3},{"damage":0,"enemies":"downfall:FleeingMerchant","floor":25,"turns":4},{"damage":24,"enemies":"Snake Plant","floor":26,"turns":3},{"damage":11,"enemies":"Shelled Parasite and Fungi","floor":27,"turns":5},{"damage":22,"enemies":"Slavers","floor":29,"turns":4},{"damage":9,"enemies":"Chosen and Byrds","floor":31,"turns":5},{"damage":3,"enemies":"Snake Plant","floor":32,"turns":5},{"damage":20,"enemies":"SI_MIRROR_ARCHETYPE","floor":33,"turns":8}],"seed_played":"5277359986806155226","potions_obtained":[{"floor":2,"key":"LiquidMemories"},{"floor":5,"key":"Swift Potion"},{"floor":11,"key":"Guardian:BlockOnCardUsePotion"},{"floor":12,"key":"hexamod:SoulburnPotion"},{"floor":15,"key":"bronze:BurnAndBuffPotion"},{"floor":20,"key":"DuplicationPotion"},{"floor":22,"key":"Swift Potion"},{"floor":27,"key":"SteroidPotion"},{"floor":29,"key":"SkillPotion"}],"is_trial":false,"path_per_floor":["R","M","?","?","M","$","T","$","E","M","E","M","$","E","M","B",null,"R","M","M","M","M","R","T","$","M","M","R","E","$","M","M","B"],"character_chosen":"THE_AUTOMATON","items_purchased":["bronze:BronzeIdol","Eternal Feather"],"campfire_rested":2,"item_purchase_floors":[8,30],"current_hp_per_floor":[70,69,69,69,65,63,63,63,50,50,29,19,34,34,28,19,70,70,52,40,28,23,44,44,54,30,19,40,18,18,9,11,0,0,0],"gold":299,"neow_bonus":"BOSS_RELIC","is_daily":false,"chose_seed":false,"campfire_upgraded":1,"win_rate":0.0,"timestamp":1613090522,"path_taken":["R","M","?","?","M","$","T","$","E","M","E","M","?","E","M","BOSS","R","M","?","M","M","R","T","$","M","M","R","E","$","M","M","BOSS"],"items_purchased_type":["Relic","Relic"],"build_version":"2020-12-22","purchased_purges":1,"victory":false,"max_hp_per_floor":[70,70,70,70,70,70,70,70,70,70,70,70,70,70,70,70,70,70,70,70,70,70,70,70,70,70,70,70,70,70,70,70,70,70,70],"relic_stats":{"counters":[23,105],"Eternal Feather":0,"Whetstone":["bronze:CloningBeam","bronze:Strike"],"Cursed Key":1,"obtain_stats":[{"bronze:BronzeCore":0,"downfall:HeartBlessingRed":23,"Velvet Choker":0,"downfall:HeartBlessingGreen":18,"Eternal Feather":30,"The Courier":14,"Whetstone":24,"Ancient Tea Set":9,"Cursed Key":17,"bronze:BronzeIdol":8,"WingedGreaves":29,"bronze:SilverBullet":11,"Toy Ornithopter":7},{"bronze:BronzeCore":0,"downfall:HeartBlessingRed":16,"Velvet Choker":0,"downfall:HeartBlessingGreen":12,"Eternal Feather":20,"The Courier":10,"Whetstone":16,"Ancient Tea Set":5,"Cursed Key":12,"bronze:BronzeIdol":4,"WingedGreaves":20,"bronze:SilverBullet":7,"Toy Ornithopter":3},{"bronze:BronzeCore":0,"downfall:HeartBlessingRed":71,"Velvet Choker":0,"downfall:HeartBlessingGreen":53,"Eternal Feather":87,"The Courier":42,"Whetstone":71,"Ancient Tea Set":22,"Cursed Key":53,"bronze:BronzeIdol":14,"WingedGreaves":87,"bronze:SilverBullet":30,"Toy Ornithopter":10}],"Toy Ornithopter":40},"card_choices":[{"not_picked":["bronze:Deprecate","bronze:BugBarrage"],"picked":"bronze:CloningBeam","floor":5},{"not_picked":["bronze:ThunderWave","bronze:Turbo"],"picked":"bronze:Boost","floor":6},{"not_picked":["bronze:BuggyMess","bronze:Branch"],"picked":"bronze:RecursiveStrike","floor":8},{"not_picked":["bronze:Constructor","bronze:Shield"],"picked":"bronze:WhirlingStrike","floor":11},{"not_picked":["bronze:OilSpill","bronze:BitShift"],"picked":"bronze:Return","floor":12},{"not_picked":["bronze:ForceShield","bronze:Turbo"],"picked":"bronze:MaxOutput","floor":13},{"not_picked":["bronze:Turbo","bronze:NullPointer"],"picked":"bronze:FineTuning","floor":15},{"not_picked":["bronze:Library","bronze:ThunderWave"],"picked":"bronze:Hardcode","floor":16},{"not_picked":["bronze:ChosenStrike+1","bronze:GetLatest","bronze:Return"],"picked":"SKIP","floor":19},{"not_picked":["bronze:Refactor","bronze:Invalidate+1"],"picked":"bronze:Frontload","floor":20},{"not_picked":["bronze:OilSpill","bronze:CleanCode"],"picked":"bronze:CutThrough","floor":25},{"not_picked":["bronze:Invalidate","bronze:Safeguard+1"],"picked":"bronze:WhirlingStrike","floor":26},{"not_picked":["bronze:Terminator","bronze:BuggyMess"],"picked":"bronze:Fortify+1","floor":27},{"not_picked":["bronze:CutThrough","bronze:BronzeOrb"],"picked":"bronze:Verify","floor":29}],"player_experience":1732434,"relics_obtained":[{"floor":7,"key":"Toy Ornithopter"},{"floor":9,"key":"Ancient Tea Set"},{"floor":11,"key":"bronze:SilverBullet"},{"floor":14,"key":"The Courier"},{"floor":24,"key":"Whetstone"},{"floor":29,"key":"WingedGreaves"}],"event_choices":[],"is_beta":false,"boss_relics":[{"not_picked":["Pandora\u0027s Box","Tiny House"],"picked":"Cursed Key"}],"items_purged_floors":[30],"is_endless":false,"potions_floor_spawned":[2,5,11,12,15,20,22,27,29],"killed_by":"SI_MIRROR_ARCHETYPE","ascension_level":4}}