{"host":"c2p2isezsqpgoqg6","time":1613120429,"event":{"mods":["BaseMod","BetterRewards","Colored Map","DeckTracker","Downfall","Infinite Spire","Minty Spire (QoL Compilation)","Quick Restart","StSLib","SuperFastMode"],"gold_per_floor":[117,117,136,152,152,182,38,73,73,73,83,95,95,113,113,113,233,233,233],"floor_reached":18,"language":"ENG","playtime":424,"items_purged":["Strike_B"],"score":172,"play_id":"430bdcb7-8543-4fd7-8255-def96a8652dc","local_time":"20210212100029","is_ascension_mode":false,"campfire_choices":[{"floor":16,"key":"REST"}],"circlet_count":0,"master_deck":["Strike_B","Strike_B","Strike_B","Defend_B","Defend_B","Defend_B","Defend_B","Zap","Dualcast","Cold Snap","Loop","Streamline","Genetic Algorithm+1","Defragment","Beam Cell","Coolheaded+1","Chaos+1"],"relics":["Cracked Core","NeowsBlessing","Blue Candle","Toxic Egg 2","Shuriken","infinitespire:ShieldingShard","Regal Pillow","Golden Idol","SacredBark"],"acts_visited":["Exordium","TheCity"],"potions_floor_usage":[8,17],"damage_taken":[{"damage":0,"enemies":"Jaw Worm","floor":1,"turns":1},{"damage":0,"enemies":"Small Slimes","floor":3,"turns":1},{"damage":0,"enemies":"infinitespire:Voidling","floor":4,"turns":1},{"damage":21,"enemies":"Gremlin Nob","floor":6,"turns":4},{"damage":27,"enemies":"3 Sentries","floor":8,"turns":8},{"damage":3,"enemies":"Blue Slaver","floor":11,"turns":5},{"damage":0,"enemies":"Exordium Wildlife","floor":12,"turns":3},{"damage":12,"enemies":"Lots of Slimes","floor":14,"turns":6},{"damage":28,"enemies":"Hexaghost","floor":17,"turns":9}],"seed_played":"696214635804676348","potions_obtained":[{"floor":4,"key":"PowerPotion"},{"floor":6,"key":"LiquidMemories"},{"floor":11,"key":"FearPotion"}],"is_trial":false,"path_per_floor":["M","?","M","M","?","E","$","E","T","T","M","M","?","M","?","R","B",null],"character_chosen":"DEFECT","items_purchased":["Defragment"],"campfire_rested":1,"item_purchase_floors":[7],"current_hp_per_floor":[75,70,70,70,70,49,49,22,22,22,19,19,19,7,4,39,11,69,69],"gold":233,"neow_bonus":"THREE_ENEMY_KILL","is_daily":false,"chose_seed":false,"campfire_upgraded":0,"win_rate":0.0,"timestamp":1613120429,"path_taken":["M","?","M","M","?","E","$","E","T","T","M","M","?","M","?","R","BOSS"],"items_purchased_type":["Card"],"build_version":"2020-12-22","purchased_purges":1,"victory":false,"max_hp_per_floor":[75,75,75,75,75,75,75,75,75,75,75,75,69,69,69,69,69,69,69],"card_choices":[{"not_picked":["Lockon","Capacitor"],"picked":"Cold Snap","floor":1},{"not_picked":["Rebound","Fusion"],"picked":"Loop","floor":3},{"not_picked":["Undo","Genetic Algorithm"],"picked":"Streamline","floor":4},{"not_picked":["Rip and Tear","Scrape"],"picked":"Genetic Algorithm+1","floor":6},{"not_picked":["Lockon","Hello World"],"picked":"Beam Cell","floor":8},{"not_picked":["Hologram+1","Chaos+1","Rebound"],"picked":"SKIP","floor":11},{"not_picked":["Aggregate+1","Heatsinks"],"picked":"Coolheaded+1","floor":12},{"not_picked":["Rebound","Storm"],"picked":"Chaos+1","floor":14}],"player_experience":481169,"relics_obtained":[{"floor":6,"key":"Toxic Egg 2"},{"floor":8,"key":"Shuriken"},{"floor":9,"key":"infinitespire:ShieldingShard"},{"floor":10,"key":"Regal Pillow"}],"event_choices":[{"damage_healed":0,"gold_gain":0,"player_choice":"Lose Max HP","damage_taken":0,"relics_obtained":["Golden Idol"],"max_hp_gain":0,"max_hp_loss":6,"event_name":"Golden Idol","floor":13,"gold_loss":0},{"damage_healed":0,"gold_gain":0,"player_choice":"Fled","damage_taken":3,"max_hp_gain":0,"max_hp_loss":0,"event_name":"Scrap Ooze","floor":15,"gold_loss":0}],"is_beta":false,"boss_relics":[{"not_picked":["Ectoplasm","Astrolabe"],"picked":"SacredBark"}],"items_purged_floors":[7],"is_endless":false,"potions_floor_spawned":[4,6,11],"ascension_level":0}}