{"host":"doky","time":1613095175,"event":{"mods":["100% Spire Juice","Act Like it!","BaseMod","Dota2Spire","Gensokyo","KinomotoSakuraMod(ƒæ÷Æ±æ”£)","Marisa£®ÏF”Í°°ƒß¿Ì…≥£©","Minty Spire (QoL Compilation)","Railgun Mod","Reimu£®≤©¿ˆ¡È√Œ£©","Remilia£®¿Ÿ√◊¿Ú—«£©","StSLib","The Alterego","Yakumo Yukari mod","Youmu£®ªÍ∆«—˝√Œ£©","Yuri Mod"],"gold_per_floor":[116,116,116,41,61,61,96,96,47,73,89,89,108,108,108,108,108],"floor_reached":16,"language":"ZHS","playtime":824,"items_purged":["Injury"],"score":133,"play_id":"e4f93297-6f7e-4053-9693-a23b9e9420c1","local_time":"20210212095935","is_ascension_mode":false,"campfire_choices":[{"data":"Moonworks:Ambush","floor":6,"key":"SMITH"},{"data":"Moonworks:DeployBits","floor":8,"key":"SMITH"},{"data":"Moonworks:BindingChains","floor":15,"key":"SMITH"}],"circlet_count":0,"master_deck":["Moonworks:Strike","Moonworks:Strike","Moonworks:Strike","Moonworks:Strike","Moonworks:Defend","Moonworks:Defend","Moonworks:Defend","Moonworks:Defend","Moonworks:Ambush+1","Moonworks:LongDistanceShot","Moonworks:DeployBits+1","Moonworks:MiracleRedBeanIceCream","Moonworks:LuckyCharm","Moonworks:BindingChains+1","Moonworks:NicePresent"],"relics":["Moonworks:BrokenBomb","Moonworks:Homemark","NeowsBlessing","Gensokyo:Justice","Unceasing Top","Bird Faced Urn","Sundial","Ornamental Fan","Dota2Spire:ShadowBlade"],"acts_visited":["Exordium"],"potions_floor_usage":[16],"damage_taken":[{"damage":0,"enemies":"Gensokyo:Gryphon","floor":1,"turns":1},{"damage":0,"enemies":"Gensokyo:3_Fairies","floor":5,"turns":1},{"damage":0,"enemies":"Gensokyo:Aya","floor":7,"turns":1},{"damage":16,"enemies":"Gensokyo:Mamizou","floor":10,"turns":6},{"damage":0,"enemies":"Gensokyo:Python","floor":11,"turns":3},{"damage":0,"enemies":"Gensokyo:LivingMonolith","floor":13,"turns":2},{"damage":2,"enemies":"Gensokyo:Yukari","floor":16,"turns":4}],"seed_played":"8738922735691824416","potions_obtained":[{"floor":5,"key":"ZuzhouPotion:ReiMu"},{"floor":7,"key":"Dota2Spire:Clarity"},{"floor":11,"key":"LiquidBronze"}],"is_trial":false,"path_per_floor":["M","?","?","$","M","R","E","R","T","E","M","T","M","?","R","B"],"character_chosen":"THE_STARBREAKER","items_purchased":[],"campfire_rested":0,"item_purchase_floors":[],"current_hp_per_floor":[60,60,60,60,60,60,60,60,60,44,49,49,54,54,54,57,57],"gold":108,"neow_bonus":"THREE_ENEMY_KILL","is_daily":false,"chose_seed":false,"campfire_upgraded":3,"win_rate":0.0,"timestamp":1613095175,"path_taken":["M","?","?","$","?","R","E","R","T","E","M","?","M","?","R","BOSS"],"items_purchased_type":[],"build_version":"2020-12-18","purchased_purges":1,"victory":false,"max_hp_per_floor":[60,60,60,60,60,60,60,60,60,60,60,60,60,60,60,60,60],"card_choices":[{"not_picked":["Moonworks:SakisCookie","Moonworks:IntelligenceOfficer"],"picked":"Moonworks:EvilSpyWorkPreparation","floor":1},{"not_picked":["Moonworks:BigMagnum","Moonworks:x16BigRocket"],"picked":"Moonworks:DeployBits","floor":5},{"not_picked":["Moonworks:Assault","Moonworks:UnpaidWork"],"picked":"Moonworks:MiracleRedBeanIceCream","floor":7},{"not_picked":["Moonworks:CloudOfSeagulls","Moonworks:EvilSpyWorkPreparation"],"picked":"Moonworks:LuckyCharm","floor":10},{"not_picked":["Moonworks:NicePresent","Moonworks:IntelligenceOfficer"],"picked":"Moonworks:BindingChains","floor":11},{"not_picked":["Moonworks:DeployBits","Moonworks:ImmovableObject"],"picked":"Moonworks:NicePresent","floor":13}],"player_experience":410217,"relics_obtained":[{"floor":7,"key":"Bird Faced Urn"},{"floor":9,"key":"Sundial"},{"floor":10,"key":"Ornamental Fan"},{"floor":12,"key":"Dota2Spire:ShadowBlade"}],"event_choices":[],"is_beta":true,"boss_relics":[],"items_purged_floors":[4],"is_endless":false,"potions_floor_spawned":[5,7,11],"killed_by":"Gensokyo:Yukari","ascension_level":0}}