{"host":"2n2g1vowfllvjtvi","time":1613145329,"event":{"mods":["AchievementEnabler","BaseMod","Custom Start","GifTheSpireLib","Keyboard Shortcuts","Minty Spire (QoL Compilation)","Permanent Neow","Quick Restart","StSLib","SuperFastMode"],"gold_per_floor":[12,29,40,40,57,57,68,84,84,84,94,107,107,25,25,122,122,134,147,164,89,89,89,89,89,89,100,22,57,57,57,57,57,57],"floor_reached":33,"language":"KOR","playtime":461,"items_purged":["Defend_P"],"score":448,"play_id":"07e09029-c538-49e4-ad2a-4e5ef9e250e6","local_time":"20210213005529","is_ascension_mode":true,"campfire_choices":[{"data":"Eruption","floor":6.0,"key":"SMITH"},{"data":"Defend_P","floor":10.0,"key":"PURGE"},{"data":"Strike_P","floor":13.0,"key":"PURGE"},{"data":"Strike_P","floor":15.0,"key":"PURGE"},{"data":"Adaptation","floor":23.0,"key":"SMITH"},{"data":"Tantrum","floor":25.0,"key":"SMITH"},{"data":"Adaptation","floor":30,"key":"SMITH"},{"data":"Ragnarok","floor":32,"key":"SMITH"}],"circlet_count":0,"master_deck":["AscendersBane","Defend_P","Eruption+1","Vigilance","Adaptation+1","EmptyFist","Tantrum+1","Ragnarok+1","Adaptation+1"],"relics":["PureWater","Peace Pipe","InkBottle","Empty Cage","Mercury Hourglass","Red Mask"],"acts_visited":["Exordium","TheCity"],"potions_floor_usage":[27,33,33],"damage_taken":[{"damage":1.0,"enemies":"Cultist","floor":1.0,"turns":3.0},{"damage":4.0,"enemies":"Jaw Worm","floor":2.0,"turns":4.0},{"damage":0.0,"enemies":"2 Louse","floor":3.0,"turns":1.0},{"damage":3.0,"enemies":"2 Fungi Beasts","floor":5.0,"turns":4.0},{"damage":3.0,"enemies":"Looter","floor":7.0,"turns":4.0},{"damage":13.0,"enemies":"Lots of Slimes","floor":8.0,"turns":4.0},{"damage":3.0,"enemies":"3 Louse","floor":11.0,"turns":5.0},{"damage":1.0,"enemies":"Red Slaver","floor":12.0,"turns":4.0},{"damage":0.0,"enemies":"Slime Boss","floor":16.0,"turns":6.0},{"damage":0.0,"enemies":"3 Byrds","floor":18.0,"turns":4.0},{"damage":3.0,"enemies":"Chosen","floor":19.0,"turns":3.0},{"damage":0.0,"enemies":"Snecko","floor":20.0,"turns":2.0},{"damage":4,"enemies":"Shelled Parasite and Fungi","floor":27,"turns":2},{"damage":10,"enemies":"Masked Bandits","floor":29,"turns":3},{"damage":58,"enemies":"Collector","floor":33,"turns":6}],"seed_played":"-7072744460123431996","potions_obtained":[{"floor":2.0,"key":"Explosive Potion"},{"floor":3.0,"key":"GamblersBrew"},{"floor":8.0,"key":"Weak Potion"},{"floor":12.0,"key":"Weak Potion"},{"floor":18.0,"key":"Fire Potion"},{"floor":19.0,"key":"Energy Potion"},{"floor":20.0,"key":"EssenceOfSteel"},{"floor":29,"key":"Dexterity Potion"}],"is_trial":false,"path_per_floor":["M","M","M","?","M","R","M","M","T","R","M","M","R","$","R","B",null,"M","M","M","$","?","R","?","R","T","M","$","?","R","T","R","B"],"character_chosen":"WATCHER","items_purchased":["Tantrum","BowlingBash","Adaptation"],"campfire_rested":0,"item_purchase_floors":[14,14,28],"current_hp_per_floor":[64,60,60,60,57,57,54,41,41,41,38,37,37,37,37,37,63,63,60,60,60,60,60,60,60,60,56,56,46,46,46,46,0,0],"gold":57,"neow_bonus":"ONE_RARE_RELIC","is_daily":false,"chose_seed":false,"campfire_upgraded":5,"win_rate":0.0,"timestamp":1613145329,"path_taken":["M","?","M","?","M","R","M","M","T","R","?","M","R","$","R","BOSS","M","M","M","$","?","R","?","R","T","M","$","?","R","?","R","BOSS"],"items_purchased_type":["Card","Card","Card"],"build_version":"2020-12-22","purchased_purges":1,"victory":false,"max_hp_per_floor":[72,72,72,72,72,72,72,72,72,72,72,72,72,72,72,72,72,72,72,72,72,72,72,72,72,72,72,72,72,72,72,72,72,72],"card_choices":[{"not_picked":["Crescendo","EmptyMind","Prostrate"],"picked":"SKIP","floor":1.0},{"not_picked":["Conclude","Sanctity","Evaluate"],"picked":"SKIP","floor":2.0},{"not_picked":["Pray","Halt"],"picked":"Adaptation","floor":3.0},{"not_picked":["FlyingSleeves","Conclude","Meditate"],"picked":"SKIP","floor":5.0},{"not_picked":["SashWhip","Nirvana"],"picked":"EmptyFist","floor":7.0},{"not_picked":["Protect","CrushJoints","SashWhip"],"picked":"SKIP","floor":8.0},{"not_picked":["Alpha","Indignation","Crescendo"],"picked":"SKIP","floor":11.0},{"not_picked":["ReachHeaven","Pray","Prostrate"],"picked":"SKIP","floor":12.0},{"not_picked":["MasterReality","Brilliance"],"picked":"Ragnarok","floor":16.0},{"not_picked":["Collect","Wireheading","Tantrum"],"picked":"SKIP","floor":18.0},{"not_picked":["Conclude","BattleHymn+1","ClearTheMind"],"picked":"SKIP","floor":19.0},{"not_picked":["SashWhip","JustLucky","FlurryOfBlows"],"picked":"SKIP","floor":20.0},{"not_picked":["EmptyBody","EmptyMind","CutThroughFate"],"picked":"SKIP","floor":27}],"player_experience":232452,"relics_obtained":[{"floor":9.0,"key":"InkBottle"},{"floor":26.0,"key":"Mercury Hourglass"},{"floor":29,"key":"Red Mask"}],"event_choices":[{"cards_removed":["Strike_P"],"damage_healed":0.0,"max_hp_gain":0.0,"max_hp_loss":0.0,"gold_gain":0.0,"event_name":"Bonfire Elementals","player_choice":"Offered Basic","floor":4.0,"gold_loss":0.0,"damage_taken":0.0},{"damage_healed":0.0,"max_hp_gain":0.0,"max_hp_loss":0.0,"gold_gain":0.0,"event_name":"Ghosts","player_choice":"Ignored","floor":22.0,"gold_loss":0.0,"damage_taken":0.0},{"cards_removed":["BowlingBash"],"damage_healed":0.0,"max_hp_gain":0.0,"max_hp_loss":0.0,"gold_gain":0.0,"event_name":"Back to Basics","player_choice":"Elegance","floor":24.0,"gold_loss":0.0,"damage_taken":0.0},{"damage_healed":0,"gold_gain":0,"player_choice":"Fought Bandits","damage_taken":0,"max_hp_gain":0,"max_hp_loss":0,"event_name":"Masked Bandits","floor":29,"gold_loss":0}],"is_beta":false,"boss_relics":[{"not_picked":["Philosopher\u0027s Stone","Snecko Eye"],"picked":"Empty Cage"}],"items_purged_floors":[21],"is_endless":false,"potions_floor_spawned":[2,3,8,12,18,19,20,29],"killed_by":"Collector","ascension_level":11}}