{"host":"27wa8ufp4ryspt1p","time":1613097080,"event":{"mods":["2.2 Compatiblity","A Penny For Your Troubles","Abigail Mod","Act Like it!","Aspiration","BaseMod","Better Altar","Better Match","Better Note","Better Skull","Better Third Choice","Colored Map","Conspire","Curses Come First","Dota2Spire","Downfall-Rebalance","Elementarium","Energized Spire","Fox Events","Friendly Minions","Gensokyo","GifTheSpireLib","Gold Saver","Halation","Hallownest","HololiveMod","Hubris","Humility","Infinite Spire","Keyboard Shortcuts","Menagerie","Mimic Mod","Minty Spire (QoL Compilation)","Pale of the Ancients","Poor People Problems","Quarter Circle Forward PUNCH!","Reimu??????","Relic Filter Mod","Relic Sorter","Relic Stats","Reliquary","Replay The Spire","Reworked Bosses","Shop Mod","Spicy Shops","Spikes Relics","Spire Arcade","StSLib","Stuff the Spire","SuperFastMode","The Cursed","The Exalted","The Judge","The Necromancer","Trackpad","Waifu the Spire","Wandering Minibosses","[IsaacMod]????","??????REMEMod","????"],"gold_per_floor":[289,304,304,304,315,315,361,236,273,308,308,27,48,125,125,268,268,335,290,394,251,385,420,420],"floor_reached":23,"language":"SPA","playtime":1083,"items_purged":[],"score":430,"play_id":"e6f83061-54d4-4b8c-aee7-8c6177c28904","local_time":"20210211203120","daily_mods":["SealedDeck","Colorless Cards","Heirloom","Elite Swarm","Lethality"],"is_ascension_mode":true,"campfire_choices":[{"data":"Echo Form","floor":6,"key":"SMITH"},{"floor":15,"key":"RECALL"}],"circlet_count":0,"master_deck":["AscendersBane","Rebound","REME_SelfUpgrade","Panic Button","expansioncontent:Collect","REME_EyeOfCthun","Panic Button","Ball Lightning","expansioncontent:DefensiveMode","StuffTheSpire:FreeRealEstate","Echo Form+1","Conserve Battery","Cold Snap","expansioncontent:TimeRipple","REME_BodyOfCthun","ReplayTheSpireMod:Private Reserves","ReplayTheSpireMod:Calculation Training+1","ReplayUltimateDefense","Reforge","Doom and Gloom","StuffTheSpire:Plugnplay+1","Dark Shackles"],"relics":["HushsDoor","REME_ComplimentaryCards","Dota2Spire:ShivaGuard","Void","Hallownest:DreamNailRelic","Dota2Spire:EchoSabre","Diplopia","halation:PinkSoulGem","MerchantsRug","Smiling Mask","reliquary:KinkedSpring","reliquary:RosewoodLute","Dota2Spire:HandOfMidas","Replay:Bandana"],"acts_visited":["Hallownest:Greenpath","Hallownest:CityofTears"],"potions_floor_usage":[],"damage_taken":[{"damage":8,"enemies":"2_ Uuma","floor":1,"turns":3},{"damage":9,"enemies":"Hallownest:2_MossCreeps","floor":2,"turns":3},{"damage":0,"enemies":"Hallownest:monsterHuskWarrior","floor":5,"turns":2},{"damage":7,"enemies":"Hallownest:eliteMossKnight","floor":7,"turns":7},{"damage":0,"enemies":"Hallownest:Guard_and_Warrior","floor":9,"turns":4},{"damage":4,"enemies":"Hallownest:eliteCrystalGuardian","floor":10,"turns":4},{"damage":0,"enemies":"Hallownest:eliteMossKnight","floor":14,"turns":5},{"damage":20,"enemies":"Hallownest:BossFalseKnight","floor":16,"turns":7},{"damage":27,"enemies":"Hallownest:3_Youths","floor":18,"turns":5},{"damage":0,"enemies":"conspire:MimicChest","floor":20,"turns":8},{"damage":0,"enemies":"Hallownest:Flukemon_and_Top","floor":22,"turns":9},{"damage":30,"enemies":"Nightmare","floor":23,"turns":5}],"seed_played":"-2649884625167985509","potions_obtained":[{"floor":1,"key":"Strength Potion"},{"floor":5,"key":"DuplicationPotion"},{"floor":20,"key":"Venom Potion"}],"is_trial":true,"path_per_floor":["M","M","?","$","M","R","E","?","MIM","E","?","R","$","E","R_BF","B",null,"M","?","?","$","M","NM"],"character_chosen":"DEFECT","items_purchased":["MerchantsRug","Replay:Bandana","ReplayTheSpireMod:Calculation Training+1","Dota2Spire:HandOfMidas"],"campfire_rested":0,"item_purchase_floors":[12,12,13,21],"current_hp_per_floor":[56,47,47,47,47,47,40,40,40,36,36,36,36,36,36,16,57,30,30,30,30,30,0,0],"gold":420,"neow_bonus":"","is_daily":false,"chose_seed":false,"campfire_upgraded":1,"win_rate":0.0,"timestamp":1613097080,"path_taken":["M","M","?","$","?","R","E","?","MIM","E","?","R","?","E","R_BF","BOSS","M","?","?","?","M","NM"],"items_purchased_type":["Relic","Relic","Card","Relic"],"build_version":"2020-12-22","purchased_purges":0,"victory":false,"max_hp_per_floor":[71,71,71,71,71,71,71,71,71,71,71,71,71,71,71,71,71,71,71,71,71,71,71,71],"relic_stats":{"counters":[12,62],"Smiling Mask":0,"obtain_stats":[{"KeepersGift":0,"Dota2Spire:EchoSabre":7,"MerchantsRug":12,"Dota2Spire:HandOfMidas":21,"Dota2Spire:ShivaGuard":0,"Hallownest:DreamNailRelic":3,"reliquary:RosewoodLute":20,"Smiling Mask":14,"reliquary:KinkedSpring":17,"Replay:Bandana":12,"Diplopia":10,"Void":0,"Cracked Core":0,"HushsDoor":0,"halation:PinkSoulGem":11,"REME_ComplimentaryCards":0},{"KeepersGift":0,"Dota2Spire:EchoSabre":4,"MerchantsRug":6,"Dota2Spire:HandOfMidas":10,"Dota2Spire:ShivaGuard":0,"Hallownest:DreamNailRelic":2,"reliquary:RosewoodLute":10,"Smiling Mask":7,"reliquary:KinkedSpring":8,"Replay:Bandana":6,"Diplopia":6,"Void":0,"Cracked Core":0,"HushsDoor":0,"halation:PinkSoulGem":6,"REME_ComplimentaryCards":0},{"KeepersGift":0,"Dota2Spire:EchoSabre":15,"MerchantsRug":23,"Dota2Spire:HandOfMidas":48,"Dota2Spire:ShivaGuard":0,"Hallownest:DreamNailRelic":6,"reliquary:RosewoodLute":48,"Smiling Mask":28,"reliquary:KinkedSpring":35,"Replay:Bandana":23,"Diplopia":23,"Void":0,"Cracked Core":0,"HushsDoor":0,"halation:PinkSoulGem":23,"REME_ComplimentaryCards":0}]},"card_choices":[{"not_picked":["Blizzard","Beam Cell"],"picked":"Conserve Battery","floor":1},{"not_picked":["Redo","Degenerate","Stack"],"picked":"Cold Snap","floor":2},{"not_picked":["StuffTheSpire:LoadUp","Go for the Eyes"],"picked":"expansioncontent:TimeRipple","floor":5},{"not_picked":["ReplayRNGCard","Hyperbeam"],"picked":"REME_BodyOfCthun","floor":7},{"not_picked":["Turbo","Degenerate","Conserve Battery"],"picked":"ReplayTheSpireMod:Private Reserves","floor":9},{"not_picked":["Echo Form","expansioncontent:Corrupt","BloodyBrimstone"],"picked":"SKIP","floor":10},{"not_picked":["Hyperbeam","hubris:Prefetch","Fission"],"picked":"ReplayUltimateDefense","floor":14},{"not_picked":["ReplayTheSpireMod:Necrogeddon","REME_Shoggoth","ReplayRNGCard"],"picked":"Reforge","floor":16},{"not_picked":["Turbo","StuffTheSpire:LoadUp+1"],"picked":"Doom and Gloom","floor":18},{"not_picked":["ReplayTheSpireMod:System Scan","Replay:Sssssssssshield","Sweeping Beam"],"picked":"StuffTheSpire:Plugnplay+1","floor":20},{"not_picked":["Redo","Turbo","Beam Cell"],"picked":"Dark Shackles","floor":22}],"player_experience":4009231,"relics_obtained":[{"floor":7,"key":"Dota2Spire:EchoSabre"},{"floor":10,"key":"Diplopia"},{"floor":14,"key":"Smiling Mask"},{"floor":20,"key":"reliquary:RosewoodLute"},{"floor":22,"key":"Replay:Bandana"}],"event_choices":[{"damage_healed":0,"gold_gain":0,"player_choice":"2","damage_taken":0,"max_hp_gain":0,"max_hp_loss":0,"event_name":"betterMatch:BetterMatch","floor":8,"gold_loss":0,"cards_obtained":["betterMatch:UncommonCard"]}],"is_beta":false,"boss_relics":[{"not_picked":["Empty Cage","aspiration:PoetsPen"],"picked":"reliquary:KinkedSpring"},{"not_picked":[]}],"items_purged_floors":[],"is_endless":false,"potions_floor_spawned":[1,5,10,20],"killed_by":"Nightmare","ascension_level":20,"is_humility":true}}