{"host":"d0cgmeoofhzhdzhb","time":1613117873,"event":{"mods":["Act Like it!","Alarm Clock","BaseMod","Better-Laid Plans","Challenge The Spire","Downfall","Hero for Fun","Lobotomy","LobotomyExtend","Minty Spire (QoL Compilation)","Pale of the Ancients","Permanent Neow","Reimu£®≤©¿ˆ¡È√Œ£©","Relic Stats","Remilia£®¿Ÿ√◊¿Ú—«£©","Replay The Spire","StSLib","Youmu£®ªÍ∆«—˝√Œ£©","ÛÙª÷∏ƒœ"],"gold_per_floor":[0,12,0,12,32,45,45,45,56,81,94,194,194,207,225,325,325,325,345,363,381,381,381],"floor_reached":22,"language":"ZHS","playtime":1996,"items_purged":[],"score":192,"play_id":"f82301cb-e580-4fb3-afed-fd550148dcf6","local_time":"20210212161753","is_ascension_mode":false,"campfire_choices":[{"data":"Guardian:TwinSlam","floor":1.0,"key":"SMITH"},{"data":"Guardian:BodySlam","floor":8.0,"key":"SMITH"},{"floor":13.0,"key":"REST"}],"circlet_count":0,"master_deck":["Guardian:Strike_Guardian","Guardian:Strike_Guardian","Guardian:Strike_Guardian","Guardian:Strike_Guardian","Guardian:Defend_Guardian","Guardian:Defend_Guardian","Guardian:Defend_Guardian","Guardian:CurlUp","Guardian:TwinSlam+1","Guardian:TemporalStrike","Guardian:StasisField","Guardian:PiercingHide","Guardian:Recover","Guardian:BodySlam+1","Guardian:FloatingOrbs","Guardian:Suspension","Guardian:Harden","Guardian:Incinerate","Guardian:FloatingOrbs","Guardian:TimeSifter","AbeCurse","Guardian:Gem_White","Guardian:Emergency+1","Guardian:ShieldCharger","Guardian:TemporalShield+1"],"relics":["Guardian:ModeShifter","Replay:Kaleidoscope","LetterFromLob","Question Card","Tiny Chest","Toy Ornithopter","Abe\u0027s Treasure"],"acts_visited":["Exordium","TheCity"],"potions_floor_usage":[],"damage_taken":[{"damage":1.0,"enemies":"Jaw Worm","floor":2.0,"turns":3.0},{"damage":5.0,"enemies":"downfall:FleeingMerchant","floor":3.0,"turns":4.0},{"damage":6.0,"enemies":"Cultist","floor":4.0,"turns":3.0},{"damage":3.0,"enemies":"Small Slimes","floor":5.0,"turns":3.0},{"damage":7.0,"enemies":"Exordium Wildlife","floor":6.0,"turns":9.0},{"damage":3.0,"enemies":"Large Slime","floor":9.0,"turns":7.0},{"damage":17.0,"enemies":"3 Sentries","floor":10.0,"turns":5.0},{"damage":0.0,"enemies":"Blue Slaver","floor":11.0,"turns":4.0},{"damage":33.0,"enemies":"downfall:LadyInBlue","floor":12.0,"turns":14.0},{"damage":1.0,"enemies":"Large Slime","floor":14.0,"turns":6.0},{"damage":5.0,"enemies":"Blue Slaver","floor":15.0,"turns":4.0},{"damage":24.0,"enemies":"DF_ARCHETYPE_STREAMLINE","floor":16.0,"turns":11.0},{"damage":12,"enemies":"Spheric Guardian","floor":19,"turns":4},{"damage":33,"enemies":"Chosen and Byrds","floor":20,"turns":8},{"damage":20,"enemies":"Snake Plant","floor":21,"turns":5},{"damage":20,"enemies":"Sentry and Sphere","floor":22,"turns":3}],"seed_played":"-3859260165060248734","potions_obtained":[{"floor":2.0,"key":"LifebloodPotion"},{"floor":5.0,"key":"SkillPotion"},{"floor":6.0,"key":"ColorlessPotion"},{"floor":10.0,"key":"Fire Potion"},{"floor":12.0,"key":"Regen Potion"},{"floor":19,"key":"ZuzhouPotion:ReiMu"}],"is_trial":false,"path_per_floor":["R","M","$","M","M","M","T","R","M","E","M","?","R","M","M","B",null,"R","M","M","M","M"],"character_chosen":"GUARDIAN","items_purchased":[],"campfire_rested":1,"item_purchase_floors":[],"current_hp_per_floor":[80,79,74,68,65,58,58,58,55,38,38,5,29,28,23,4,80,80,68,35,15,0,0],"gold":381,"neow_bonus":"ONE_RARE_RELIC","is_daily":false,"chose_seed":false,"campfire_upgraded":2,"win_rate":0.0,"timestamp":1613117873,"path_taken":["R","M","$","M","M","M","T","R","M","E","M","?","R","M","M","BOSS","R","M","M","M","?"],"items_purchased_type":[],"build_version":"2020-12-22","purchased_purges":0,"victory":false,"max_hp_per_floor":[80,80,80,80,80,80,80,80,80,80,80,80,80,80,80,80,80,80,80,80,80,80,80],"relic_stats":{"counters":[16,93],"Tiny Chest":0,"Question Card":10,"obtain_stats":[{"Guardian:ModeShifter":0,"Tiny Chest":10,"LetterFromLob":2,"Replay:Kaleidoscope":0,"Question Card":7,"Toy Ornithopter":12,"Abe\u0027s Treasure":17},{"Guardian:ModeShifter":0,"Tiny Chest":7,"LetterFromLob":1,"Replay:Kaleidoscope":0,"Question Card":5,"Toy Ornithopter":9,"Abe\u0027s Treasure":12},{"Guardian:ModeShifter":0,"Tiny Chest":34,"LetterFromLob":3,"Replay:Kaleidoscope":0,"Question Card":22,"Toy Ornithopter":52,"Abe\u0027s Treasure":73}],"Toy Ornithopter":5},"card_choices":[{"not_picked":["Guardian:Preprogram","Guardian:Incinerate"],"picked":"Guardian:TemporalStrike","floor":2.0},{"not_picked":["Guardian:TimeCapacitor","Guardian:MultiBeam"],"picked":"Guardian:StasisField","floor":3.0},{"not_picked":["Guardian:ChargeCore","Guardian:TemporalShield"],"picked":"Guardian:PiercingHide","floor":4.0},{"not_picked":["Guardian:PiercingHide","Guardian:ChargeCore"],"picked":"Guardian:Recover","floor":5.0},{"not_picked":["Guardian:DonusPower","Guardian:TimeBomb"],"picked":"Guardian:BodySlam","floor":6.0},{"not_picked":["Guardian:BronzeOrb","Guardian:TimeCapacitor","Guardian:VentSteam"],"picked":"Guardian:FloatingOrbs","floor":9.0},{"not_picked":["Guardian:ChargeCore","Guardian:Gem_Blue","Guardian:FastForward"],"picked":"Guardian:Gem_Crimson","floor":10.0},{"not_picked":["Guardian:Gem_Crimson","Guardian:Reroute","Guardian:VentSteam"],"picked":"Guardian:Suspension","floor":11.0},{"not_picked":["Guardian:TimeBomb","Guardian:TemporalStrike","Guardian:ShieldCharger"],"picked":"Guardian:Harden","floor":12.0},{"not_picked":["Guardian:PiercingHide","Guardian:CrystalBeam","Guardian:VentSteam"],"picked":"Guardian:Incinerate","floor":14.0},{"not_picked":["Guardian:DonusPower","Guardian:Gem_Green","Guardian:VentSteam"],"picked":"Guardian:FloatingOrbs","floor":15.0},{"not_picked":["Guardian:ExploitGems","Guardian:SphericShield","Guardian:StasisStrike"],"picked":"Guardian:TimeSifter","floor":16.0},{"not_picked":["Guardian:ChargeCore","Guardian:Gem_Red","Guardian:PiercingHide"],"picked":"Guardian:Emergency+1","floor":19},{"not_picked":["Guardian:PiercingHide","Guardian:WalkerClaw","Guardian:PrismaticBarrier"],"picked":"Guardian:ShieldCharger","floor":20},{"not_picked":["Guardian:MultiBeam","Guardian:Gem_Red","Guardian:ShieldCharger+1"],"picked":"Guardian:TemporalShield+1","floor":21}],"player_experience":258564,"relics_obtained":[{"floor":2.0,"key":"LetterFromLob"},{"floor":7.0,"key":"Question Card"},{"floor":10.0,"key":"Tiny Chest"},{"floor":12.0,"key":"Toy Ornithopter"}],"event_choices":[],"is_beta":false,"boss_relics":[{"not_picked":["Replay:Ancient Bell","Calling Bell"],"picked":"Abe\u0027s Treasure"}],"items_purged_floors":[],"is_endless":false,"potions_floor_spawned":[2,5,6,10,15,16,19,20,21],"killed_by":"Sentry and Sphere","ascension_level":0}}