{"host":"i9h64q9gphvrup4n","time":1613098892,"event":{"mods":["2.2 Compatiblity","AchievementEnabler","Aspiration","Astrologer","Bard","BaseMod","Beaked The Cultist","BetterRewards","Colored Powertips","Conspire","Downfall","Gremlin Mod","Hermit","Hubris","Infinite Spire","Jorbs\u0027s Wanderer Trilogy","Minty Spire (QoL Compilation)","Replay The Spire","Shop Mod","StSLib","SuperFastMode","The Blackbeard","The Bladedancer","The Bug Knight","The Construct","The Cursed","The Disciple","The Hierophant","The Jungle","The Necromancer","The Runesmith","The Wild Card","slay the spire mod where everything is the same but ironclad has a cowboy hat"],"gold_per_floor":[118,118,136,106,122,155,172,202,229,229,243,270,285,299,299,394,394,407,418,430,480,494,494,528,528,528,555,568,587,617,629,629,629,629],"floor_reached":33,"language":"ENG","playtime":1219,"items_purged":[],"score":516,"play_id":"0119723b-a8fd-4f0e-944d-853d4952fffc","local_time":"20210211210132","is_ascension_mode":true,"campfire_choices":[{"floor":10,"key":"REST"},{"floor":15,"key":"REST"},{"floor":23,"key":"RECALL"},{"floor":25,"key":"REST"}],"circlet_count":0,"master_deck":["Strike_R","Strike_R","Strike_R","Strike_R","Strike_R","Defend_R","Defend_R","Defend_R","Defend_R","Bash","hermit:Covet+1","Bash","ReplayTheSpireMod:LeadingStrike+1","infinitespire:DeathsTouch+1","Heavy Blade","Carnage","Inflame","infinitespire:OneForAll","Rage+1","Fire Breathing","Twin Strike","Heavy Blade","Cleave","Barricade","Anger","Perfected Strike+1","infinitespire:Starlight","infinitespire:Oblivion","ReplayTheSpireMod:Strike From Hell","Rage","Cleave","Anger","ReplayTheSpireMod:Strike From Hell","Run Through","Cleave","Infernal Blade"],"relics":["Burning Blood","Runesmith:AutoHammer","Ornamental Fan","ReplayTheSpireMod:Spearhead","infinitespire:Burning Sword","Tiny House","War Paint","Kunai","aspiration:EmptySkull","PreservedInsect"],"acts_visited":["Exordium","TheCity"],"potions_floor_usage":[5,5,7,8,8,12,14,16,22,24,27,29,31],"damage_taken":[{"damage":3,"enemies":"conspire:RoseBush","floor":1,"turns":4},{"damage":0,"enemies":"Cultist","floor":3,"turns":2},{"damage":2,"enemies":"infinitespire:Voidling","floor":5,"turns":2},{"damage":20,"enemies":"3 Sentries","floor":6,"turns":4},{"damage":1,"enemies":"3 Louse","floor":7,"turns":3},{"damage":56,"enemies":"Gremlin Nob","floor":8,"turns":5},{"damage":6,"enemies":"2 Fungi Beasts","floor":11,"turns":2},{"damage":27,"enemies":"3 Sentries","floor":12,"turns":5},{"damage":15,"enemies":"Exordium Wildlife","floor":13,"turns":4},{"damage":6,"enemies":"Blue Slaver","floor":14,"turns":3},{"damage":14,"enemies":"Slime Boss","floor":16,"turns":9},{"damage":14,"enemies":"Chosen","floor":18,"turns":3},{"damage":23,"enemies":"Centurion and Healer","floor":19,"turns":2},{"damage":20,"enemies":"Snake Plant","floor":20,"turns":3},{"damage":4,"enemies":"Cultist and Chosen","floor":22,"turns":2},{"damage":34,"enemies":"conspire:Head Lice","floor":24,"turns":3},{"damage":4,"enemies":"Gremlin Leader","floor":27,"turns":2},{"damage":8,"enemies":"3 Cultists","floor":28,"turns":4},{"damage":10,"enemies":"Snake Plant","floor":29,"turns":2},{"damage":49,"enemies":"HollowMod:Nosk","floor":30,"turns":4},{"damage":16,"enemies":"Centurion and Healer","floor":31,"turns":3},{"damage":73,"enemies":"Pondfish","floor":33,"turns":5}],"seed_played":"2367855539845423997","potions_obtained":[{"floor":1,"key":"Energy Potion"},{"floor":4,"key":"Block Potion"},{"floor":4,"key":"LifebloodPotion"},{"floor":5,"key":"SpeedPotion"},{"floor":6,"key":"BloodPotion"},{"floor":7,"key":"SteroidPotion"},{"floor":13,"key":"ColorlessPotion"},{"floor":14,"key":"Adrenaline Potion"},{"floor":21,"key":"AttackPotion"},{"floor":22,"key":"PowerPotion"},{"floor":24,"key":"Fire Potion"},{"floor":28,"key":"Energy Potion"},{"floor":30,"key":"DistilledChaos"}],"is_trial":false,"path_per_floor":["M","?","M","?","M","E","M","E","T","R","M","E","M","M","R","B",null,"M","M","M","AVR","M","R","E","R","T","E","M","M","E","M","R","B"],"character_chosen":"IRONCLAD","items_purchased":[],"campfire_rested":3,"item_purchase_floors":[],"current_hp_per_floor":[91,67,73,73,77,63,68,37,37,65,65,44,35,35,63,55,86,78,61,47,52,54,54,36,66,66,68,66,62,29,29,59,0,0],"gold":629,"neow_bonus":"TWENTY_PERCENT_HP_BONUS","is_daily":false,"chose_seed":false,"campfire_upgraded":0,"win_rate":0.0,"timestamp":1613098892,"path_taken":["M","?","M","?","M","E","M","E","T","R","M","E","?","M","R","BOSS","M","M","M","AVR","?","R","E","R","T","E","?","M","E","M","R","BOSS"],"items_purchased_type":[],"build_version":"2020-12-22","purchased_purges":0,"victory":false,"max_hp_per_floor":[96,96,96,96,96,96,96,96,96,96,96,96,96,96,96,96,96,96,96,96,101,101,101,101,101,101,101,101,101,101,101,101,101,101],"card_choices":[{"not_picked":["Warcry","Cleave"],"picked":"ReplayTheSpireMod:LeadingStrike","floor":1},{"not_picked":["hubris:Fate","infinitespire:Collect"],"picked":"infinitespire:DeathsTouch","floor":2},{"not_picked":["Carnage","Warcry"],"picked":"Heavy Blade","floor":3},{"not_picked":["Headbutt","Body Slam"],"picked":"Carnage","floor":5},{"not_picked":["Clash","True Grit"],"picked":"Inflame","floor":6},{"not_picked":["hubris:SharpeningStone","Pommel Strike"],"picked":"infinitespire:OneForAll","floor":7},{"not_picked":["Hemokinesis","Replay:Many Hands"],"picked":"Rage","floor":8},{"not_picked":["ReplayTheSpireMod:Corrosion Curse","Anger"],"picked":"Fire Breathing","floor":11},{"not_picked":["Life Link","Hemokinesis"],"picked":"Twin Strike","floor":12},{"not_picked":["Sever Soul","ReplayTheSpireMod:Corrosion Curse"],"picked":"Heavy Blade","floor":13},{"not_picked":["Defy Death","Armaments"],"picked":"Cleave","floor":14},{"not_picked":["Replay:Many Hands","Impervious"],"picked":"Barricade","floor":16},{"not_picked":["Flame Barrier","Pummel"],"picked":"Anger","floor":18},{"not_picked":["Wild Strike","Sword Boomerang"],"picked":"Perfected Strike+1","floor":19},{"not_picked":["Headbutt","Abandon","Massacre"],"picked":"SKIP","floor":20},{"not_picked":["Clothesline","Clash"],"picked":"ReplayTheSpireMod:Strike From Hell","floor":21},{"not_picked":["Bloodletting","Fiend Fire"],"picked":"Rage","floor":22},{"not_picked":["Hemokinesis","Sever Soul"],"picked":"Cleave","floor":24},{"not_picked":["Evolve","Disarm"],"picked":"Anger","floor":27},{"not_picked":["Life Link","Flex"],"picked":"ReplayTheSpireMod:Strike From Hell","floor":28},{"not_picked":["Intimidate","Clothesline"],"picked":"Run Through","floor":29},{"not_picked":["Flex","Replay:Undeath\u0027s Touch"],"picked":"Cleave","floor":30},{"not_picked":["Clothesline","ReplayTheSpireMod:Corrosion Curse"],"picked":"Infernal Blade","floor":31}],"player_experience":749857,"relics_obtained":[{"floor":6,"key":"Runesmith:AutoHammer"},{"floor":8,"key":"Ornamental Fan"},{"floor":12,"key":"ReplayTheSpireMod:Spearhead"},{"floor":24,"key":"War Paint"},{"floor":26,"key":"Kunai"},{"floor":27,"key":"aspiration:EmptySkull"},{"floor":30,"key":"PreservedInsect"}],"event_choices":[{"damage_healed":0,"gold_gain":0,"player_choice":"Bought 2 Potions","damage_taken":0,"max_hp_gain":0,"max_hp_loss":0,"event_name":"The Woman in Blue","floor":4,"gold_loss":0}],"is_beta":false,"boss_relics":[{"not_picked":["Fusion Hammer","Velvet Choker"],"picked":"infinitespire:Burning Sword"}],"items_purged_floors":[],"is_endless":false,"potions_floor_spawned":[1,5,6,7,13,14,22,24,28,30],"killed_by":"Pondfish","ascension_level":8}}