{"host":"3y9j540ftq0by6cq","time":1613096993,"event":{"mods":["BaseMod","CapriCore","Minty Spire (QoL Compilation)","StSLib","The Cursed"],"gold_per_floor":[119,130,150,150,150,183,199,50,77,102,121,161,174,210,210,333,333,358,358,358],"floor_reached":19,"language":"ZHS","playtime":1095,"items_purged":[],"score":191,"play_id":"e85ab9f0-76b9-4f95-b952-f261887ce8f5","local_time":"20210212102953","is_ascension_mode":false,"campfire_choices":[{"floor":15,"key":"REST"}],"circlet_count":0,"master_deck":["TheCursedMod:Strike_TheCursed","TheCursedMod:Strike_TheCursed","TheCursedMod:Strike_TheCursed","TheCursedMod:Strike_TheCursed","TheCursedMod:Defend_TheCursed","TheCursedMod:Defend_TheCursed","TheCursedMod:Defend_TheCursed","TheCursedMod:Defend_TheCursed","TheCursedMod:CursedWand+1","TheCursedMod:CleanUpWorkshop","TheCursedMod:Dregs","TheCursedMod:CursedShiv","TheCursedMod:CircleOfFlame","TheCursedMod:CursedShiv","Injury","Pain","TheCursedMod:SoulReap","TheCursedMod:VoidForm","TheCursedMod:CircleOfFlame","TheCursedMod:SpitefulPlan","TheCursedMod:Stretching","TheCursedMod:CursedBlade","TheCursedMod:CursedSpellbook","TheCursedMod:HellsGateOpen","TheCursedMod:SpitefulPray","TheCursedMod:Wield","TheCursedMod:WearCloak","TheCursedMod:ParallelWorld","TheCursedMod:WearCloak"],"relics":["TheCursedMod:BlackMagic101","Golden Idol","WarpedTongs","Dream Catcher","Nunchaku","Art of War","Sundial","Black Star"],"acts_visited":["Exordium","TheCity"],"potions_floor_usage":[11,12,14,14,16],"damage_taken":[{"damage":7,"enemies":"2 Louse","floor":1,"turns":3},{"damage":0,"enemies":"Cultist","floor":2,"turns":3},{"damage":0,"enemies":"Small Slimes","floor":3,"turns":3},{"damage":14,"enemies":"3 Sentries","floor":6,"turns":7},{"damage":5,"enemies":"Blue Slaver","floor":7,"turns":4},{"damage":13,"enemies":"Exordium Wildlife","floor":10,"turns":4},{"damage":16,"enemies":"Looter","floor":11,"turns":3},{"damage":13,"enemies":"Lagavulin","floor":12,"turns":4},{"damage":9,"enemies":"2 Fungi Beasts","floor":13,"turns":4},{"damage":9,"enemies":"Gremlin Nob","floor":14,"turns":3},{"damage":21,"enemies":"The Guardian","floor":16,"turns":5},{"damage":41,"enemies":"2 Thieves","floor":18,"turns":5},{"damage":37,"enemies":"Shell Parasite","floor":19,"turns":5}],"seed_played":"-9175339015099000307","potions_obtained":[{"floor":2,"key":"SteroidPotion"},{"floor":3,"key":"Energy Potion"},{"floor":6,"key":"PowerPotion"},{"floor":12,"key":"ColorlessPotion"},{"floor":14,"key":"GamblersBrew"},{"floor":16,"key":"Ancient Potion"},{"floor":18,"key":"SmokeBomb"}],"is_trial":false,"path_per_floor":["M","M","M","?","?","E","M","$","T","M","M","E","M","E","R","B",null,"M","M"],"character_chosen":"THE_CURSED","items_purchased":["TheCursedMod:CircleOfFlame","TheCursedMod:SpitefulPlan","TheCursedMod:Stretching"],"campfire_rested":1,"item_purchase_floors":[8,8,8],"current_hp_per_floor":[68,68,68,68,68,54,52,52,52,39,34,33,25,16,38,17,75,36,0,0],"gold":358,"neow_bonus":"UPGRADE_CARD","is_daily":false,"chose_seed":false,"campfire_upgraded":0,"win_rate":0.0,"timestamp":1613096993,"path_taken":["M","M","M","?","?","E","M","$","T","M","M","E","M","E","R","BOSS","M","M"],"items_purchased_type":["Card","Card","Card"],"build_version":"2020-12-22","purchased_purges":0,"victory":false,"max_hp_per_floor":[75,75,75,75,75,75,75,75,75,75,75,75,75,75,75,75,75,75,75,75],"card_choices":[{"not_picked":["TheCursedMod:CursedBlade","TheCursedMod:Obscuration"],"picked":"TheCursedMod:CursedShiv","floor":1},{"not_picked":["TheCursedMod:FleshFromBone","TheCursedMod:SmokeScreen"],"picked":"TheCursedMod:CircleOfFlame","floor":2},{"not_picked":["TheCursedMod:SpitefulPlan","TheCursedMod:WearCloak"],"picked":"TheCursedMod:CursedShiv","floor":3},{"not_picked":["TheCursedMod:Mangle","TheCursedMod:CircleOfCorruption"],"picked":"TheCursedMod:SoulReap","floor":6},{"not_picked":["TheCursedMod:Wield","TheCursedMod:SaltUponWound"],"picked":"TheCursedMod:VoidForm","floor":7},{"not_picked":["TheCursedMod:CursedMace","TheCursedMod:Wield"],"picked":"TheCursedMod:CursedBlade","floor":10},{"not_picked":["TheCursedMod:CircleOfWindfury","TheCursedMod:Stigma"],"picked":"TheCursedMod:CursedSpellbook","floor":11},{"not_picked":["TheCursedMod:CursedShiv","TheCursedMod:SpitefulStrike"],"picked":"TheCursedMod:HellsGateOpen","floor":12},{"not_picked":["TheCursedMod:AshesToAshes","TheCursedMod:Obscuration"],"picked":"TheCursedMod:SpitefulPray","floor":13},{"not_picked":["TheCursedMod:TacticalStrike","TheCursedMod:CircleOfCorruption"],"picked":"TheCursedMod:Wield","floor":14},{"not_picked":["TheCursedMod:CursedStaff","TheCursedMod:FleshFromBone"],"picked":"TheCursedMod:WearCloak","floor":15},{"not_picked":["TheCursedMod:ShockAndAwe","TheCursedMod:ManaCirculation"],"picked":"TheCursedMod:ParallelWorld","floor":16},{"not_picked":["TheCursedMod:CursedBoomerang","TheCursedMod:CircleOfWindfury+1"],"picked":"TheCursedMod:WearCloak","floor":18}],"player_experience":76246,"relics_obtained":[{"floor":6,"key":"Dream Catcher"},{"floor":9,"key":"Nunchaku"},{"floor":12,"key":"Art of War"},{"floor":14,"key":"Sundial"}],"event_choices":[{"damage_healed":0,"gold_gain":0,"player_choice":"Take Wound","damage_taken":0,"relics_obtained":["Golden Idol"],"max_hp_gain":0,"max_hp_loss":0,"event_name":"Golden Idol","floor":4,"gold_loss":0,"cards_obtained":["Injury"]},{"damage_healed":0,"gold_gain":0,"player_choice":"Rummage","damage_taken":0,"relics_obtained":["WarpedTongs"],"max_hp_gain":0,"max_hp_loss":0,"event_name":"Accursed Blacksmith","floor":5,"gold_loss":0,"cards_obtained":["Pain"]}],"is_beta":false,"boss_relics":[{"not_picked":["Fusion Hammer","Tiny House"],"picked":"Black Star"}],"items_purged_floors":[],"is_endless":false,"potions_floor_spawned":[2,3,6,12,14,16,18],"killed_by":"Shell Parasite","ascension_level":0}}