{"host":"50qwps766cbz6ukm","time":1613131864,"event":{"mods":["BaseMod","Colored Map","Colored Powertips","DeckTracker","Highlight Path","Minty Spire (QoL Compilation)","Quick Restart","Remove Card Discount Mod","StSLib","SuperFastMode","Synergy Search"],"gold_per_floor":[217,217,1,1,13,41,41,41,41,56,83,102,102,102],"floor_reached":13,"language":"ENG","playtime":236,"items_purged":["Regret","Strike_P","Strike_P","Strike_P","Defend_P","Defend_P","Defend_P"],"score":141,"play_id":"c7b29277-fba3-4fca-9426-86d63a4a5e24","local_time":"20210212141104","is_ascension_mode":true,"campfire_choices":[],"circlet_count":0,"master_deck":["Strike_P+1","Defend_P","Eruption+1","Vigilance","LikeWater","FollowUp","Pain","Prostrate","Adaptation"],"relics":["PureWater","Ginger","Boot","WarpedTongs","Mango","Singing Bowl","Nunchaku","Turnip","Whetstone"],"acts_visited":["Exordium"],"potions_floor_usage":[6],"damage_taken":[{"damage":5,"enemies":"Jaw Worm","floor":1,"turns":4},{"damage":5,"enemies":"2 Louse","floor":5,"turns":2},{"damage":19,"enemies":"Gremlin Nob","floor":6,"turns":4},{"damage":7,"enemies":"Cultist","floor":10,"turns":4},{"damage":23,"enemies":"Exordium Thugs","floor":12,"turns":5},{"damage":0,"enemies":"3 Sentries","floor":13,"turns":1}],"seed_played":"-7578906824241763636","potions_obtained":[{"floor":1,"key":"StancePotion"},{"floor":12,"key":"LiquidBronze"}],"is_trial":false,"path_per_floor":["M","?","$","?","M","E","T","?","T","M","T","M","E"],"character_chosen":"WATCHER","items_purchased":["FollowUp","Boot"],"campfire_rested":0,"item_purchase_floors":[3,3],"current_hp_per_floor":[60,60,60,60,55,50,50,47,47,42,42,21,21,21],"gold":102,"neow_bonus":"HUNDRED_GOLD","is_daily":false,"chose_seed":false,"campfire_upgraded":0,"win_rate":0.0,"timestamp":1613131864,"path_taken":["M","?","$","?","?","E","?","?","T","M","?","M","E"],"items_purchased_type":["Card","Relic"],"build_version":"2020-12-22","purchased_purges":7,"victory":false,"max_hp_per_floor":[72,72,72,72,72,86,86,86,86,88,88,90,90,90],"card_choices":[{"not_picked":["EmptyFist","SashWhip"],"picked":"LikeWater","floor":1},{"not_picked":["ClearTheMind","Study"],"picked":"Prostrate","floor":5},{"not_picked":["ReachHeaven","DeceiveReality"],"picked":"Adaptation","floor":6},{"not_picked":["Tantrum","TalkToTheHand","Sanctity"],"picked":"Singing Bowl","floor":10},{"not_picked":["Vengeance","Meditate","EmptyFist"],"picked":"Singing Bowl","floor":12}],"player_experience":590307,"relics_obtained":[{"floor":6,"key":"Mango"},{"floor":7,"key":"Singing Bowl"},{"floor":9,"key":"Turnip"},{"floor":11,"key":"Whetstone"}],"event_choices":[{"damage_healed":0,"gold_gain":0,"player_choice":"Box","damage_taken":0,"relics_obtained":["Ginger"],"max_hp_gain":0,"max_hp_loss":0,"event_name":"Big Fish","floor":2,"gold_loss":0,"cards_obtained":["Regret"]},{"damage_healed":0,"gold_gain":0,"player_choice":"Rummage","damage_taken":0,"relics_obtained":["WarpedTongs"],"max_hp_gain":0,"max_hp_loss":0,"event_name":"Accursed Blacksmith","floor":4,"gold_loss":0,"cards_obtained":["Pain"]},{"damage_healed":0,"gold_gain":0,"player_choice":"Success","damage_taken":3,"relics_obtained":["Nunchaku"],"max_hp_gain":0,"max_hp_loss":0,"event_name":"Scrap Ooze","floor":8,"gold_loss":0}],"is_beta":false,"boss_relics":[],"items_purged_floors":[3,3,3,3,3,3,3],"is_endless":false,"potions_floor_spawned":[1,12],"killed_by":"3 Sentries","ascension_level":8}}