{"host":"znvnxllcillb3rtw","time":1613147603,"event":{"mods":["BaseMod","DeckTracker","Minty Spire (QoL Compilation)","Relic Stats","StSLib","SuperFastMode","everything is the same but u backflip on backflip"],"gold_per_floor":[119,135,135,135,135,166,15,15,15,15,15,53,74,112,112,206,206,227,227,247,25,25,66,66,82,82,127,2,25,49,72,72,168,168,193,193,208,223,34,72,72,72,72,92,92,117,130,155,155,155,155,155,155,155,186,186],"floor_reached":57,"language":"KOR","playtime":1518,"items_purged":["Strike_R","Strike_R","Twin Strike","Defend_R"],"score":3244,"play_id":"87053c1e-6ca0-4ec4-af4e-277f4cb6ebea","local_time":"20210213013323","is_ascension_mode":true,"campfire_choices":[{"data":"Evolve","floor":8.0,"key":"SMITH"},{"data":"Shockwave","floor":11.0,"key":"SMITH"},{"floor":15.0,"key":"REST"},{"floor":24.0,"key":"REST"},{"floor":32.0,"key":"REST"},{"data":"Body Slam","floor":41.0,"key":"SMITH"},{"floor":45.0,"key":"RECALL"},{"data":"Dark Embrace","floor":49.0,"key":"SMITH"},{"data":"Feel No Pain","floor":53.0,"key":"SMITH"}],"circlet_count":0,"master_deck":["AscendersBane","Defend_R+1","Defend_R","Defend_R","Evolve+1","Fire Breathing","Power Through","Inflame","Barricade+1","Bloodletting","Second Wind","Body Slam+1","Shrug It Off","Impervious","Dark Embrace+1","Feel No Pain+1","Entrench+1"],"relics":["Burning Blood","NeowsBlessing","Golden Idol","Red Skull","Shuriken","PreservedInsect","MealTicket","Sozu","Bag of Preparation","Centennial Puzzle","Empty Cage","Ancient Tea Set","Oddly Smooth Stone","Bag of Marbles"],"acts_visited":["Exordium","TheCity","TheBeyond","TheEnding"],"potions_floor_usage":[],"damage_taken":[{"damage":0.0,"enemies":"Jaw Worm","floor":1.0,"turns":1.0},{"damage":0.0,"enemies":"2 Louse","floor":2.0,"turns":1.0},{"damage":0.0,"enemies":"Gremlin Nob","floor":6.0,"turns":1.0},{"damage":12.0,"enemies":"Lagavulin","floor":12.0,"turns":6.0},{"damage":4.0,"enemies":"Cultist","floor":13.0,"turns":4.0},{"damage":41.0,"enemies":"Gremlin Nob","floor":14.0,"turns":5.0},{"damage":5.0,"enemies":"Slime Boss","floor":16.0,"turns":5.0},{"damage":19.0,"enemies":"3 Byrds","floor":18.0,"turns":4.0},{"damage":30.0,"enemies":"2 Thieves","floor":20.0,"turns":4.0},{"damage":30.0,"enemies":"Book of Stabbing","floor":23.0,"turns":5.0},{"damage":14.0,"enemies":"Centurion and Healer","floor":25.0,"turns":6.0},{"damage":3.0,"enemies":"Sentry and Sphere","floor":29.0,"turns":3.0},{"damage":21.0,"enemies":"Snake Plant","floor":30.0,"turns":5.0},{"damage":18.0,"enemies":"Shelled Parasite and Fungi","floor":31.0,"turns":6.0},{"damage":3.0,"enemies":"Automaton","floor":33.0,"turns":8.0},{"damage":3.0,"enemies":"3 Shapes","floor":35.0,"turns":5.0},{"damage":3.0,"enemies":"Orb Walker","floor":37.0,"turns":3.0},{"damage":3.0,"enemies":"Jaw Worm Horde","floor":38.0,"turns":4.0},{"damage":14.0,"enemies":"Giant Head","floor":40.0,"turns":5.0},{"damage":3.0,"enemies":"Spire Growth","floor":44.0,"turns":3.0},{"damage":3.0,"enemies":"3 Darklings","floor":46.0,"turns":3.0},{"damage":3.0,"enemies":"Maw","floor":47.0,"turns":5.0},{"damage":3.0,"enemies":"Sphere and 2 Shapes","floor":48.0,"turns":5.0},{"damage":3.0,"enemies":"Awakened One","floor":50.0,"turns":4.0},{"damage":6.0,"enemies":"Donu and Deca","floor":51.0,"turns":4.0},{"damage":3.0,"enemies":"Shield and Spear","floor":55.0,"turns":2.0},{"damage":40,"enemies":"The Heart","floor":56,"turns":6}],"seed_played":"-3254041539989211255","potions_obtained":[{"floor":6.0,"key":"SteroidPotion"},{"floor":12.0,"key":"DuplicationPotion"},{"floor":14.0,"key":"SteroidPotion"}],"is_trial":false,"path_per_floor":["M","M","?","?","?","E","$","R","T","$","R","E","M","E","R","B",null,"M","?","M","$","?","E","R","M","T","T","$","M","M","M","R","B",null,"M","?","M","M","$","E","R","?","T","M","R","M","M","M","R","B","B",null,"R","$","E","B",null],"character_chosen":"IRONCLAD","items_purchased":["Fire Breathing","Second Wind","Reckless Charge","Feel No Pain"],"campfire_rested":3,"item_purchase_floors":[7,21,21,39],"current_hp_per_floor":[74,75,75,52,52,58,58,58,58,58,58,52,54,19,39,40,61,48,48,24,39,39,15,35,27,27,27,42,45,30,18,38,41,61,64,64,67,68,68,60,60,60,60,63,63,66,68,68,68,68,68,68,68,68,68,34],"gold":186,"neow_bonus":"THREE_ENEMY_KILL","is_daily":false,"chose_seed":false,"campfire_upgraded":5,"win_rate":0.0,"timestamp":1613147603,"path_taken":["M","M","?","?","?","E","$","R","T","$","R","E","M","E","R","BOSS","M","?","?","$","?","E","R","?","T","?","?","?","M","M","R","BOSS","M","?","M","M","$","E","R","?","T","M","R","?","M","M","R","BOSS","BOSS","R","$","E","BOSS"],"items_purchased_type":["Card","Card","Card","Card"],"build_version":"2020-12-22","purchased_purges":4,"victory":true,"max_hp_per_floor":[75,75,75,75,68,68,68,68,68,68,68,68,68,68,68,68,68,68,68,68,68,68,68,68,68,68,68,68,68,68,68,68,68,68,68,68,68,68,68,68,68,68,68,68,68,68,68,68,68,68,68,68,68,68,68,68],"relic_stats":{"Sozu":8,"Centennial Puzzle":[48],"counters":[27,113],"Golden Idol":197,"Shuriken":[7],"MealTicket":30,"PreservedInsect":305,"Bag of Preparation":[34],"obtain_stats":[{"NeowsBlessing":0,"Golden Idol":5,"Oddly Smooth Stone":43,"PreservedInsect":12,"Bag of Preparation":23,"Empty Cage":34,"Ancient Tea Set":40,"Burning Blood":0,"Sozu":17,"Centennial Puzzle":26,"Shuriken":9,"MealTicket":14,"Bag of Marbles":55,"Red Skull":6},{"NeowsBlessing":0,"Golden Idol":2,"Oddly Smooth Stone":19,"PreservedInsect":4,"Bag of Preparation":10,"Empty Cage":15,"Ancient Tea Set":19,"Burning Blood":0,"Sozu":7,"Centennial Puzzle":11,"Shuriken":3,"MealTicket":6,"Bag of Marbles":26,"Red Skull":3},{"NeowsBlessing":0,"Golden Idol":2,"Oddly Smooth Stone":81,"PreservedInsect":9,"Bag of Preparation":36,"Empty Cage":64,"Ancient Tea Set":81,"Burning Blood":0,"Sozu":23,"Centennial Puzzle":42,"Shuriken":3,"MealTicket":18,"Bag of Marbles":107,"Red Skull":3}],"Burning Blood":145},"card_choices":[{"not_picked":["Armaments","Headbutt"],"picked":"Evolve","floor":1.0},{"not_picked":["Feel No Pain","Warcry"],"picked":"Shockwave","floor":2.0},{"not_picked":["Shrug It Off","Berserk"],"picked":"Twin Strike","floor":6.0},{"not_picked":["Dual Wield","Clothesline"],"picked":"Power Through","floor":12.0},{"not_picked":["Armaments","Flex","Thunderclap"],"picked":"SKIP","floor":13.0},{"not_picked":["Havoc","Fire Breathing"],"picked":"Inflame","floor":14.0},{"not_picked":["Immolate","Bludgeon"],"picked":"Barricade","floor":16.0},{"not_picked":["Anger","Twin Strike","Heavy Blade"],"picked":"SKIP","floor":18.0},{"not_picked":["Fire Breathing","Armaments"],"picked":"Bloodletting","floor":20.0},{"not_picked":["Clash","Warcry+1"],"picked":"Body Slam","floor":23.0},{"not_picked":["Corruption","Heavy Blade","Clash"],"picked":"SKIP","floor":25.0},{"not_picked":["Body Slam+1","Clothesline","Armaments"],"picked":"SKIP","floor":29.0},{"not_picked":["Warcry","True Grit"],"picked":"Shrug It Off","floor":30.0},{"not_picked":["True Grit","Spot Weakness","Dropkick"],"picked":"SKIP","floor":31.0},{"not_picked":["Reaper","Fiend Fire"],"picked":"Impervious","floor":33.0},{"not_picked":["Havoc","Heavy Blade","Perfected Strike"],"picked":"SKIP","floor":35.0},{"not_picked":["Reckless Charge","Shrug It Off","Clothesline"],"picked":"SKIP","floor":37.0},{"not_picked":["Bloodletting","Hemokinesis+1"],"picked":"Dark Embrace","floor":38.0},{"not_picked":["Twin Strike","Metallicize","Brutality"],"picked":"SKIP","floor":40.0},{"not_picked":["Twin Strike","Flex"],"picked":"Entrench+1","floor":44.0},{"not_picked":["Sentinel","Shockwave","Warcry"],"picked":"SKIP","floor":46.0},{"not_picked":["Twin Strike","Armaments+1","Headbutt"],"picked":"SKIP","floor":47.0},{"not_picked":["Sword Boomerang","Barricade","Pommel Strike"],"picked":"SKIP","floor":48.0},{"not_picked":["Heavy Blade","Havoc","Immolate"],"picked":"SKIP","floor":55.0}],"player_experience":2900008,"relics_obtained":[{"floor":6.0,"key":"Red Skull"},{"floor":9.0,"key":"Shuriken"},{"floor":12.0,"key":"PreservedInsect"},{"floor":14.0,"key":"MealTicket"},{"floor":23.0,"key":"Bag of Preparation"},{"floor":26.0,"key":"Centennial Puzzle"},{"floor":40.0,"key":"Ancient Tea Set"},{"floor":43.0,"key":"Oddly Smooth Stone"},{"floor":55.0,"key":"Bag of Marbles"}],"event_choices":[{"cards_removed":["Strike_R"],"damage_healed":0.0,"max_hp_gain":0.0,"max_hp_loss":0.0,"gold_gain":0.0,"event_name":"Living Wall","player_choice":"Forget","floor":3.0,"gold_loss":0.0,"damage_taken":0.0},{"damage_healed":0.0,"max_hp_gain":0.0,"max_hp_loss":0.0,"gold_gain":0.0,"event_name":"Shining Light","player_choice":"Entered Light","floor":4.0,"gold_loss":0.0,"damage_taken":23.0,"cards_upgraded":["Defend_R","Strike_R"]},{"damage_healed":0.0,"max_hp_gain":0.0,"max_hp_loss":7.0,"gold_gain":0.0,"event_name":"Golden Idol","player_choice":"Lose Max HP","floor":5.0,"gold_loss":0.0,"damage_taken":0.0,"relics_obtained":["Golden Idol"]},{"cards_removed":["Strike_R"],"damage_healed":0.0,"max_hp_gain":0.0,"max_hp_loss":0.0,"gold_gain":0.0,"event_name":"Purifier","player_choice":"Purged","floor":19.0,"gold_loss":0.0,"damage_taken":0.0},{"cards_removed":["Strike_R"],"damage_healed":0.0,"max_hp_gain":0.0,"max_hp_loss":0.0,"gold_gain":0.0,"event_name":"Bonfire Elementals","player_choice":"Offered Basic","floor":22.0,"gold_loss":0.0,"damage_taken":0.0},{"cards_removed":["Shockwave"],"damage_healed":0.0,"max_hp_gain":0.0,"max_hp_loss":0.0,"gold_gain":0.0,"event_name":"Falling","player_choice":"Removed Skill","floor":36.0,"gold_loss":0.0,"damage_taken":0.0},{"damage_healed":0.0,"max_hp_gain":0.0,"max_hp_loss":0.0,"gold_gain":0.0,"event_name":"Accursed Blacksmith","player_choice":"Forge","floor":42.0,"gold_loss":0.0,"damage_taken":0.0,"cards_upgraded":["Barricade"]}],"is_beta":false,"boss_relics":[{"not_picked":["Ectoplasm","Astrolabe"],"picked":"Sozu"},{"not_picked":["SacredBark","Black Star"],"picked":"Empty Cage"}],"items_purged_floors":[7,21,28,39],"is_endless":false,"potions_floor_spawned":[6,12,14,20,23,30,35,38,40,46,48],"ascension_level":20}}