{"host":"rhakyh2m1vy6smuu","time":1613108250,"event":{"mods":["BaseMod","Minty Spire (QoL Compilation)","StSLib","The Cursed"],"gold_per_floor":[117,117,137,114,114,114,128,144,144,319,319,344,344,355,355,460,460,480,496,496,514,529,529,529],"floor_reached":23,"language":"ENG","playtime":1652,"items_purged":[],"score":232,"play_id":"2fbb9580-070b-48e0-a932-40f7ece397a9","local_time":"20210211223730","is_ascension_mode":true,"campfire_choices":[{"data":"TheCursedMod:TacticalStrike","floor":6,"key":"SMITH"},{"data":"Mayhem","floor":11,"key":"SMITH"},{"data":"TheCursedMod:StingEye","floor":13,"key":"SMITH"},{"data":"TheCursedMod:FleshFromBone","floor":15,"key":"SMITH"}],"circlet_count":0,"master_deck":["TheCursedMod:Strike_TheCursed","TheCursedMod:Strike_TheCursed","TheCursedMod:Strike_TheCursed","TheCursedMod:Strike_TheCursed","TheCursedMod:Defend_TheCursed","TheCursedMod:Defend_TheCursed","TheCursedMod:Defend_TheCursed","TheCursedMod:Defend_TheCursed","TheCursedMod:CursedWand","TheCursedMod:CleanUpWorkshop","TheCursedMod:Dregs","Mayhem+1","TheCursedMod:StingEye+1","TheCursedMod:TacticalStrike+1","TheCursedMod:FleshFromBone+1","TheCursedMod:CursedSpellbook","TheCursedMod:ManaBullet","Doubt","TheCursedMod:Evocation","TheCursedMod:SpreadPlague","TheCursedMod:StunningStrike","TheCursedMod:SmokeScreen","TheCursedMod:CircleOfCorruption+1","TheCursedMod:CursedAmulet+1","TheCursedMod:HellfireBreathing"],"relics":["TheCursedMod:BlackMagic101","Mango","Ornamental Fan","Regal Pillow","TheCursedMod:OminousMark"],"acts_visited":["Exordium","TheCity"],"potions_floor_usage":[12,16,22,23],"damage_taken":[{"damage":4,"enemies":"Small Slimes","floor":1,"turns":5},{"damage":1,"enemies":"Cultist","floor":3,"turns":4},{"damage":0,"enemies":"2 Louse","floor":7,"turns":3},{"damage":4,"enemies":"Red Slaver","floor":8,"turns":5},{"damage":6,"enemies":"Gremlin Nob","floor":12,"turns":4},{"damage":1,"enemies":"Blue Slaver","floor":14,"turns":3},{"damage":34,"enemies":"Hexaghost","floor":16,"turns":9},{"damage":6,"enemies":"Chosen","floor":18,"turns":5},{"damage":22,"enemies":"Spheric Guardian","floor":19,"turns":5},{"damage":16,"enemies":"Centurion and Healer","floor":21,"turns":7},{"damage":21,"enemies":"Cultist and Chosen","floor":22,"turns":7},{"damage":19,"enemies":"Book of Stabbing","floor":23,"turns":5}],"seed_played":"3079064279221187177","potions_obtained":[{"floor":7,"key":"AttackPotion"},{"floor":12,"key":"AttackPotion"},{"floor":16,"key":"Weak Potion"},{"floor":18,"key":"TheCursedMod:DregsPotion"},{"floor":22,"key":"SpeedPotion"}],"is_trial":false,"path_per_floor":["M","?","M","$","T","R","M","M","T","?","R","E","R","M","R","B",null,"M","M","?","M","M","E"],"character_chosen":"THE_CURSED","items_purchased":["TheCursedMod:FleshFromBone"],"campfire_rested":0,"item_purchase_floors":[4],"current_hp_per_floor":[71,71,70,70,84,84,84,80,80,80,80,74,74,73,73,39,89,83,61,55,39,18,0,0],"gold":529,"neow_bonus":"RANDOM_COLORLESS_2","is_daily":false,"chose_seed":false,"campfire_upgraded":4,"win_rate":0.0,"timestamp":1613108250,"path_taken":["M","?","M","$","?","R","M","?","T","?","R","E","R","M","R","BOSS","M","M","?","M","M","E"],"items_purchased_type":["Card"],"build_version":"2020-12-22","purchased_purges":0,"victory":false,"max_hp_per_floor":[75,75,75,75,89,89,89,89,89,89,89,89,89,89,89,89,89,89,89,89,89,89,89,89],"card_choices":[{"not_picked":["Master of Strategy","Magnetism"],"picked":"Mayhem","floor":0},{"not_picked":["TheCursedMod:TacticalStrike","TheCursedMod:SoulCrush"],"picked":"TheCursedMod:StingEye","floor":1},{"not_picked":["TheCursedMod:BlessingInDisguise","TheCursedMod:Stretching"],"picked":"TheCursedMod:TacticalStrike","floor":3},{"not_picked":["TheCursedMod:PrepareRite","TheCursedMod:CursedAmulet"],"picked":"TheCursedMod:CursedSpellbook","floor":7},{"not_picked":["TheCursedMod:RapidMovement","TheCursedMod:CircleOfFocus"],"picked":"TheCursedMod:ManaBullet","floor":8},{"not_picked":["TheCursedMod:CursedAmulet","TheCursedMod:CursedSpellbook"],"picked":"TheCursedMod:Evocation","floor":12},{"not_picked":["TheCursedMod:CircleOfAmplification","TheCursedMod:VitalStrike"],"picked":"TheCursedMod:SpreadPlague","floor":14},{"not_picked":["TheCursedMod:UltimatePain","TheCursedMod:ParallelWorld"],"picked":"TheCursedMod:StunningStrike","floor":16},{"not_picked":["TheCursedMod:SpitefulStrike","TheCursedMod:AshesToAshes"],"picked":"TheCursedMod:SmokeScreen","floor":18},{"not_picked":["TheCursedMod:SmokeScreen+1","TheCursedMod:CursedBlade"],"picked":"TheCursedMod:CircleOfCorruption+1","floor":19},{"not_picked":["TheCursedMod:CursedBlade","TheCursedMod:BlessingInDisguise"],"picked":"TheCursedMod:CursedAmulet+1","floor":21},{"not_picked":["TheCursedMod:CursedAmulet+1","TheCursedMod:UltimatePain"],"picked":"TheCursedMod:HellfireBreathing","floor":22}],"player_experience":1561981,"relics_obtained":[{"floor":5,"key":"Mango"},{"floor":9,"key":"Ornamental Fan"},{"floor":12,"key":"Regal Pillow"}],"event_choices":[{"cards_removed":["Decay"],"damage_healed":0,"gold_gain":0,"player_choice":"Purged","damage_taken":0,"max_hp_gain":0,"max_hp_loss":0,"event_name":"Purifier","floor":2,"gold_loss":0},{"damage_healed":0,"gold_gain":175,"player_choice":"AGREE","damage_taken":0,"max_hp_gain":0,"max_hp_loss":0,"event_name":"Liars Game","floor":10,"gold_loss":0,"cards_obtained":["Doubt"]},{"damage_healed":0,"gold_gain":0,"player_choice":"","damage_taken":6,"max_hp_gain":0,"max_hp_loss":0,"event_name":"Knowing Skull","floor":20,"potions_obtained":[],"gold_loss":0,"cards_obtained":[]}],"is_beta":false,"boss_relics":[{"not_picked":["Runic Dome","SacredBark"],"picked":"TheCursedMod:OminousMark"}],"items_purged_floors":[],"is_endless":false,"potions_floor_spawned":[7,12,16,18,22],"killed_by":"Book of Stabbing","ascension_level":4}}