{"host":"anl785ehjgcmdvvq","time":1613112881,"event":{"mods":["AchievementEnabler","BaseMod","Minty Spire (QoL Compilation)"],"gold_per_floor":[109,34,44,44,9,42,42,55,78,106,106,106,145,48,48,48,48],"floor_reached":16,"language":"ENG","playtime":457,"items_purged":["Defend_R"],"score":145,"play_id":"06524f05-194d-4b64-9d23-71fd81cefc83","local_time":"20210212095441","is_ascension_mode":true,"campfire_choices":[{"floor":7,"key":"REST"},{"data":"Carnage","floor":11,"key":"SMITH"},{"floor":15,"key":"REST"}],"circlet_count":0,"master_deck":["Strike_R","Strike_R","Strike_R","Strike_R","Strike_R","Defend_R","Defend_R","Defend_R","Bash","Pommel Strike","Carnage+1","Seeing Red","Armaments"],"relics":["Burning Blood","Omamori","Anchor","Blue Candle","Smiling Mask","Letter Opener","Golden Idol","Dream Catcher"],"acts_visited":["Exordium"],"potions_floor_usage":[10,13,14],"damage_taken":[{"damage":18,"enemies":"Jaw Worm","floor":1,"turns":4},{"damage":20,"enemies":"Small Slimes","floor":3,"turns":3},{"damage":40,"enemies":"3 Sentries","floor":6,"turns":10},{"damage":8,"enemies":"2 Louse","floor":8,"turns":3},{"damage":36,"enemies":"Gremlin Nob","floor":10,"turns":5},{"damage":25,"enemies":"3 Sentries","floor":13,"turns":7},{"damage":45,"enemies":"The Guardian","floor":16,"turns":7}],"seed_played":"5562784455967705728","potions_obtained":[{"floor":6,"key":"SteroidPotion"},{"floor":10,"key":"SkillPotion"}],"is_trial":false,"path_per_floor":["M","$","M","?","?","E","R","M","T","E","R","?","E","$","R","B"],"character_chosen":"IRONCLAD","items_purchased":["Fruit Juice"],"campfire_rested":2,"item_purchase_floors":[14],"current_hp_per_floor":[68,68,54,54,74,40,64,62,62,32,32,32,13,18,43,0,0],"gold":48,"neow_bonus":"RANDOM_COMMON_RELIC","is_daily":false,"chose_seed":false,"campfire_upgraded":1,"win_rate":0.0,"timestamp":1613112881,"path_taken":["M","$","M","?","?","E","R","M","T","E","R","?","E","$","R","BOSS"],"items_purchased_type":["Potion"],"build_version":"2020-12-22","purchased_purges":1,"victory":false,"max_hp_per_floor":[80,80,80,80,80,80,80,80,80,80,80,80,80,85,85,85,85],"card_choices":[{"not_picked":["True Grit","Sentinel","Cleave"],"picked":"SKIP","floor":1},{"not_picked":["Clothesline","Headbutt","Sword Boomerang"],"picked":"SKIP","floor":3},{"not_picked":["Sword Boomerang","Flex"],"picked":"Pommel Strike","floor":6},{"not_picked":["Warcry","Havoc","Reckless Charge"],"picked":"SKIP","floor":8},{"not_picked":["Feel No Pain","Headbutt"],"picked":"Carnage","floor":10},{"not_picked":["Feel No Pain","Havoc"],"picked":"Seeing Red","floor":13},{"not_picked":["Fiend Fire","Sword Boomerang"],"picked":"Armaments","floor":15}],"player_experience":131575,"relics_obtained":[{"floor":6,"key":"Blue Candle"},{"floor":9,"key":"Smiling Mask"},{"floor":10,"key":"Letter Opener"},{"floor":13,"key":"Dream Catcher"}],"event_choices":[{"damage_healed":0,"gold_gain":0,"player_choice":"Box","damage_taken":0,"relics_obtained":["Anchor"],"max_hp_gain":0,"max_hp_loss":0,"event_name":"Big Fish","floor":4,"gold_loss":0,"cards_obtained":["Regret"]},{"damage_healed":20,"gold_gain":0,"player_choice":"Healed","damage_taken":0,"max_hp_gain":0,"max_hp_loss":0,"event_name":"The Cleric","floor":5,"gold_loss":35},{"damage_healed":0,"gold_gain":0,"player_choice":"Take Wound","damage_taken":0,"relics_obtained":["Golden Idol"],"max_hp_gain":0,"max_hp_loss":0,"event_name":"Golden Idol","floor":12,"gold_loss":0,"cards_obtained":["Injury"]}],"is_beta":false,"boss_relics":[],"items_purged_floors":[2],"is_endless":false,"potions_floor_spawned":[6,10],"killed_by":"The Guardian","ascension_level":5}}