{"host":"aovbmu76o5toxav1","time":1613151639,"event":{"mods":["BaseMod","Downfall","Minty Spire (QoL Compilation)","StSLib"],"gold_per_floor":[199,217,229,229,259,289,289,308,340,52,52,52,52,65,84,187,187,87,107,38,56,76,111,136,215,215,115,115,27,27,52,71,167,167,67,79,95,118,177,10,10,36,36,53,88,88,88,11,22,22,22,49,16,16,16,16,16,16],"floor_reached":56,"language":"ENG","playtime":6041,"items_purged":["Slimebound:SlimeBrawl"],"score":901,"play_id":"a00e892d-33a8-468f-805e-182869bb44f5","local_time":"20210212124039","is_ascension_mode":false,"campfire_choices":[{"data":"Slimebound:Split","floor":1,"key":"SMITH"},{"data":"Slimebound:Grow","floor":11,"key":"SMITH"},{"data":"Slimebound:WasteNot","floor":13,"key":"SMITH"},{"data":"Slimebound:GrowthPunch","floor":18,"key":"SMITH"},{"floor":27,"key":"RECALL"},{"data":"Slimebound:TongueLash","floor":30,"key":"SMITH"},{"data":"Slimebound:GoopSpray","floor":35,"key":"SMITH"},{"data":"Slimebound:ItLooksTasty","floor":43,"key":"SMITH"},{"data":"expansioncontent:Chronoboost","floor":47,"key":"SMITH"},{"data":"expansioncontent:Chronoboost","floor":54,"key":"SMITH"}],"circlet_count":0,"master_deck":["Slimebound:Tackle","Slimebound:Split+1","Slimebound:CorrosiveSpit+1","Slimebound:ItLooksTasty+1","Slimebound:Grow+1","Slimebound:TongueLash+1","Slimebound:ItLooksTasty+1","Slimebound:GrowthPunch+1","Slimebound:WasteNot+1","Slimebound:RejuvenatingLick","Slimebound:Schlurp","Slimebound:FinishingTackle+1","Slimebound:SamplingLick+1","Slimebound:MassFeed+1","Slimebound:TongueLash+1","Slimebound:LeechLife+1","Slimebound:SlimeSpikes","Slimebound:SplitLeeching","Slimebound:SlimeBarrage+1","Slimebound:SpikyOuterGoop","Slimebound:Nibble+1","Slimebound:LeechEnergy+1","Slimebound:GoopSpray+1","Slimebound:LivingWall","RitualDagger+1","Slimebound:MassFeed+1","Slimebound:DisruptingSlam+1","Slimebound:GoopSpray+1","Slimebound:Schlurp","Slimebound:SamplingLick+1","Slimebound:GoopSpray+1","Dark Shackles+1","Slimebound:Gluttony+1","Slimebound:Schlurp+1","expansioncontent:Chronoboost+1","expansioncontent:Chronoboost+1","expansioncontent:Hexaburn","Slimebound:Repurpose+1","Slimebound:MegaLick+1","Slimebound:Nibble+1"],"relics":["Slimebound:AbsorbEndCombat","Bag of Preparation","Happy Flower","Whetstone","Molten Egg 2","Pandora\u0027s Box","downfall:HeartBlessingGreen","Ginger","Toy Ornithopter","Matryoshka","downfall:HeartBlessingBlue","Omamori","Sozu","downfall:HeartBlessingRed","The Courier","MawBank","Nunchaku","Blood Vial","Membership Card","Vajra","Toxic Egg 2","Gremlin Horn","War Paint","Shuriken","MealTicket","Anchor","Bronze Scales","Art of War"],"acts_visited":["Exordium","TheCity","TheBeyond","TheEnding"],"potions_floor_usage":[55],"damage_taken":[{"damage":0,"enemies":"2 Louse","floor":2,"turns":4},{"damage":4,"enemies":"Cultist","floor":3,"turns":3},{"damage":9,"enemies":"Lagavulin","floor":6,"turns":6},{"damage":0,"enemies":"Small Slimes","floor":8,"turns":3},{"damage":22,"enemies":"3 Sentries","floor":9,"turns":7},{"damage":3,"enemies":"downfall:FleeingMerchant","floor":10,"turns":4},{"damage":16,"enemies":"Gremlin Gang","floor":14,"turns":3},{"damage":0,"enemies":"Red Slaver","floor":15,"turns":4},{"damage":15,"enemies":"SI_SHIV_ARCHETYPE","floor":16,"turns":7},{"damage":15,"enemies":"Spheric Guardian","floor":19,"turns":4},{"damage":1,"enemies":"downfall:FleeingMerchant","floor":20,"turns":4},{"damage":24,"enemies":"Snake Plant","floor":21,"turns":3},{"damage":6,"enemies":"Cultist and Chosen","floor":22,"turns":4},{"damage":13,"enemies":"Book of Stabbing","floor":23,"turns":4},{"damage":3,"enemies":"downfall:FleeingMerchant","floor":29,"turns":4},{"damage":11,"enemies":"Gremlin Leader","floor":31,"turns":6},{"damage":11,"enemies":"Centurion and Healer","floor":32,"turns":4},{"damage":40,"enemies":"IC_MUSHROOM_ARCHETYPE","floor":33,"turns":5},{"damage":0,"enemies":"Orb Walker","floor":36,"turns":3},{"damage":9,"enemies":"3 Darklings","floor":37,"turns":3},{"damage":0,"enemies":"downfall:FleeingMerchant","floor":40,"turns":1},{"damage":30,"enemies":"Nemesis","floor":42,"turns":5},{"damage":0,"enemies":"Transient","floor":44,"turns":5},{"damage":10,"enemies":"Giant Head","floor":45,"turns":5},{"damage":16,"enemies":"Writhing Mass","floor":49,"turns":4},{"damage":45,"enemies":"DF_ARCHETYPE_ORBS","floor":50,"turns":8},{"damage":89,"enemies":"downfall:CharBossMerchant","floor":52,"turns":7},{"damage":62,"enemies":"downfall:NeowBoss","floor":55,"turns":14},{"damage":20,"enemies":"downfall:NeowBossFinal","floor":56,"turns":2}],"seed_played":"2672615963187833043","potions_obtained":[{"floor":6,"key":"CultistPotion"},{"floor":8,"key":"Strength Potion"},{"floor":15,"key":"hexamod:SoulburnPotion"},{"floor":21,"key":"PowerPotion"},{"floor":22,"key":"CultistPotion"},{"floor":32,"key":"LiquidBronze"}],"is_trial":false,"path_per_floor":["R","M","M","?","?","E","T","M","E","$","R","?","R","M","M","B",null,"R","M","$","M","M","E","T","T","?","R","?","$","R","E","M","B",null,"R","M","M","T","?","$","T","E","R","M","E","?","R","$","M","B",null,"E","$","R","B","B"],"character_chosen":"SLIMEBOUND","items_purchased":["Slimebound:RejuvenatingLick","Molten Egg 2","Slimebound:GoopSpray","Slimebound:DisruptingSlam+1","Membership Card","Vajra","Toxic Egg 2","Slimebound:GoopSpray+1","Dark Shackles+1","Gremlin Horn","War Paint","Bronze Scales","Slimebound:Repurpose+1","Slimebound:Nibble+1"],"campfire_rested":0,"item_purchase_floors":[10,10,20,29,40,40,40,40,40,40,40,48,48,53],"current_hp_per_floor":[65,65,65,70,70,67,67,67,53,56,56,56,56,48,50,43,70,70,61,68,65,71,66,66,66,60,70,70,79,79,76,73,47,88,88,88,89,89,89,91,91,68,68,84,84,74,74,89,86,47,92,29,44,44,9,0,0,0],"gold":16,"neow_bonus":"HUNDRED_GOLD","is_daily":false,"chose_seed":false,"campfire_upgraded":9,"win_rate":0.0,"timestamp":1613151639,"path_taken":["R","M","M","?","?","E","T","M","E","$","R","?","R","M","M","BOSS","R","M","$","M","M","E","T","?","?","R","?","$","R","E","M","BOSS","R","M","?","?","?","?","T","E","R","M","E","?","R","$","M","BOSS","E","$","R","BOSS","BOSS"],"items_purchased_type":["Card","Relic","Card","Card","Relic","Relic","Relic","Card","Card","Relic","Relic","Relic","Card","Card"],"build_version":"2020-12-22","purchased_purges":1,"victory":false,"max_hp_per_floor":[65,65,65,70,70,70,70,70,70,70,70,70,70,70,70,70,70,70,74,74,74,78,78,78,78,78,88,88,88,88,88,88,88,88,88,88,92,92,92,92,92,92,92,92,92,92,92,92,92,92,92,92,92,92,92,92,92,92],"card_choices":[{"not_picked":["Slimebound:ServeAndProtect","Slimebound:SamplingLick"],"picked":"Slimebound:ItLooksTasty","floor":2},{"not_picked":["Slimebound:SlimeBrawl","Slimebound:Schlurp"],"picked":"Slimebound:Grow","floor":3},{"not_picked":["Slimebound:SamplingLick","Slimebound:AcidTongue"],"picked":"Slimebound:TongueLash","floor":6},{"not_picked":["Slimebound:TongueLash","Slimebound:SlimeBrawl"],"picked":"Slimebound:ItLooksTasty","floor":8},{"not_picked":["Slimebound:ComboTackle","Slimebound:DivideAndConquer"],"picked":"Slimebound:GrowthPunch","floor":9},{"not_picked":["Slimebound:SplitMire","Slimebound:Schlurp"],"picked":"Slimebound:WasteNot","floor":10},{"not_picked":["Slimebound:SplitAcid","Slimebound:FlameTackle+1"],"picked":"Slimebound:FinishingTackle+1","floor":14},{"not_picked":["Slimebound:RainOfGoop","Slimebound:ItLooksTasty+1"],"picked":"Slimebound:SamplingLick","floor":15},{"not_picked":["Slimebound:DouseInSlime","Slimebound:OneTwoCombo+1"],"picked":"Slimebound:MassFeed+1","floor":16},{"not_picked":["Slimebound:FinishingTackle+1","Slimebound:SamplingLick+1"],"picked":"Slimebound:Nibble+1","floor":19},{"not_picked":["Slimebound:GrowthPunch+1","Slimebound:ViciousTackle+1"],"picked":"Slimebound:LeechEnergy+1","floor":20},{"not_picked":["Slimebound:FinishingTackle+1","Slimebound:RollThrough+1"],"picked":"Slimebound:LivingWall","floor":21},{"not_picked":["Slimebound:GoopTackle+1","Slimebound:DivideAndConquer+1","Slimebound:GrowthPunch+1"],"picked":"SKIP","floor":22},{"not_picked":["Slimebound:ItLooksTasty+1","Slimebound:SamplingLick","Slimebound:FinishingTackle+1"],"picked":"SKIP","floor":23},{"not_picked":["Slimebound:MassRepurpose","Slimebound:LivingWall","Slimebound:SpikyOuterGoop"],"picked":"SKIP","floor":29},{"not_picked":["Slimebound:GrowthPunch+1","Slimebound:LivingWall","Slimebound:DisruptingSlam+1"],"picked":"SKIP","floor":31},{"not_picked":["Slimebound:Schlurp","Slimebound:Nibble+1"],"picked":"Slimebound:GoopSpray+1","floor":32},{"not_picked":["Slimebound:PressTheAttack+1","Slimebound:Chomp+1","Slimebound:HauntingLick"],"picked":"SKIP","floor":36},{"not_picked":["Slimebound:FormOfPuddle+1","Slimebound:ProtectTheBoss"],"picked":"Slimebound:Schlurp","floor":37},{"not_picked":["Slimebound:ComboTackle+1","Slimebound:SlimeBrawl"],"picked":"Slimebound:SamplingLick+1","floor":40},{"not_picked":["Slimebound:ComboTackle+1","Slimebound:SplitBruiser+1","Slimebound:Equalize+1"],"picked":"SKIP","floor":42},{"not_picked":["Slimebound:FlameTackle+1","Slimebound:RollThrough+1"],"picked":"Slimebound:Gluttony+1","floor":44},{"not_picked":["Slimebound:SplitAcid+1","Slimebound:Grow"],"picked":"Slimebound:Schlurp+1","floor":45},{"not_picked":["expansioncontent:PolyBeam","expansioncontent:InvincibleStrength"],"picked":"expansioncontent:Chronoboost","floor":46},{"not_picked":["expansioncontent:AwakenDeath","expansioncontent:HyperBeam"],"picked":"expansioncontent:Chronoboost","floor":46},{"not_picked":["expansioncontent:AwakenDeath","expansioncontent:HyperBeam"],"picked":"expansioncontent:Hexaburn","floor":46},{"not_picked":["Slimebound:ItLooksTasty+1","Slimebound:PressTheAttack+1","Slimebound:SplitAcid+1"],"picked":"SKIP","floor":49},{"not_picked":["Slimebound:Replication+1","Slimebound:SlimeSpikes+1"],"picked":"Slimebound:MegaLick+1","floor":52}],"player_experience":118061,"relics_obtained":[{"floor":6,"key":"Happy Flower"},{"floor":9,"key":"Whetstone"},{"floor":23,"key":"Ginger"},{"floor":24,"key":"Toy Ornithopter"},{"floor":25,"key":"Matryoshka"},{"floor":31,"key":"Omamori"},{"floor":38,"key":"The Courier"},{"floor":38,"key":"MawBank"},{"floor":39,"key":"Nunchaku"},{"floor":39,"key":"Blood Vial"},{"floor":41,"key":"Shuriken"},{"floor":42,"key":"MealTicket"},{"floor":45,"key":"Anchor"},{"floor":52,"key":"Art of War"}],"event_choices":[{"damage_healed":0,"gold_gain":0,"player_choice":"Donut","damage_taken":0,"max_hp_gain":5,"max_hp_loss":0,"event_name":"Big Fish","floor":4,"gold_loss":0}],"is_beta":false,"boss_relics":[{"not_picked":["Fusion Hammer","Slimebound:AbsorbEndCombatUpgraded"],"picked":"Pandora\u0027s Box"},{"not_picked":["Velvet Choker","Tiny House"],"picked":"Sozu"}],"items_purged_floors":[40],"is_endless":false,"potions_floor_spawned":[6,8,15,21,22,32,33,36,44,52],"killed_by":"downfall:NeowBossFinal","ascension_level":0}}