{"host":"o67iw34xdwlyp80a","time":1613123685,"event":{"mods":["BaseMod","Colored Map","Minty Spire (QoL Compilation)","Relic Stats","StSLib"],"gold_per_floor":[117,42,42,42,42,42,70,70,70,70,99,99,99,127,127,224,274,288,303,28,39,110,142,154,17,17,33,33,33,64,82,82,177,177,191,4,4,4,20,52,0,25,325,345,345,42,42,61,61,61,61,61,61,93,93,93],"floor_reached":55,"language":"ENG","playtime":4106,"items_purged":["Strike_P","Strike_P","Defend_P","Defend_P"],"score":970,"play_id":"a21e890f-8a89-47b2-bc55-63f7b4a49a86","local_time":"20210212095445","is_ascension_mode":true,"campfire_choices":[{"data":"Eruption","floor":6,"key":"SMITH"},{"data":"CarveReality","floor":8,"key":"SMITH"},{"floor":10,"key":"RECALL"},{"data":"ReachHeaven","floor":13,"key":"SMITH"},{"data":"EmptyBody","floor":15,"key":"SMITH"},{"data":"Alpha","floor":29,"key":"SMITH"},{"data":"FollowUp","floor":32,"key":"SMITH"},{"data":"Panacea","floor":47,"key":"SMITH"},{"floor":49,"key":"REST"},{"data":"CrushJoints","floor":52,"key":"SMITH"}],"circlet_count":0,"master_deck":["Strike_P","Defend_P","Eruption+1","Vigilance+1","Sanctity+1","CarveReality+1","ReachHeaven+1","EmptyBody+1","Scrawl+1","FollowUp+1","Consecrate","CarveReality+1","Alpha+1","CrushJoints+1","SandsOfTime+1","Blind","Panacea+1","Consecrate+1","Halt+1"],"relics":["HolyWater","NeowsBlessing","Dream Catcher","Akabeko","Boot","Tiny House","Membership Card","Singing Bowl","HornCleat","Bronze Scales","Regal Pillow","Thread and Needle","GoldenEye","Pear","Anchor","Red Mask","Nunchaku","Old Coin","Eternal Feather","Happy Flower","Ancient Tea Set","TheAbacus","Bag of Marbles"],"acts_visited":["Exordium","TheCity","TheBeyond","TheEnding"],"potions_floor_usage":[16,21,23,24,42,50,55],"damage_taken":[{"damage":0,"enemies":"2 Louse","floor":1,"turns":1},{"damage":0,"enemies":"3 Sentries","floor":7,"turns":2},{"damage":0,"enemies":"Lagavulin","floor":11,"turns":2},{"damage":22,"enemies":"3 Sentries","floor":14,"turns":3},{"damage":17,"enemies":"Hexaghost","floor":16,"turns":4},{"damage":2,"enemies":"Shell Parasite","floor":18,"turns":2},{"damage":0,"enemies":"Chosen","floor":19,"turns":3},{"damage":0,"enemies":"3 Cultists","floor":21,"turns":2},{"damage":2,"enemies":"Book of Stabbing","floor":23,"turns":3},{"damage":16,"enemies":"Centurion and Healer","floor":24,"turns":2},{"damage":0,"enemies":"Chosen and Byrds","floor":27,"turns":3},{"damage":0,"enemies":"Gremlin Leader","floor":30,"turns":3},{"damage":0,"enemies":"3 Cultists","floor":31,"turns":2},{"damage":11,"enemies":"Automaton","floor":33,"turns":5},{"damage":3,"enemies":"3 Darklings","floor":35,"turns":5},{"damage":0,"enemies":"3 Shapes","floor":39,"turns":3},{"damage":21,"enemies":"Reptomancer","floor":40,"turns":5},{"damage":26,"enemies":"Giant Head","floor":42,"turns":5},{"damage":0,"enemies":"3 Darklings","floor":44,"turns":2},{"damage":0,"enemies":"Transient","floor":48,"turns":5},{"damage":14,"enemies":"Time Eater","floor":50,"turns":6},{"damage":0,"enemies":"Shield and Spear","floor":54,"turns":2},{"damage":116,"enemies":"The Heart","floor":55,"turns":6}],"seed_played":"-3504137563098188392","potions_obtained":[{"floor":7,"key":"LiquidMemories"},{"floor":14,"key":"SteroidPotion"},{"floor":17,"key":"StancePotion"},{"floor":21,"key":"DuplicationPotion"},{"floor":24,"key":"GamblersBrew"},{"floor":30,"key":"SmokeBomb"},{"floor":31,"key":"Fire Potion"},{"floor":40,"key":"DuplicationPotion"},{"floor":44,"key":"EssenceOfSteel"},{"floor":54,"key":"Energy Potion"}],"is_trial":false,"path_per_floor":["M","$","?","?","?","R","E","R","T","R","E","?","R","E","R","B",null,"M","M","$","M","T","E","M","$","T","M","?","R","E","M","R","B",null,"M","$","?","?","M","E","?","E","T","M","T","$","R","M","R","B",null,"R","$","E","B"],"character_chosen":"WATCHER","items_purchased":["Membership Card","Singing Bowl","CrushJoints","Regal Pillow","Pear","Happy Flower","Ancient Tea Set","TheAbacus"],"campfire_rested":1,"item_purchase_floors":[20,20,25,25,36,46,46,46],"current_hp_per_floor":[72,72,58,58,63,63,63,63,63,63,63,63,63,41,41,24,82,80,80,80,80,80,78,64,64,64,66,66,66,66,68,68,59,90,89,99,99,91,91,72,72,48,48,50,50,50,59,61,112,98,112,112,112,114,0,0],"gold":93,"neow_bonus":"THREE_ENEMY_KILL","is_daily":false,"chose_seed":false,"campfire_upgraded":8,"win_rate":0.0,"timestamp":1613123685,"path_taken":["M","$","?","?","?","R","E","R","T","R","E","?","R","E","R","BOSS","M","?","$","M","?","E","M","$","T","M","?","R","E","M","R","BOSS","M","$","?","?","M","E","?","E","T","?","?","$","R","M","R","BOSS","R","$","E","BOSS"],"items_purchased_type":["Relic","Relic","Card","Relic","Relic","Relic","Relic","Relic"],"build_version":"2020-12-22","purchased_purges":4,"victory":false,"max_hp_per_floor":[72,72,72,72,77,77,77,77,77,77,77,77,77,77,77,77,82,82,82,82,82,82,82,84,84,84,86,86,86,86,88,88,90,90,92,102,102,104,104,106,106,108,108,110,110,110,110,112,112,112,112,112,112,114,114,114],"relic_stats":{"Dream Catcher":1,"Regal Pillow":9,"Nunchaku":[6],"TheAbacus":[24],"Singing Bowl":22,"Happy Flower":[6],"counters":[23,76],"Bronze Scales":[176],"Eternal Feather":18,"Boot":[3],"GoldenEye":[0],"obtain_stats":[{"Regal Pillow":25,"Tiny House":17,"Pear":36,"NeowsBlessing":0,"Singing Bowl":20,"Happy Flower":46,"Thread and Needle":26,"Eternal Feather":45,"Boot":14,"GoldenEye":30,"Ancient Tea Set":46,"Akabeko":11,"Old Coin":43,"Dream Catcher":7,"Anchor":40,"Nunchaku":42,"HornCleat":22,"TheAbacus":46,"Bronze Scales":23,"HolyWater":34,"Red Mask":41,"Bag of Marbles":54,"Membership Card":20,"PureWater":0},{"Regal Pillow":10,"Tiny House":5,"Pear":15,"NeowsBlessing":0,"Singing Bowl":7,"Happy Flower":19,"Thread and Needle":10,"Eternal Feather":19,"Boot":4,"GoldenEye":12,"Ancient Tea Set":19,"Akabeko":3,"Old Coin":18,"Dream Catcher":2,"Anchor":17,"Nunchaku":18,"HornCleat":8,"TheAbacus":19,"Bronze Scales":9,"HolyWater":14,"Red Mask":17,"Bag of Marbles":22,"Membership Card":7,"PureWater":0},{"Regal Pillow":24,"Tiny House":12,"Pear":42,"NeowsBlessing":0,"Singing Bowl":17,"Happy Flower":57,"Thread and Needle":24,"Eternal Feather":57,"Boot":8,"GoldenEye":30,"Ancient Tea Set":57,"Akabeko":5,"Old Coin":55,"Dream Catcher":3,"Anchor":50,"Nunchaku":55,"HornCleat":19,"TheAbacus":57,"Bronze Scales":22,"HolyWater":37,"Red Mask":50,"Bag of Marbles":70,"Membership Card":17,"PureWater":0}]},"card_choices":[{"not_picked":["PathToVictory","FlyingSleeves"],"picked":"Sanctity","floor":1},{"not_picked":["Evaluate","Consecrate"],"picked":"CarveReality","floor":7},{"not_picked":["WreathOfFlame","CrushJoints"],"picked":"ReachHeaven","floor":11},{"not_picked":["BowlingBash","Worship"],"picked":"EmptyBody","floor":14},{"not_picked":["Establishment","SpiritShield"],"picked":"Scrawl","floor":16},{"not_picked":["SashWhip","Prostrate"],"picked":"FollowUp","floor":17},{"not_picked":["Conclude+1","Wireheading","LikeWater"],"picked":"SKIP","floor":18},{"not_picked":["Judgement","Adaptation+1"],"picked":"Consecrate","floor":19},{"not_picked":["PathToVictory","FearNoEvil+1"],"picked":"CarveReality+1","floor":21},{"not_picked":["Prostrate","CrushJoints"],"picked":"Alpha","floor":23},{"not_picked":["CrushJoints","ThirdEye","WindmillStrike"],"picked":"Singing Bowl","floor":24},{"not_picked":["CarveReality","Tantrum+1","Indignation"],"picked":"Singing Bowl","floor":27},{"not_picked":["ForeignInfluence","Sanctity+1"],"picked":"SandsOfTime+1","floor":30},{"not_picked":["EmptyBody","SignatureMove+1","Halt"],"picked":"Singing Bowl","floor":31},{"not_picked":["DevaForm","Scrawl","LessonLearned"],"picked":"Singing Bowl","floor":33},{"not_picked":["FollowUp","Protect","ClearTheMind+1"],"picked":"Singing Bowl","floor":35},{"not_picked":["Purity","Chrysalis","Forethought"],"picked":"Singing Bowl","floor":38},{"not_picked":["Metamorphosis","Sadistic Nature"],"picked":"Blind","floor":38},{"not_picked":["Sadistic Nature","PanicButton"],"picked":"Panacea","floor":38},{"not_picked":["SashWhip","Worship"],"picked":"Consecrate+1","floor":39},{"not_picked":["Pray","JustLucky+1","WindmillStrike"],"picked":"Singing Bowl","floor":40},{"not_picked":["CrushJoints+1","CarveReality+1","EmptyFist"],"picked":"Singing Bowl","floor":42},{"not_picked":["EmptyBody","CrushJoints","Swivel"],"picked":"Singing Bowl","floor":44},{"not_picked":["Prostrate","EmptyBody","ClearTheMind"],"picked":"Singing Bowl","floor":48},{"not_picked":["ReachHeaven","ClearTheMind"],"picked":"Halt+1","floor":49},{"not_picked":["InnerPeace+1","ForeignInfluence","EmptyBody+1"],"picked":"Singing Bowl","floor":54}],"player_experience":1176192,"relics_obtained":[{"floor":7,"key":"Dream Catcher"},{"floor":11,"key":"Akabeko"},{"floor":14,"key":"Boot"},{"floor":22,"key":"HornCleat"},{"floor":23,"key":"Bronze Scales"},{"floor":26,"key":"Thread and Needle"},{"floor":30,"key":"GoldenEye"},{"floor":40,"key":"Anchor"},{"floor":42,"key":"Nunchaku"},{"floor":43,"key":"Old Coin"},{"floor":45,"key":"Eternal Feather"},{"floor":54,"key":"Bag of Marbles"}],"event_choices":[{"damage_healed":0,"gold_gain":0,"player_choice":"Entered Light","damage_taken":14,"max_hp_gain":0,"max_hp_loss":0,"event_name":"Shining Light","floor":3,"gold_loss":0,"cards_upgraded":["Vigilance","Sanctity"]},{"damage_healed":0,"gold_gain":0,"player_choice":"Leave","damage_taken":0,"max_hp_gain":0,"max_hp_loss":0,"event_name":"The Cleric","floor":4,"gold_loss":0},{"damage_healed":0,"gold_gain":0,"player_choice":"Donut","damage_taken":0,"max_hp_gain":5,"max_hp_loss":0,"event_name":"Big Fish","floor":5,"gold_loss":0},{"cards_removed":["Defend_P"],"damage_healed":0,"gold_gain":0,"player_choice":"Offered Basic","damage_taken":0,"max_hp_gain":0,"max_hp_loss":0,"event_name":"Bonfire Elementals","floor":12,"gold_loss":0},{"damage_healed":0,"gold_gain":0,"cards_transformed":["Strike_P"],"player_choice":"Transformed","damage_taken":0,"max_hp_gain":0,"max_hp_loss":0,"event_name":"Transmorgrifier","floor":28,"gold_loss":0,"cards_obtained":["MentalFortress"]},{"cards_removed":["MentalFortress"],"damage_healed":0,"gold_gain":0,"player_choice":"Removed Power","damage_taken":0,"max_hp_gain":0,"max_hp_loss":0,"event_name":"Falling","floor":37,"gold_loss":0},{"damage_healed":0,"gold_gain":0,"player_choice":"Memory 3","damage_taken":10,"max_hp_gain":0,"max_hp_loss":0,"event_name":"SensoryStone","floor":38,"gold_loss":0},{"damage_healed":0,"gold_gain":0,"player_choice":"Paid","damage_taken":0,"relics_obtained":["Red Mask"],"max_hp_gain":0,"max_hp_loss":0,"event_name":"Tomb of Lord Red Mask","floor":41,"gold_loss":52}],"is_beta":false,"boss_relics":[{"not_picked":["Coffee Dripper","Runic Dome"],"picked":"Tiny House"},{"not_picked":["Sozu","Pandora\u0027s Box"],"picked":"HolyWater"}],"items_purged_floors":[2,25,36,46],"is_endless":false,"potions_floor_spawned":[7,14,21,24,30,31,40,44,54],"killed_by":"The Heart","ascension_level":1}}