{"host":"wuernuywc9gl215o","time":1613172527,"event":{"mods":["2.2 Compatiblity","AchievementEnabler","BaseMod","Bestiary","Block Reminder","Displayed Cursed Tome","Highlight Path","Key Reminder","Minty Spire (QoL Compilation)","Permanent Neow","Potion Indicator Mod","Quick Restart","Rare Cards Sparkle","Relic Stats","ojb\u0027s Info Mod"],"gold_per_floor":[111,121,136,149,129,129,154,35,103,131,151,164,164,42,42,113,113,124,124,140,154,173,173,173],"floor_reached":23,"language":"ENG","playtime":1031,"items_purged":["Strike_R"],"score":410,"play_id":"18ef3b1c-0017-48cf-a88a-555218877a79","local_time":"20210212232847","is_ascension_mode":true,"campfire_choices":[{"data":"Flame Barrier","floor":6.0,"key":"SMITH"},{"data":"Whirlwind","floor":13.0,"key":"SMITH"},{"data":"Carnage","floor":15.0,"key":"SMITH"}],"circlet_count":0,"master_deck":["AscendersBane","Strike_R","Strike_R","Strike_R","Strike_R","Defend_R","Defend_R","Defend_R","Defend_R","Bash","Sword Boomerang","Flame Barrier+1","True Grit","Clothesline","Carnage+1","Whirlwind+1","Disarm","Ghostly Armor","Disarm","Evolve","Feed","Shrug It Off","Rage","Feel No Pain","Feed"],"relics":["Coffee Dripper","Pocketwatch","Question Card","Smiling Mask","Velvet Choker"],"acts_visited":["Exordium","TheCity"],"potions_floor_usage":[20],"damage_taken":[{"damage":1.0,"enemies":"Cultist","floor":1.0,"turns":3.0},{"damage":6.0,"enemies":"Small Slimes","floor":2.0,"turns":4.0},{"damage":2.0,"enemies":"Jaw Worm","floor":3.0,"turns":3.0},{"damage":6.0,"enemies":"Red Slaver","floor":4.0,"turns":5.0},{"damage":19.0,"enemies":"Gremlin Nob","floor":7.0,"turns":5.0},{"damage":4.0,"enemies":"3 Sentries","floor":10.0,"turns":4.0},{"damage":16.0,"enemies":"Exordium Thugs","floor":11.0,"turns":3.0},{"damage":9.0,"enemies":"Gremlin Gang","floor":12.0,"turns":2.0},{"damage":1.0,"enemies":"The Guardian","floor":16.0,"turns":11.0},{"damage":16.0,"enemies":"Shell Parasite","floor":18.0,"turns":5.0},{"damage":9,"enemies":"Spheric Guardian","floor":20,"turns":4},{"damage":2,"enemies":"Snecko","floor":21,"turns":4},{"damage":10,"enemies":"Shelled Parasite and Fungi","floor":22,"turns":6},{"damage":24,"enemies":"Gremlin Leader","floor":23,"turns":2}],"seed_played":"-3594163978602864708","potions_obtained":[{"floor":2.0,"key":"PowerPotion"},{"floor":5.0,"key":"Block Potion"},{"floor":11.0,"key":"Explosive Potion"},{"floor":12.0,"key":"Fire Potion"},{"floor":16.0,"key":"ColorlessPotion"},{"floor":18.0,"key":"FearPotion"},{"floor":20,"key":"SteroidPotion"}],"is_trial":false,"path_per_floor":["M","M","M","M","?","R","E","$","T","E","M","M","R","$","R","B",null,"M","?","M","M","M","E"],"character_chosen":"IRONCLAD","items_purchased":["Whirlwind","DistilledChaos","Evolve"],"campfire_rested":0,"item_purchase_floors":[8,14,14],"current_hp_per_floor":[67,61,59,53,53,53,34,34,34,30,14,5,5,5,5,4,57,41,41,32,30,23,0,0],"gold":173,"neow_bonus":"BOSS_RELIC","is_daily":false,"chose_seed":false,"campfire_upgraded":3,"win_rate":0.0,"timestamp":1613172527,"path_taken":["M","M","M","?","?","R","E","?","T","E","M","?","R","$","R","BOSS","M","?","?","M","M","E"],"items_purchased_type":["Card","Potion","Card"],"build_version":"2020-12-22","purchased_purges":1,"victory":false,"max_hp_per_floor":[75,75,75,75,75,75,75,75,75,75,75,75,75,75,75,75,75,75,75,75,75,78,78,78],"relic_stats":{"counters":[14,61],"Question Card":8,"Smiling Mask":0,"obtain_stats":[{"Velvet Choker":17,"Coffee Dripper":0,"Question Card":9,"Smiling Mask":10,"Burning Blood":0,"Pocketwatch":7},{"Velvet Choker":9,"Coffee Dripper":0,"Question Card":5,"Smiling Mask":6,"Burning Blood":0,"Pocketwatch":5},{"Velvet Choker":40,"Coffee Dripper":0,"Question Card":20,"Smiling Mask":24,"Burning Blood":0,"Pocketwatch":20}],"Pocketwatch":[57]},"card_choices":[{"not_picked":["Body Slam","Twin Strike"],"picked":"Sword Boomerang","floor":1.0},{"not_picked":["Fire Breathing","Cleave"],"picked":"Flame Barrier","floor":2.0},{"not_picked":["Iron Wave","Metallicize"],"picked":"True Grit","floor":3.0},{"not_picked":["Headbutt","Wild Strike"],"picked":"Clothesline","floor":4.0},{"not_picked":["Infernal Blade","Cleave"],"picked":"Carnage","floor":7.0},{"not_picked":["Burning Pact","Pummel","Twin Strike"],"picked":"Disarm","floor":10.0},{"not_picked":["Perfected Strike","Armaments","Brutality"],"picked":"Ghostly Armor","floor":11.0},{"not_picked":["Feel No Pain","Evolve","Thunderclap"],"picked":"Disarm","floor":12.0},{"not_picked":["Demon Form","Fiend Fire","Barricade"],"picked":"Feed","floor":16.0},{"not_picked":["Armaments","Pommel Strike","Perfected Strike"],"picked":"Shrug It Off","floor":18.0},{"not_picked":["Burning Pact","Twin Strike","Rupture+1"],"picked":"Rage","floor":20},{"not_picked":["Second Wind","Ghostly Armor","Wild Strike"],"picked":"Feel No Pain","floor":21},{"not_picked":["Body Slam","True Grit+1","Metallicize+1"],"picked":"Feed","floor":22}],"player_experience":939126,"relics_obtained":[{"floor":7.0,"key":"Pocketwatch"},{"floor":9.0,"key":"Question Card"},{"floor":10.0,"key":"Smiling Mask"}],"event_choices":[{"damage_healed":0.0,"max_hp_gain":0.0,"max_hp_loss":0.0,"gold_gain":0.0,"event_name":"The Woman in Blue","player_choice":"Bought 1 Potion","floor":5.0,"gold_loss":0.0,"damage_taken":0.0},{"damage_healed":0.0,"max_hp_gain":0.0,"max_hp_loss":0.0,"gold_gain":0.0,"event_name":"Lab","player_choice":"Got Potions","floor":19.0,"gold_loss":0.0,"damage_taken":0.0}],"is_beta":false,"boss_relics":[{"not_picked":["Tiny House","Ectoplasm"],"picked":"Velvet Choker"}],"items_purged_floors":[8],"is_endless":false,"potions_floor_spawned":[2,11,12,16,18,20],"killed_by":"Gremlin Leader","ascension_level":20}}