{"host":"n6qxj7a4gnapjcui","time":1613155749,"event":{"mods":["2.2 Compatiblity","AchievementEnabler","BaseMod","Colored Map","Minty Spire (QoL Compilation)"],"gold_per_floor":[109,123,198,217,230,262,262,282,282,23,23,38,38,50,50,149,149,167,184,109,109,120,120,120,120],"floor_reached":24,"language":"POL","playtime":811,"items_purged":[],"score":290,"play_id":"b2cffdba-c03c-41e2-a088-d303b7efa796","local_time":"20210212194909","is_ascension_mode":true,"campfire_choices":[{"data":"Seeing Red","floor":7.0,"key":"SMITH"},{"floor":15,"key":"REST"},{"floor":23,"key":"REST"}],"circlet_count":0,"master_deck":["Defend_R","Defend_R","Defend_R","Defend_R","Bash","Cleave","Seeing Red+1","Pommel Strike","Reckless Charge","Spot Weakness","Uppercut","Twin Strike","Flex","Berserk","Limit Break+1","Feed+1","Brutality+1","Pommel Strike+1","Whirlwind+1","Rage","Armaments"],"relics":["Burning Blood","Bronze Scales","Nunchaku","Ornamental Fan","Ancient Tea Set","Astrolabe"],"acts_visited":["Exordium","TheCity"],"potions_floor_usage":[24,24,24],"damage_taken":[{"damage":3.0,"enemies":"2 Louse","floor":1.0,"turns":4.0},{"damage":7.0,"enemies":"Small Slimes","floor":2.0,"turns":3.0},{"damage":6.0,"enemies":"Cultist","floor":4.0,"turns":3.0},{"damage":17.0,"enemies":"2 Fungi Beasts","floor":5.0,"turns":4.0},{"damage":20.0,"enemies":"3 Sentries","floor":6.0,"turns":7.0},{"damage":18.0,"enemies":"Red Slaver","floor":8.0,"turns":4.0},{"damage":8.0,"enemies":"3 Louse","floor":12.0,"turns":3.0},{"damage":2,"enemies":"2 Fungi Beasts","floor":14,"turns":2},{"damage":54,"enemies":"Slime Boss","floor":16,"turns":8},{"damage":18,"enemies":"3 Byrds","floor":18,"turns":3},{"damage":21,"enemies":"Spheric Guardian","floor":19,"turns":4},{"damage":39,"enemies":"Snake Plant","floor":22,"turns":4},{"damage":46,"enemies":"Book of Stabbing","floor":24,"turns":4}],"seed_played":"187689648036502038","potions_obtained":[{"floor":4.0,"key":"BlessingOfTheForge"},{"floor":5.0,"key":"SteroidPotion"},{"floor":8.0,"key":"AttackPotion"},{"floor":14,"key":"Dexterity Potion"},{"floor":16,"key":"CultistPotion"},{"floor":18,"key":"Weak Potion"}],"is_trial":false,"path_per_floor":["M","M","?","M","M","E","R","M","T","$","?","M","?","M","R","B",null,"M","M","?","?","M","R","E"],"character_chosen":"IRONCLAD","items_purchased":["Ornamental Fan"],"campfire_rested":2,"item_purchase_floors":[10],"current_hp_per_floor":[83,82,71,71,60,46,46,34,34,34,34,32,32,36,62,14,70,62,47,47,47,14,41,0,0],"gold":120,"neow_bonus":"TEN_PERCENT_HP_BONUS","is_daily":false,"chose_seed":false,"campfire_upgraded":1,"win_rate":0.0,"timestamp":1613155749,"path_taken":["M","M","?","M","M","E","R","M","T","$","?","?","?","M","R","BOSS","M","M","?","?","M","R","E"],"items_purchased_type":["Relic"],"build_version":"2020-12-22","purchased_purges":0,"victory":false,"max_hp_per_floor":[88,88,88,88,88,88,88,88,88,88,88,88,88,88,88,88,88,92,92,92,92,92,92,92,92],"card_choices":[{"not_picked":["Flex","Anger"],"picked":"Cleave","floor":1.0},{"not_picked":["Thunderclap","Pommel Strike"],"picked":"Seeing Red","floor":2.0},{"not_picked":["Hemokinesis","Second Wind"],"picked":"Pommel Strike","floor":4.0},{"not_picked":["Second Wind","Wild Strike"],"picked":"Reckless Charge","floor":5.0},{"not_picked":["Dual Wield","Headbutt"],"picked":"Spot Weakness","floor":6.0},{"not_picked":["Warcry","Dual Wield"],"picked":"Uppercut","floor":8.0},{"not_picked":["Heavy Blade","Dark Embrace"],"picked":"Twin Strike","floor":12.0},{"not_picked":["Sword Boomerang","Pommel Strike"],"picked":"Flex","floor":14},{"not_picked":["Exhume","Impervious"],"picked":"Berserk","floor":16},{"not_picked":["Spot Weakness","Warcry"],"picked":"Pommel Strike+1","floor":18},{"not_picked":["Pummel","Burning Pact+1"],"picked":"Whirlwind+1","floor":19},{"not_picked":["Warcry","Perfected Strike"],"picked":"Armaments","floor":22}],"player_experience":324283,"relics_obtained":[{"floor":6.0,"key":"Bronze Scales"},{"floor":9.0,"key":"Nunchaku"}],"event_choices":[{"damage_healed":0.0,"max_hp_gain":0.0,"max_hp_loss":0.0,"gold_gain":75.0,"event_name":"World of Goop","player_choice":"Gather Gold","floor":3.0,"gold_loss":0.0,"damage_taken":11.0},{"cards_removed":["Strike_R"],"damage_healed":0.0,"max_hp_gain":0.0,"max_hp_loss":0.0,"gold_gain":0.0,"event_name":"Purifier","player_choice":"Purged","floor":11.0,"gold_loss":0.0,"damage_taken":0.0},{"damage_healed":0,"gold_gain":0,"player_choice":"Gave Potion","damage_taken":0,"relics_obtained":["Ancient Tea Set"],"max_hp_gain":0,"max_hp_loss":0,"event_name":"WeMeetAgain","floor":13,"gold_loss":0},{"cards_removed":["Strike_R"],"damage_healed":0,"gold_gain":0,"player_choice":"Gave Gold","damage_taken":0,"max_hp_gain":0,"max_hp_loss":0,"event_name":"Beggar","floor":20,"gold_loss":75},{"damage_healed":0,"gold_gain":0,"player_choice":"Read","damage_taken":0,"max_hp_gain":0,"max_hp_loss":0,"event_name":"The Library","floor":21,"gold_loss":0,"cards_obtained":["Rage"]}],"is_beta":false,"boss_relics":[{"not_picked":["Runic Cube","Pandora\u0027s Box"],"picked":"Astrolabe"}],"items_purged_floors":[],"is_endless":false,"potions_floor_spawned":[4,5,8,14,16,18,22],"killed_by":"Book of Stabbing","ascension_level":9}}