{"host":"mi0eibewekhugwl1","time":1613108500,"event":{"mods":["AchievementEnabler","BaseMod","Colored Map","Colored Powertips","DeckTracker","Keyboard Shortcuts","Minty Spire (QoL Compilation)","Quick Restart","Rare Cards Sparkle","Relic Stats","StSLib","SuperFastMode","everything is the same but u backflip on backflip"],"gold_per_floor":[116,116,116,1,18,18,51,51,74,104,118,135,210,230,230,308,308,320,88,88,103,117,117,36,36,63,83,83,99,118,21,21,92,92,107,125,0,0,0,0],"floor_reached":39,"language":"KOR","playtime":825,"items_purged":["Strike_R","Strike_R","Writhe"],"score":832,"play_id":"f4c6b2cd-4faa-47e8-b46a-ae3c43f75d6c","local_time":"20210212144140","is_ascension_mode":true,"campfire_choices":[{"data":"Evolve","floor":6,"key":"SMITH"},{"data":"Bash","floor":8,"key":"SMITH"},{"data":"Rampage","floor":15,"key":"SMITH"},{"data":"Double Tap","floor":23,"key":"SMITH"},{"floor":25,"key":"REST"},{"floor":28,"key":"REST"},{"data":"Fire Breathing","floor":32,"key":"SMITH"}],"circlet_count":0,"master_deck":["AscendersBane","Strike_R","Defend_R","Defend_R","Defend_R","Defend_R","Bash+1","Twin Strike+1","Evolve+1","Twin Strike+1","Hemokinesis","Rampage+1","Pommel Strike","Power Through","Double Tap+1","Wild Strike","Battle Trance","Power Through","Flame Barrier","True Grit+1","Seeing Red","Headbutt+1","Shrug It Off","Fire Breathing+1","Shrug It Off","Immolate+1","Feel No Pain"],"relics":["Black Blood","NeowsBlessing","Art of War","Boot","Whetstone","Cursed Key"],"acts_visited":["Exordium","TheCity","TheBeyond"],"potions_floor_usage":[16,21,33],"damage_taken":[{"damage":0,"enemies":"2 Louse","floor":1,"turns":1},{"damage":0,"enemies":"Cultist","floor":5,"turns":1},{"damage":0,"enemies":"Gremlin Nob","floor":7,"turns":1},{"damage":25,"enemies":"3 Sentries","floor":10,"turns":13},{"damage":10,"enemies":"Small Slimes","floor":11,"turns":2},{"damage":19,"enemies":"Exordium Wildlife","floor":12,"turns":3},{"damage":9,"enemies":"Red Slaver","floor":14,"turns":4},{"damage":22,"enemies":"Slime Boss","floor":16,"turns":6},{"damage":2,"enemies":"Chosen","floor":18,"turns":3},{"damage":5,"enemies":"2 Thieves","floor":21,"turns":4},{"damage":28,"enemies":"3 Cultists","floor":22,"turns":6},{"damage":35,"enemies":"Shelled Parasite and Fungi","floor":27,"turns":6},{"damage":5,"enemies":"Cultist and Chosen","floor":29,"turns":5},{"damage":13,"enemies":"Sentry and Sphere","floor":30,"turns":5},{"damage":69,"enemies":"Champ","floor":33,"turns":14},{"damage":14,"enemies":"3 Shapes","floor":35,"turns":5},{"damage":36,"enemies":"3 Darklings","floor":36,"turns":5},{"damage":46,"enemies":"Maw","floor":39,"turns":5}],"seed_played":"2579652675580237145","potions_obtained":[{"floor":11,"key":"Ancient Potion"},{"floor":12,"key":"Explosive Potion"},{"floor":22,"key":"Energy Potion"},{"floor":27,"key":"FairyPotion"},{"floor":33,"key":"DistilledChaos"}],"is_trial":false,"path_per_floor":["M","?","?","$","M","R","E","R","T","E","M","M","?","M","R","B",null,"M","$","?","M","M","R","$","R","T","M","R","M","M","$","R","B",null,"M","M","$","?","M"],"character_chosen":"IRONCLAD","items_purchased":["Evolve","Battle Trance","Block Potion","Seeing Red","Fire Breathing","Shrug It Off"],"campfire_rested":2,"item_purchase_floors":[4,19,19,24,31,31],"current_hp_per_floor":[74,74,74,74,75,75,75,75,75,56,52,39,28,25,25,9,59,63,63,63,64,42,42,42,64,64,35,57,58,51,51,51,28,63,61,37,37,37,0,0],"gold":0,"neow_bonus":"THREE_ENEMY_KILL","is_daily":false,"chose_seed":false,"campfire_upgraded":5,"win_rate":0.0,"timestamp":1613108500,"path_taken":["M","?","?","$","?","R","E","R","T","E","M","M","?","M","R","BOSS","M","$","?","M","?","R","?","R","T","M","R","M","M","$","R","BOSS","M","M","$","?","M"],"items_purchased_type":["Card","Card","Potion","Card","Card","Card"],"build_version":"2020-12-22","purchased_purges":3,"victory":false,"max_hp_per_floor":[75,75,75,75,75,75,75,75,75,75,75,75,75,75,75,75,75,75,75,75,75,75,75,75,75,75,75,75,75,75,75,75,75,75,75,75,75,75,75,75],"relic_stats":{"counters":[18,89],"Black Blood":103,"Art of War":[6],"Whetstone":["Twin Strike","Twin Strike"],"Boot":[58],"Cursed Key":1,"obtain_stats":[{"NeowsBlessing":0,"Black Blood":34,"Art of War":7,"Whetstone":10,"Boot":9,"Cursed Key":17,"Burning Blood":0},{"NeowsBlessing":0,"Black Blood":15,"Art of War":3,"Whetstone":4,"Boot":3,"Cursed Key":8,"Burning Blood":0},{"NeowsBlessing":0,"Black Blood":74,"Art of War":3,"Whetstone":16,"Boot":3,"Cursed Key":31,"Burning Blood":0}]},"card_choices":[{"not_picked":["Anger","Dropkick"],"picked":"Twin Strike","floor":1},{"not_picked":["Burning Pact","Bloodletting"],"picked":"Twin Strike","floor":5},{"not_picked":["Iron Wave","Searing Blow","Heavy Blade"],"picked":"SKIP","floor":7},{"not_picked":["Feel No Pain","Thunderclap"],"picked":"Hemokinesis","floor":10},{"not_picked":["Flame Barrier","Headbutt"],"picked":"Rampage","floor":11},{"not_picked":["Rage","Seeing Red"],"picked":"Pommel Strike","floor":12},{"not_picked":["Sword Boomerang","Combust"],"picked":"Power Through","floor":14},{"not_picked":["Fiend Fire","Corruption"],"picked":"Double Tap","floor":16},{"not_picked":["Sword Boomerang","Infernal Blade"],"picked":"Wild Strike","floor":18},{"not_picked":["Ghostly Armor","Flex"],"picked":"Flame Barrier","floor":21},{"not_picked":["Warcry","Hemokinesis"],"picked":"True Grit+1","floor":22},{"not_picked":["Dual Wield+1","Perfected Strike+1"],"picked":"Headbutt+1","floor":27},{"not_picked":["Sword Boomerang","Evolve"],"picked":"Shrug It Off","floor":29},{"not_picked":["Pommel Strike","Hemokinesis","Cleave"],"picked":"SKIP","floor":30},{"not_picked":["Exhume","Corruption"],"picked":"Immolate","floor":33},{"not_picked":["Disarm","Clothesline"],"picked":"Feel No Pain","floor":35},{"not_picked":["Thunderclap+1","Flex","Clash"],"picked":"SKIP","floor":36}],"player_experience":1799011,"relics_obtained":[{"floor":7,"key":"Art of War"},{"floor":9,"key":"Boot"},{"floor":10,"key":"Whetstone"}],"event_choices":[{"cards_removed":["Strike_R"],"damage_healed":0,"gold_gain":0,"player_choice":"Forget","damage_taken":0,"max_hp_gain":0,"max_hp_loss":0,"event_name":"Living Wall","floor":2,"gold_loss":0},{"cards_removed":["Strike_R"],"damage_healed":0,"gold_gain":0,"player_choice":"Purged","damage_taken":0,"max_hp_gain":0,"max_hp_loss":0,"event_name":"Purifier","floor":3,"gold_loss":0},{"damage_healed":0,"gold_gain":75,"player_choice":"Gather Gold","damage_taken":11,"max_hp_gain":0,"max_hp_loss":0,"event_name":"World of Goop","floor":13,"gold_loss":0},{"damage_healed":0,"gold_gain":0,"player_choice":"Copied","damage_taken":0,"max_hp_gain":0,"max_hp_loss":0,"event_name":"Duplicator","floor":20,"gold_loss":0,"cards_obtained":["Power Through"]},{"damage_healed":0,"gold_gain":0,"player_choice":"Forge","damage_taken":0,"max_hp_gain":0,"max_hp_loss":0,"event_name":"Accursed Blacksmith","floor":38,"gold_loss":0,"cards_upgraded":["Immolate"]}],"is_beta":false,"boss_relics":[{"not_picked":["Sozu","Busted Crown"],"picked":"Cursed Key"},{"not_picked":["Pandora\u0027s Box","Runic Dome"],"picked":"Black Blood"}],"items_purged_floors":[4,19,37],"is_endless":false,"potions_floor_spawned":[11,12,14,22,27,29,33],"killed_by":"Maw","ascension_level":20}}