{"host":"p9vmbvw2hh2n16dn","time":1613144647,"event":{"mods":["AchievementEnabler","BaseMod","Block Reminder","Minty Spire (QoL Compilation)","Relic Stats","SuperFastMode"],"gold_per_floor":[116,66,66,66,81,106,181,211,211,229,329,348,348,368,368,472,472,486,486,502,517,532,558,572,582,582,280,280,24,41,70,70,172,172,187,187,205,224,204,238,258,288,288,317,317,337,337,24,24,24],"floor_reached":51,"language":"ENG","playtime":2157,"items_purged":[],"score":1230,"play_id":"fbedce89-6927-47e7-a524-5436f884e00b","local_time":"20210212164407","is_ascension_mode":true,"campfire_choices":[{"floor":13.0,"key":"REST"},{"data":"Go for the Eyes","floor":15.0,"key":"SMITH"},{"floor":28.0,"key":"REST"},{"floor":32.0,"key":"REST"},{"data":"Coolheaded","floor":45,"key":"SMITH"},{"data":"Defragment","floor":49,"key":"SMITH"}],"circlet_count":0,"master_deck":["Defend_B","Defend_B","Defend_B","Zap","Dualcast","Loop","Sweeping Beam","Melter","Ball Lightning","Coolheaded+1","BootSequence","Go for the Eyes+1","Buffer","Chill+1","Amplify+1","Barrage+1","Hologram+1","Core Surge","Sunder+1","Defragment+1","Static Discharge","Storm","Defragment+1","Leap","Creative AI","Sunder+1","Loop","Storm+1","Self Repair","Self Repair","Biased Cognition","Reinforced Body+1","Conserve Battery+1"],"relics":["Cracked Core","NeowsBlessing","Question Card","Centennial Puzzle","Anchor","Boot","Astrolabe","Prayer Wheel","Kunai","Emotion Chip","Mummified Hand","Bag of Preparation","Snecko Eye","Smiling Mask","Calipers","Blue Candle","Pear","Ice Cream"],"acts_visited":["Exordium","TheCity","TheBeyond"],"potions_floor_usage":[40,44,44,50],"damage_taken":[{"damage":0.0,"enemies":"2 Louse","floor":1.0,"turns":1.0},{"damage":0.0,"enemies":"Small Slimes","floor":5.0,"turns":1.0},{"damage":0.0,"enemies":"3 Sentries","floor":6.0,"turns":1.0},{"damage":10.0,"enemies":"Gremlin Nob","floor":8.0,"turns":3.0},{"damage":0.0,"enemies":"Cultist","floor":10.0,"turns":2.0},{"damage":7.0,"enemies":"Large Slime","floor":12.0,"turns":4.0},{"damage":1.0,"enemies":"Gremlin Gang","floor":14.0,"turns":3.0},{"damage":19.0,"enemies":"The Guardian","floor":16.0,"turns":14.0},{"damage":14.0,"enemies":"3 Byrds","floor":18.0,"turns":5.0},{"damage":0.0,"enemies":"Spheric Guardian","floor":20.0,"turns":3.0},{"damage":11.0,"enemies":"Snake Plant","floor":21.0,"turns":4.0},{"damage":0.0,"enemies":"Chosen and Byrds","floor":22.0,"turns":4.0},{"damage":8.0,"enemies":"Slavers","floor":23.0,"turns":6.0},{"damage":1.0,"enemies":"Centurion and Healer","floor":24.0,"turns":8.0},{"damage":14.0,"enemies":"Sentry and Sphere","floor":25.0,"turns":5.0},{"damage":2.0,"enemies":"Snake Plant","floor":30.0,"turns":2.0},{"damage":14.0,"enemies":"Book of Stabbing","floor":31.0,"turns":4.0},{"damage":38.0,"enemies":"Automaton","floor":33.0,"turns":11.0},{"damage":14,"enemies":"Orb Walker","floor":35,"turns":3},{"damage":0,"enemies":"3 Shapes","floor":37,"turns":2},{"damage":0,"enemies":"Transient","floor":38,"turns":5},{"damage":0,"enemies":"Reptomancer","floor":40,"turns":4},{"damage":0,"enemies":"Sphere and 2 Shapes","floor":41,"turns":3},{"damage":28,"enemies":"Nemesis","floor":42,"turns":3},{"damage":0,"enemies":"Reptomancer","floor":44,"turns":3},{"damage":8,"enemies":"Maw","floor":46,"turns":6},{"damage":23,"enemies":"Time Eater","floor":50,"turns":3}],"seed_played":"-7635698690808047838","potions_obtained":[{"floor":1.0,"key":"Energy Potion"},{"floor":6.0,"key":"SteroidPotion"},{"floor":10.0,"key":"DuplicationPotion"},{"floor":14.0,"key":"Weak Potion"},{"floor":18.0,"key":"DistilledChaos"},{"floor":21.0,"key":"PotionOfCapacity"},{"floor":24.0,"key":"ColorlessPotion"},{"floor":37,"key":"Explosive Potion"},{"floor":39,"key":"Swift Potion"},{"floor":41,"key":"EssenceOfDarkness"},{"floor":42,"key":"SneckoOil"},{"floor":46,"key":"PotionOfCapacity"}],"is_trial":false,"path_per_floor":["M","?","$","?","M","E","?","E","T","M","?","M","R","M","R","B",null,"M","?","M","M","M","E","M","M","T","$","R","$","M","E","R","B",null,"M","?","M","M","?","E","M","E","T","E","R","M","?","$","R","B",null],"character_chosen":"DEFECT","items_purchased":["Emotion Chip","Mummified Hand","Ice Cream"],"campfire_rested":3,"item_purchase_floors":[27,29,48],"current_hp_per_floor":[68,68,68,35,35,35,24,14,14,14,14,7,29,28,28,9,59,45,45,45,34,34,26,25,11,11,11,33,33,31,17,39,1,57,43,43,43,43,43,57,71,50,50,67,67,66,66,66,66,50],"gold":24,"neow_bonus":"THREE_ENEMY_KILL","is_daily":false,"chose_seed":false,"campfire_upgraded":3,"win_rate":0.0,"timestamp":1613144647,"path_taken":["M","?","$","?","M","E","?","E","T","M","?","M","R","?","R","BOSS","M","?","M","M","M","E","?","?","T","$","R","$","M","E","R","BOSS","M","?","M","?","?","E","?","E","T","E","R","M","?","$","R","BOSS"],"items_purchased_type":["Relic","Relic","Relic"],"build_version":"2020-12-22","purchased_purges":0,"victory":true,"max_hp_per_floor":[75,75,75,75,75,75,75,75,75,75,75,75,75,75,75,75,75,75,75,75,75,75,75,75,75,75,75,75,75,75,75,75,75,75,75,75,75,75,75,75,75,75,75,85,85,85,81,81,81,81],"relic_stats":{"counters":[27,112],"Astrolabe":["Chill","Amplify","Barrage"],"Blue Candle":[0],"Bag of Preparation":[20],"Question Card":33,"Boot":[75],"Smiling Mask":0,"Centennial Puzzle":[48],"Emotion Chip":[28,26,2,0,0],"Mummified Hand":[198],"Snecko Eye":[71,72,65,60],"Prayer Wheel":8,"Kunai":[12],"obtain_stats":[{"Ice Cream":48,"Calipers":42,"Pear":44,"NeowsBlessing":0,"Astrolabe":17,"Blue Candle":43,"Bag of Preparation":31,"Question Card":4,"Boot":9,"Smiling Mask":40,"Centennial Puzzle":6,"Anchor":8,"Emotion Chip":27,"Mummified Hand":29,"Snecko Eye":34,"Prayer Wheel":23,"Kunai":26,"Cracked Core":0},{"Ice Cream":26,"Calipers":24,"Pear":25,"NeowsBlessing":0,"Astrolabe":8,"Blue Candle":24,"Bag of Preparation":17,"Question Card":1,"Boot":4,"Smiling Mask":22,"Centennial Puzzle":3,"Anchor":4,"Emotion Chip":15,"Mummified Hand":15,"Snecko Eye":18,"Prayer Wheel":13,"Kunai":15,"Cracked Core":0},{"Ice Cream":109,"Calipers":100,"Pear":103,"NeowsBlessing":0,"Astrolabe":29,"Blue Candle":100,"Bag of Preparation":69,"Question Card":1,"Boot":6,"Smiling Mask":94,"Centennial Puzzle":3,"Anchor":6,"Emotion Chip":63,"Mummified Hand":63,"Snecko Eye":80,"Prayer Wheel":51,"Kunai":63,"Cracked Core":0}]},"card_choices":[{"not_picked":["Recycle","Chill"],"picked":"Loop","floor":1.0},{"not_picked":["Storm","Double Energy","Steam"],"picked":"Sweeping Beam","floor":5.0},{"not_picked":["Turbo","Coolheaded","Gash"],"picked":"Melter","floor":6.0},{"not_picked":["Conserve Battery","Gash","Stack"],"picked":"Ball Lightning","floor":8.0},{"not_picked":["Turbo","Compile Driver","Undo"],"picked":"Coolheaded","floor":10.0},{"not_picked":["Chaos","Lockon","Conserve Battery"],"picked":"BootSequence","floor":12.0},{"not_picked":["Stack","Barrage","Seek"],"picked":"Go for the Eyes","floor":14.0},{"not_picked":["All For One","Rainbow","Amplify"],"picked":"Buffer","floor":16.0},{"not_picked":["Coolheaded","Turbo+1","Conserve Battery"],"picked":"Hologram+1","floor":18.0},{"not_picked":["Rip and Tear","Redo","Sweeping Beam","Streamline"],"picked":"SKIP","floor":20.0},{"not_picked":["Gash+1","Lockon","Seek"],"picked":"Sunder+1","floor":21.0},{"not_picked":["Coolheaded","Turbo","Gash"],"picked":"Defragment+1","floor":22.0},{"not_picked":["Turbo","Redo","Gash","Fusion"],"picked":"SKIP","floor":23.0},{"not_picked":["Steam+1","Stack","Ball Lightning+1"],"picked":"Static Discharge","floor":24.0},{"not_picked":["Steam","Heatsinks","Go for the Eyes"],"picked":"Storm","floor":24.0},{"not_picked":["Double Energy+1","Leap","Glacier+1"],"picked":"Defragment","floor":25.0},{"not_picked":["Darkness","Consume","Ball Lightning"],"picked":"Leap","floor":25.0},{"not_picked":["Recycle","Double Energy","Sweeping Beam"],"picked":"Hello World","floor":30.0},{"not_picked":["Melter+1","Hello World","Coolheaded","Hologram"],"picked":"SKIP","floor":30.0},{"not_picked":["Consume","Aggregate+1","Skim","Compile Driver"],"picked":"SKIP","floor":31.0},{"not_picked":["Buffer","Core Surge","Thunder Strike"],"picked":"Creative AI","floor":33.0},{"not_picked":["Storm+1","Barrage+1","Rebound"],"picked":"Sunder+1","floor":35},{"not_picked":["Go for the Eyes","Chill+1","Blizzard","FTL"],"picked":"SKIP","floor":35},{"not_picked":["Doom and Gloom","White Noise","Reinforced Body"],"picked":"Storm+1","floor":37},{"not_picked":["Hologram","Conserve Battery+1","Streamline","Redo"],"picked":"SKIP","floor":37},{"not_picked":["Rebound","Streamline","Cold Snap"],"picked":"Self Repair","floor":38},{"not_picked":["Aggregate+1","Redo+1","Melter+1","Darkness"],"picked":"SKIP","floor":38},{"not_picked":["Leap","Beam Cell+1","Chill"],"picked":"Self Repair","floor":40},{"not_picked":["Scrape","Barrage+1","Redo+1"],"picked":"Biased Cognition","floor":41},{"not_picked":["Darkness","Turbo+1","Streamline","Consume+1"],"picked":"SKIP","floor":41},{"not_picked":["Go for the Eyes+1","Consume+1","Conserve Battery"],"picked":"Reinforced Body+1","floor":42},{"not_picked":["Leap","Rebound","Gash+1","Stack+1"],"picked":"SKIP","floor":44},{"not_picked":["Beam Cell+1","Sweeping Beam","Barrage"],"picked":"Conserve Battery+1","floor":46},{"not_picked":["Beam Cell","Streamline+1","Steam+1","Auto Shields+1"],"picked":"SKIP","floor":46}],"player_experience":318331,"relics_obtained":[{"floor":6.0,"key":"Centennial Puzzle"},{"floor":8.0,"key":"Anchor"},{"floor":9.0,"key":"Boot"},{"floor":23.0,"key":"Prayer Wheel"},{"floor":26.0,"key":"Kunai"},{"floor":31.0,"key":"Bag of Preparation"},{"floor":40,"key":"Smiling Mask"},{"floor":42,"key":"Calipers"},{"floor":43,"key":"Blue Candle"},{"floor":44,"key":"Pear"}],"event_choices":[{"cards_removed":["Strike_B"],"damage_healed":0.0,"max_hp_gain":0.0,"max_hp_loss":0.0,"gold_gain":0.0,"event_name":"The Cleric","player_choice":"Card Removal","floor":2.0,"gold_loss":50.0,"damage_taken":0.0},{"damage_healed":0.0,"max_hp_gain":0.0,"max_hp_loss":0.0,"gold_gain":0.0,"event_name":"Scrap Ooze","player_choice":"Success","floor":4.0,"gold_loss":0.0,"damage_taken":33.0,"relics_obtained":["Question Card"]},{"damage_healed":0.0,"max_hp_gain":0.0,"max_hp_loss":0.0,"gold_gain":75.0,"event_name":"World of Goop","player_choice":"Gather Gold","floor":7.0,"gold_loss":0.0,"damage_taken":11.0},{"damage_healed":0.0,"max_hp_gain":0.0,"max_hp_loss":0.0,"gold_gain":100.0,"event_name":"Golden Shrine","player_choice":"Pray","floor":11.0,"gold_loss":0.0,"damage_taken":0.0},{"damage_healed":0.0,"max_hp_gain":0.0,"max_hp_loss":0.0,"gold_gain":0.0,"cards_transformed":["Defend_B"],"event_name":"Transmorgrifier","player_choice":"Transformed","floor":19.0,"gold_loss":0.0,"damage_taken":0.0,"cards_obtained":["Core Surge"]},{"damage_healed":0,"gold_gain":0,"cards_transformed":["Hello World"],"player_choice":"Transformed","damage_taken":0,"max_hp_gain":0,"max_hp_loss":0,"event_name":"Transmorgrifier","floor":36,"gold_loss":0,"cards_obtained":["Loop"]},{"damage_healed":0,"gold_gain":0,"player_choice":"Bought 1 Potion","damage_taken":0,"max_hp_gain":0,"max_hp_loss":0,"event_name":"The Woman in Blue","floor":39,"gold_loss":0},{"damage_healed":0,"gold_gain":0,"player_choice":"Max HP","damage_taken":0,"max_hp_gain":0,"max_hp_loss":4,"event_name":"Winding Halls","floor":47,"gold_loss":0}],"is_beta":false,"boss_relics":[{"not_picked":["Nuclear Battery","Pandora\u0027s Box"],"picked":"Astrolabe"},{"not_picked":["Sozu","Runic Dome"],"picked":"Snecko Eye"}],"items_purged_floors":[],"is_endless":false,"potions_floor_spawned":[1,6,10,14,18,21,24,37,41,42,46],"ascension_level":9}}