{"host":"snhgf1tbc52ohml4","time":1613134832,"event":{"mods":["ATMod(°¢èªMod)","BaseMod","Dota2Spire","Gremlin Mod","Minty Spire (QoL Compilation)","Replay The Spire","StSLib","The Blackbeard","The Servant 0.9.4"],"gold_per_floor":[119,194,214,229,241,268,268,287,311,261,261,290,307,322,322,422,422,440,452,31,31,50,83,83,103,103,3,3,3,3,3,20,49,49,149,149,166,166,177,228,239,239,265,140,165,12,27,37,37,57,57,57],"floor_reached":53,"language":"ZHS","playtime":5451,"items_purged":["blackbeard:BlackbeardDefend","blackbeard:BlackbeardStrike","blackbeard:Fencing","ReplayTheSpireMod:Splinters"],"score":766,"play_id":"1243e3c8-05f8-457e-a322-75c6bd650071","local_time":"20210212210032","is_ascension_mode":false,"campfire_choices":[{"data":"blackbeard:Upgrade","floor":7,"key":"SMITH"},{"floor":15,"key":"REST"},{"data":"blackbeard:SmithingHammer","floor":24,"key":"SMITH"},{"data":"blackbeard:GoldenRain","floor":31,"key":"SMITH"},{"floor":34,"key":"REST"},{"data":"blackbeard:MegaUpgrade","floor":42,"key":"SMITH"},{"data":"blackbeard:Anchor","floor":51,"key":"SMITH"}],"circlet_count":0,"master_deck":["blackbeard:BlackbeardStrike","blackbeard:IntimidatingStrike","blackbeard:BlackbeardDefend","blackbeard:BlackbeardDefend","blackbeard:BlackbeardDefend","blackbeard:GoldenStrike","blackbeard:CatONineTails","blackbeard:GoldenDefense","blackbeard:Upgrade+1","blackbeard:BoostMorale","blackbeard:DeadlyArsenal","blackbeard:GoldenStrike","blackbeard:GoldenGuillotine+1","blackbeard:ArmorUp","blackbeard:SmithingHammer+1","blackbeard:Salvager","blackbeard:Sword","blackbeard:GoldenCannonball","blackbeard:BlindAttacks","blackbeard:SwordDance+1","blackbeard:GoldenRain+1","blackbeard:PowerHungry","blackbeard:MegaUpgrade+1","Pot Of Greed","Pot Of Greed","Pot Of Greed","blackbeard:WeaponProficiency+1","blackbeard:DoubleCannonball+1","blackbeard:Anchor+1"],"relics":["blackbeard:LoadTheCannons","AT_ATBox","NeowsBlessing","Happy Flower","Dota2Spire:MagicBottle","AT_SeraphEmbrace","SlaversCollar","blackbeard:CrossedSwords","AT_EbonyIvory","Dota2Spire:OrchidMalevolence","Girya","AT_TrinityForce","Incense Burner","Grinning Jar","Pet Ghost","ReplayTheSpireMod:CursedCoin","Dota2Spire:ShadowBlade"],"acts_visited":["Exordium","TheCity","TheBeyond"],"potions_floor_usage":[6,8,16,16,23,25,33,35,40,52],"damage_taken":[{"damage":0,"enemies":"Small Slimes","floor":1,"turns":1},{"damage":0,"enemies":"Cultist","floor":3,"turns":1},{"damage":0,"enemies":"Jaw Worm","floor":4,"turns":1},{"damage":14,"enemies":"Looter","floor":5,"turns":4},{"damage":9,"enemies":"Replay:BlueRogue","floor":6,"turns":4},{"damage":4,"enemies":"Exordium Thugs","floor":8,"turns":5},{"damage":29,"enemies":"3 Sentries","floor":12,"turns":7},{"damage":2,"enemies":"2 Fungi Beasts","floor":13,"turns":5},{"damage":0,"enemies":"Looter","floor":14,"turns":4},{"damage":16,"enemies":"The Guardian","floor":16,"turns":10},{"damage":10,"enemies":"Chosen","floor":18,"turns":6},{"damage":2,"enemies":"Spheric Guardian","floor":19,"turns":3},{"damage":12,"enemies":"3 Cultists","floor":22,"turns":5},{"damage":19,"enemies":"Book of Stabbing","floor":23,"turns":3},{"damage":10,"enemies":"Sentry and Sphere","floor":25,"turns":3},{"damage":0,"enemies":"Snake Plant","floor":32,"turns":2},{"damage":2,"enemies":"Replay:Snechameleon","floor":33,"turns":3},{"damage":15,"enemies":"Champ","floor":35,"turns":8},{"damage":0,"enemies":"Orb Walker","floor":37,"turns":1},{"damage":14,"enemies":"3 Shapes","floor":39,"turns":3},{"damage":0,"enemies":"2 Orb Walkers","floor":40,"turns":2},{"damage":0,"enemies":"Writhing Mass","floor":41,"turns":1},{"damage":0,"enemies":"Giant Head","floor":43,"turns":4},{"damage":0,"enemies":"Jaw Worm Horde","floor":47,"turns":2},{"damage":0,"enemies":"Spire Growth","floor":48,"turns":2},{"damage":0,"enemies":"3 Darklings","floor":50,"turns":1},{"damage":9,"enemies":"Donu and Deca","floor":52,"turns":3}],"seed_played":"12037164222317917","potions_obtained":[{"floor":4,"key":"Doom Potion"},{"floor":5,"key":"SkillPotion"},{"floor":6,"key":"Block Potion"},{"floor":12,"key":"SteroidPotion"},{"floor":14,"key":"SpeedPotion"},{"floor":23,"key":"Explosive Potion"},{"floor":25,"key":"Dexterity Potion"},{"floor":33,"key":"Venom Potion"},{"floor":37,"key":"Fire Potion"},{"floor":39,"key":"Elixir"}],"is_trial":false,"path_per_floor":["M","?","M","M","M","E","R","M","T","?","?","E","M","M","R","B",null,"M","M","$","?","M","E","R","M","T","$","?","PTL","PTL","R","M","E","R","B",null,"M","?","M","?","M","R","E","$","T","$","M","M","$","M","R","B",null],"character_chosen":"BLACKBEARD_CLASS","items_purchased":["blackbeard:CrossedSwords","Violence","ReplayTheSpireMod:CursedCoin","Dota2Spire:ShadowBlade"],"campfire_rested":2,"item_purchase_floors":[20,20,46,46],"current_hp_per_floor":[75,68,68,68,54,45,45,41,41,41,41,27,25,25,47,40,75,65,63,63,85,73,54,54,44,44,44,44,44,44,44,44,48,73,58,85,85,85,71,71,71,71,80,80,80,80,80,80,80,80,80,77],"gold":57,"neow_bonus":"THREE_ENEMY_KILL","is_daily":false,"chose_seed":false,"campfire_upgraded":5,"win_rate":0.0,"timestamp":1613134832,"path_taken":["M","?","M","M","M","E","R","?","T","?","?","E","M","M","R","BOSS","M","M","$","?","M","E","R","M","T","?","?","PTL","PTL","R","M","E","R","BOSS","M","?","M","?","M","R","E","$","T","$","M","M","?","?","R","BOSS"],"items_purchased_type":["Relic","Card","Relic","Relic"],"build_version":"2020-12-22","purchased_purges":4,"victory":true,"max_hp_per_floor":[75,75,75,75,75,75,75,75,75,75,75,75,75,75,75,75,75,75,75,75,85,85,85,85,85,85,85,85,85,85,85,85,85,85,85,85,85,85,85,85,85,85,85,85,85,85,85,85,85,85,85,85],"card_choices":[{"not_picked":["blackbeard:DelayedPain","blackbeard:BlindAttacks"],"picked":"blackbeard:GoldenStrike","floor":1},{"not_picked":["blackbeard:FieryDefense","blackbeard:Shrapnel"],"picked":"blackbeard:CatONineTails","floor":3},{"not_picked":["blackbeard:SwordDance","blackbeard:CannonballSupply"],"picked":"blackbeard:GoldenDefense","floor":4},{"not_picked":["blackbeard:RearmingStrike","blackbeard:TerrorOfTheSeas"],"picked":"blackbeard:Upgrade","floor":5},{"not_picked":["blackbeard:SwordDance","blackbeard:BlindAttacks"],"picked":"blackbeard:BoostMorale","floor":6},{"not_picked":["blackbeard:FieryDefense","blackbeard:RearmingStrike"],"picked":"blackbeard:DeadlyArsenal","floor":8},{"not_picked":["blackbeard:Revenge","blackbeard:FieryDefense"],"picked":"blackbeard:ArmorUp","floor":12},{"not_picked":["blackbeard:VengefulSpirit","blackbeard:Shrapnel"],"picked":"blackbeard:SmithingHammer","floor":13},{"not_picked":["blackbeard:Toast","blackbeard:GoldenDefense"],"picked":"blackbeard:Fencing","floor":14},{"not_picked":["blackbeard:Intoxication","blackbeard:Parrot"],"picked":"blackbeard:Salvager","floor":16},{"not_picked":["blackbeard:CaptainsCabin","blackbeard:Shrapnel"],"picked":"blackbeard:Sword","floor":18},{"not_picked":["blackbeard:CannonballSupply","blackbeard:WiseDefense"],"picked":"blackbeard:GoldenCannonball","floor":19},{"not_picked":["blackbeard:Fencing","blackbeard:CloakAndCannonball"],"picked":"blackbeard:BlindAttacks","floor":22},{"not_picked":["blackbeard:FieryDefense","blackbeard:PowderKeg"],"picked":"blackbeard:SwordDance+1","floor":23},{"not_picked":["blackbeard:InfiniteBarrage","blackbeard:BlindAttacks","blackbeard:RearmingStrike"],"picked":"SKIP","floor":25},{"not_picked":["blackbeard:GoldenStrike","blackbeard:Spear","blackbeard:SwordDance"],"picked":"SKIP","floor":32},{"not_picked":["blackbeard:Rum+1","blackbeard:Sword"],"picked":"blackbeard:PowerHungry","floor":33},{"not_picked":["blackbeard:WeaponMastery","blackbeard:Lifeboat"],"picked":"blackbeard:MegaUpgrade","floor":35},{"not_picked":["blackbeard:FieryDefense","blackbeard:RearmingStrike+1","blackbeard:Spear+1"],"picked":"SKIP","floor":37},{"not_picked":["blackbeard:Fencing","blackbeard:SwordDance+1","blackbeard:PiratesWill"],"picked":"SKIP","floor":39},{"not_picked":["blackbeard:GoldenCannonball+1","blackbeard:Dagger","blackbeard:DeadlyArsenal"],"picked":"SKIP","floor":41},{"not_picked":["blackbeard:RearmingStrike","blackbeard:SmithingHammer+1"],"picked":"blackbeard:WeaponProficiency+1","floor":43},{"not_picked":["blackbeard:CloakAndCannonball","blackbeard:TerrorOfTheSeas","blackbeard:GoldenDefense"],"picked":"SKIP","floor":47},{"not_picked":["blackbeard:Revenge","blackbeard:Fencing+1"],"picked":"blackbeard:DoubleCannonball+1","floor":48},{"not_picked":["blackbeard:Boarding","blackbeard:TacticalRetreat+1"],"picked":"blackbeard:Anchor","floor":50}],"player_experience":18140,"relics_obtained":[{"floor":6,"key":"Happy Flower"},{"floor":9,"key":"Dota2Spire:MagicBottle"},{"floor":12,"key":"AT_ArchangelStaff"},{"floor":23,"key":"AT_EbonyIvory"},{"floor":26,"key":"Dota2Spire:OrchidMalevolence"},{"floor":33,"key":"Girya"},{"floor":40,"key":"Incense Burner"},{"floor":43,"key":"Grinning Jar"},{"floor":45,"key":"Pet Ghost"}],"event_choices":[{"damage_healed":0,"gold_gain":75,"player_choice":"Touch","damage_taken":7,"max_hp_gain":0,"max_hp_loss":0,"event_name":"FaceTrader","floor":2,"gold_loss":0},{"damage_healed":0,"gold_gain":0,"player_choice":"blackbeard:GoldenStrike","damage_taken":0,"max_hp_gain":0,"max_hp_loss":0,"event_name":"blackbeard:GoldsmithEvent","floor":10,"gold_loss":0,"cards_obtained":["blackbeard:GoldenStrike"]},{"cards_removed":["Violence"],"damage_healed":12,"gold_gain":0,"player_choice":"Offered Rare","damage_taken":0,"max_hp_gain":10,"max_hp_loss":0,"event_name":"Bonfire Elementals","floor":21,"gold_loss":0},{"damage_healed":0,"gold_gain":0,"player_choice":"Read","damage_taken":0,"max_hp_gain":0,"max_hp_loss":0,"event_name":"The Library","floor":28,"gold_loss":0,"cards_obtained":["blackbeard:GoldenRain"]},{"cards_removed":["blackbeard:Cutlass"],"damage_healed":0,"gold_gain":0,"player_choice":"Removed Skill","damage_taken":0,"max_hp_gain":0,"max_hp_loss":0,"event_name":"Falling","floor":38,"gold_loss":0},{"damage_healed":0,"gold_gain":0,"player_choice":"Fight","damage_taken":0,"max_hp_gain":0,"max_hp_loss":0,"event_name":"Mysterious Sphere","floor":40,"gold_loss":0}],"is_beta":false,"boss_relics":[{"not_picked":["Ring of Chaos","SacredBark"],"picked":"SlaversCollar"},{"not_picked":["Runic Dome","Honey Jar"],"picked":"AT_TrinityForce"}],"items_purged_floors":[20,27,44,46],"is_endless":false,"potions_floor_spawned":[4,5,6,12,14,23,25,33,37,39],"ascension_level":0}}