{"host":"g907ck67u7c3hrs6","time":1613097066,"event":{"mods":["BaseMod","Colored Map","DeckTracker","Force Act Four","Highlight Path","Keyboard Shortcuts","Minty Spire (QoL Compilation)","Permanent Neow","Say the Spire","SuperFastMode"],"gold_per_floor":[117,127,145,157,173,173,173,173,242,272,288,288,316,241,241,339,339,357,282,84,102,121,121,121,121,147,164,182,87,101,118,118,221,221,237,253,268,23,39,72,105,125,125,125,455,455,455,465,465,465,465,465,93,124,124],"floor_reached":56,"language":"KOR","playtime":2885,"items_purged":["Strike_G","Strike_G","Defend_G"],"score":1453,"play_id":"d27d7035-7016-43fb-b02a-8f508389e9eb","local_time":"20210212113106","daily_mods":["Heirloom","Flight"],"is_ascension_mode":false,"campfire_choices":[{"data":"Dagger Spray","floor":6.0,"key":"SMITH"},{"data":"Caltrops","floor":7.0,"key":"SMITH"},{"data":"Footwork","floor":8.0,"key":"SMITH"},{"data":"Leg Sweep","floor":12.0,"key":"SMITH"},{"data":"Leg Sweep","floor":15.0,"key":"SMITH"},{"data":"Flechettes","floor":23,"key":"SMITH"},{"data":"Adrenaline","floor":24,"key":"SMITH"},{"data":"Neutralize","floor":25,"key":"SMITH"},{"data":"Noxious Fumes","floor":32,"key":"SMITH"},{"data":"Apotheosis","floor":44,"key":"SMITH"},{"data":"Accuracy","floor":46,"key":"SMITH"},{"floor":49,"key":"RECALL"},{"data":"Malaise","floor":52,"key":"SMITH"}],"circlet_count":0,"master_deck":["Defend_G","Defend_G","Defend_G","Defend_G","Survivor","Neutralize+1","Leg Sweep+1","Dagger Spray+1","Caltrops+1","Venomology","Footwork+1","Backflip","Leg Sweep+1","Backflip","Adrenaline+1","Acrobatics","Flechettes+1","Dodge and Roll+1","Venomology","Cloak And Dagger","Noxious Fumes+1","Expertise+1","Blade Dance","Malaise+1","Expertise+1","Riddle With Holes+1","A Thousand Cuts+1","Accuracy+1","Apotheosis+1","Accuracy+1","Blur","A Thousand Cuts+1","Phantasmal Killer","Madness","Madness","Terror+1","Caltrops+1","Accuracy+1"],"relics":["Ring of the Snake","Thread and Needle","Ninja Scroll","Tough Bandages","Centennial Puzzle","SlaversCollar","Membership Card","Toy Ornithopter","PreservedInsect","Astrolabe","Mummified Hand","InkBottle","Frozen Egg 2","Old Coin","Pear","Dead Branch","Pantograph"],"acts_visited":["Exordium","TheCity","TheBeyond","TheEnding"],"potions_floor_usage":[18,19,21,22,28,30,30,31,33,33,33,33,35,37,37,37,40,41,42,45,50,54,54,55,55,55,55,55,55,55],"damage_taken":[{"damage":0.0,"enemies":"2 Louse","floor":1.0,"turns":2.0},{"damage":0.0,"enemies":"Small Slimes","floor":2.0,"turns":5.0},{"damage":0.0,"enemies":"Cultist","floor":3.0,"turns":3.0},{"damage":16.0,"enemies":"Exordium Thugs","floor":4.0,"turns":6.0},{"damage":0.0,"enemies":"Exordium Wildlife","floor":5.0,"turns":5.0},{"damage":0.0,"enemies":"3 Sentries","floor":10.0,"turns":6.0},{"damage":0.0,"enemies":"3 Louse","floor":11.0,"turns":1.0},{"damage":1.0,"enemies":"Lagavulin","floor":13.0,"turns":8.0},{"damage":0.0,"enemies":"The Guardian","floor":16.0,"turns":13.0},{"damage":0,"enemies":"3 Byrds","floor":18,"turns":5},{"damage":0,"enemies":"2 Thieves","floor":19,"turns":5},{"damage":0,"enemies":"Centurion and Healer","floor":21,"turns":21},{"damage":3,"enemies":"Snake Plant","floor":22,"turns":5},{"damage":0,"enemies":"3 Cultists","floor":27,"turns":5},{"damage":2,"enemies":"Shelled Parasite and Fungi","floor":28,"turns":6},{"damage":2,"enemies":"Snecko","floor":30,"turns":6},{"damage":6,"enemies":"Cultist and Chosen","floor":31,"turns":8},{"damage":0,"enemies":"Automaton","floor":33,"turns":12},{"damage":0,"enemies":"3 Shapes","floor":35,"turns":6},{"damage":0,"enemies":"Orb Walker","floor":36,"turns":6},{"damage":26,"enemies":"3 Darklings","floor":37,"turns":5},{"damage":0,"enemies":"Transient","floor":39,"turns":5},{"damage":0,"enemies":"Giant Head","floor":40,"turns":7},{"damage":0,"enemies":"Reptomancer","floor":41,"turns":3},{"damage":0,"enemies":"Maw","floor":42,"turns":7},{"damage":0,"enemies":"Giant Head","floor":45,"turns":5},{"damage":0,"enemies":"4 Shapes","floor":48,"turns":3},{"damage":8,"enemies":"Awakened One","floor":50,"turns":10},{"damage":3,"enemies":"Shield and Spear","floor":54,"turns":4},{"damage":61,"enemies":"The Heart","floor":55,"turns":8}],"seed_played":"7179113289816902040","potions_obtained":[{"floor":1.0,"key":"Strength Potion"},{"floor":3.0,"key":"SneckoOil"},{"floor":10.0,"key":"Explosive Potion"},{"floor":16.0,"key":"PowerPotion"},{"floor":21,"key":"Swift Potion"},{"floor":33,"key":"FearPotion"},{"floor":39,"key":"Strength Potion"},{"floor":42,"key":"BlessingOfTheForge"}],"is_trial":true,"path_per_floor":["M","M","M","M","M","R","R","R","T","E","M","R","E","$","R","B",null,"M","M","$","M","M","R","R","R","T","M","M","$","M","M","R","B",null,"M","M","M","$","M","E","E","M","T","R","E","R","?","M","R","B",null,"R","$","E","B",null],"character_chosen":"THE_SILENT","items_purchased":["Membership Card","Noxious Fumes","PreservedInsect","Apotheosis","Accuracy","Mummified Hand","Caltrops+1","Pear","Dead Branch"],"campfire_rested":0,"item_purchase_floors":[20,29,29,38,38,38,53,53,53],"current_hp_per_floor":[70,70,70,54,54,54,54,54,54,54,54,54,53,53,53,53,70,70,70,70,70,67,67,67,67,67,67,70,70,68,64,64,70,70,70,70,58,58,58,63,68,70,70,70,70,70,61,61,61,58,70,70,80,80,46],"gold":124,"neow_bonus":"","is_daily":false,"chose_seed":false,"campfire_upgraded":12,"win_rate":0.0,"timestamp":1613097066,"path_taken":["M","M","M","M","M","R","R","R","T","E","M","R","E","$","R","BOSS","M","M","$","M","M","R","R","R","T","M","M","$","M","M","R","BOSS","M","M","M","$","M","E","E","M","T","R","E","R","?","M","R","BOSS","R","$","E","BOSS"],"items_purchased_type":["Relic","Card","Relic","Card","Card","Relic","Card","Relic","Relic"],"build_version":"2020-12-22","purchased_purges":3,"victory":true,"max_hp_per_floor":[70,70,70,70,70,70,70,70,70,70,70,70,70,70,70,70,70,70,70,70,70,70,70,70,70,70,70,70,70,70,70,70,70,70,70,70,70,70,70,70,70,70,70,70,70,70,70,70,70,70,70,70,80,80,80],"card_choices":[{"not_picked":["Crippling Poison","Acrobatics"],"picked":"Leg Sweep","floor":1.0},{"not_picked":["Distraction","Underhanded Strike"],"picked":"Dagger Spray","floor":2.0},{"not_picked":["Dagger Throw","Choke"],"picked":"Caltrops","floor":3.0},{"not_picked":["Dodge and Roll","Acrobatics"],"picked":"Venomology","floor":4.0},{"not_picked":["Masterful Stab","Expertise"],"picked":"Footwork","floor":5.0},{"not_picked":["Cloak And Dagger","PiercingWail"],"picked":"Backflip","floor":10.0},{"not_picked":["PiercingWail","Outmaneuver"],"picked":"Leg Sweep","floor":11.0},{"not_picked":["Well Laid Plans","Bane"],"picked":"Backflip","floor":13.0},{"not_picked":["Venomology","Bullet Time"],"picked":"Adrenaline","floor":16.0},{"not_picked":["Flying Knee","Backflip"],"picked":"Acrobatics","floor":18},{"not_picked":["Eviscerate","Poisoned Stab","Backflip"],"picked":"SKIP","floor":19},{"not_picked":["Outmaneuver+1","Slice"],"picked":"Flechettes","floor":21},{"not_picked":["All Out Attack+1","Deflect"],"picked":"Dodge and Roll+1","floor":22},{"not_picked":["Well Laid Plans","Sucker Punch"],"picked":"Venomology","floor":27},{"not_picked":["Backstab","Outmaneuver"],"picked":"Cloak And Dagger","floor":28},{"not_picked":["Outmaneuver","Dodge and Roll"],"picked":"Expertise+1","floor":30},{"not_picked":["Dagger Throw+1","Deflect"],"picked":"Blade Dance","floor":31},{"not_picked":["Bullet Time","Grand Finale"],"picked":"Malaise","floor":33},{"not_picked":["Acrobatics+1","Backflip"],"picked":"Accuracy+1","floor":35},{"not_picked":["Poisoned Stab","Outmaneuver","Flying Knee"],"picked":"SKIP","floor":36},{"not_picked":["Outmaneuver","Concentrate","Prepared"],"picked":"SKIP","floor":37},{"not_picked":["Prepared","Bane","Acrobatics"],"picked":"SKIP","floor":39},{"not_picked":["Slice+1","Phantasmal Killer"],"picked":"Blur","floor":40},{"not_picked":["Dagger Spray+1","Infinite Blades+1"],"picked":"A Thousand Cuts+1","floor":41},{"not_picked":["Finisher+1","Backflip","PiercingWail+1"],"picked":"SKIP","floor":42},{"not_picked":["Flechettes","Acrobatics+1"],"picked":"Phantasmal Killer","floor":45},{"not_picked":["Quick Slash","Backflip"],"picked":"Terror+1","floor":48},{"not_picked":["Flying Knee+1","Dagger Spray"],"picked":"Accuracy+1","floor":54}],"player_experience":287113,"relics_obtained":[{"floor":9.0,"key":"Ninja Scroll"},{"floor":10.0,"key":"Tough Bandages"},{"floor":13.0,"key":"Centennial Puzzle"},{"floor":26,"key":"Toy Ornithopter"},{"floor":40,"key":"InkBottle"},{"floor":41,"key":"Frozen Egg 2"},{"floor":45,"key":"Old Coin"},{"floor":54,"key":"Pantograph"}],"event_choices":[{"damage_healed":0,"gold_gain":0,"player_choice":"Embrace Madness","damage_taken":9,"max_hp_gain":0,"max_hp_loss":0,"event_name":"Winding Halls","floor":47,"gold_loss":0,"cards_obtained":["Madness","Madness"]}],"is_beta":false,"boss_relics":[{"not_picked":["Pandora\u0027s Box","Velvet Choker"],"picked":"SlaversCollar"},{"not_picked":["HoveringKite","Calling Bell"],"picked":"Astrolabe"}],"items_purged_floors":[14,20,53],"is_endless":false,"potions_floor_spawned":[1,3,10,16,21,22,31,33,36,39,41,42,45],"ascension_level":0}}