{"host":"m0bekkrd201b63ug","time":1613168898,"event":{"mods":["AchievementEnabler","BaseMod","Colored Powertips","Highlight Path","Minty Spire (QoL Compilation)","Rare Cards Sparkle","StSLib","SuperFastMode","everything is the same but u backflip on backflip","slay the spire mod where everything is the same but ironclad has a cowboy hat"],"gold_per_floor":[109,29,43,43,43,43,43,43,68,99,99,125,139,159,159,159,159],"floor_reached":16,"language":"ENG","playtime":355,"items_purged":[],"score":211,"play_id":"e567fa3b-d687-49b9-bed0-5a72aed8a8e0","local_time":"20210212202818","is_ascension_mode":true,"campfire_choices":[{"data":"Infinite Blades","floor":6,"key":"SMITH"},{"data":"Accuracy","floor":8,"key":"SMITH"},{"data":"Dodge and Roll","floor":11,"key":"SMITH"},{"floor":15,"key":"REST"}],"circlet_count":0,"master_deck":["AscendersBane","Strike_G","Strike_G","Strike_G","Strike_G","Strike_G","Defend_G","Defend_G","Defend_G","Defend_G","Defend_G","Survivor","Neutralize","Dodge and Roll+1","Infinite Blades+1","Accuracy+1","Backflip","Adrenaline","Backflip"],"relics":["Ring of the Snake","NeowsBlessing","Toy Ornithopter","The Courier","Juzu Bracelet"],"acts_visited":["Exordium"],"potions_floor_usage":[16,16],"damage_taken":[{"damage":0,"enemies":"Cultist","floor":1,"turns":1},{"damage":0,"enemies":"Small Slimes","floor":3,"turns":1},{"damage":1,"enemies":"3 Sentries","floor":10,"turns":2},{"damage":51,"enemies":"Gremlin Nob","floor":12,"turns":5},{"damage":0,"enemies":"Jaw Worm","floor":13,"turns":4},{"damage":0,"enemies":"Exordium Wildlife","floor":14,"turns":4},{"damage":45,"enemies":"Hexaghost","floor":16,"turns":12}],"seed_played":"-3781177110916538473","potions_obtained":[{"floor":12,"key":"BlessingOfTheForge"},{"floor":13,"key":"PowerPotion"}],"is_trial":false,"path_per_floor":["M","$","M","?","?","R","$","R","T","E","R","E","M","M","R","B"],"character_chosen":"THE_SILENT","items_purchased":["Infinite Blades"],"campfire_rested":1,"item_purchase_floors":[2],"current_hp_per_floor":[59,59,59,59,64,64,64,64,64,63,63,12,12,12,33,0,0],"gold":159,"neow_bonus":"THREE_ENEMY_KILL","is_daily":false,"chose_seed":false,"campfire_upgraded":3,"win_rate":0.0,"timestamp":1613168898,"path_taken":["M","$","?","?","?","R","?","R","T","E","R","E","M","M","R","BOSS"],"items_purchased_type":["Card"],"build_version":"2020-12-22","purchased_purges":0,"victory":false,"max_hp_per_floor":[66,66,66,66,71,71,71,71,71,71,71,71,71,71,71,71,71],"card_choices":[{"not_picked":["Outmaneuver","Slice"],"picked":"Dodge and Roll","floor":1},{"not_picked":["Masterful Stab","Bouncing Flask"],"picked":"Accuracy","floor":3},{"not_picked":["Prepared","All Out Attack"],"picked":"Backflip","floor":10},{"not_picked":["Dodge and Roll","Flying Knee"],"picked":"Adrenaline","floor":12},{"not_picked":["Blur","Bouncing Flask","Backflip"],"picked":"SKIP","floor":13},{"not_picked":["Blur","Bouncing Flask"],"picked":"Backflip","floor":13},{"not_picked":["Poisoned Stab","Calculated Gamble","Catalyst"],"picked":"SKIP","floor":14}],"player_experience":258619,"relics_obtained":[{"floor":9,"key":"Toy Ornithopter"},{"floor":10,"key":"The Courier"},{"floor":12,"key":"Juzu Bracelet"}],"event_choices":[{"damage_healed":0,"gold_gain":0,"player_choice":"Ignored","damage_taken":0,"max_hp_gain":0,"max_hp_loss":0,"event_name":"Liars Game","floor":4,"gold_loss":0},{"damage_healed":0,"gold_gain":0,"player_choice":"Donut","damage_taken":0,"max_hp_gain":5,"max_hp_loss":0,"event_name":"Big Fish","floor":5,"gold_loss":0}],"is_beta":false,"boss_relics":[],"items_purged_floors":[],"is_endless":false,"potions_floor_spawned":[12,13],"killed_by":"Hexaghost","ascension_level":19}}