{"host":"867cnhxguf2bzj4x","time":1613158645,"event":{"mods":["BaseMod","BetterRewards","GifTheSpireLib","Lobotomy","Minty Spire (QoL Compilation)","StSLib","The Bug Knight","The Cursed","The Necromancer"],"gold_per_floor":[274,36,36,51,76,117,117,137,137,137,173,189,202,202,202,321,321,321,321,321,321,321,321,321,321,321,321,18,18,18,18,18,18,18],"floor_reached":33,"language":"ENG","playtime":1026,"items_purged":[],"score":292,"play_id":"e12405cf-a9a1-43f6-8af0-99c07a657238","local_time":"20210212203725","is_ascension_mode":false,"campfire_choices":[{"floor":7,"key":"REST"},{"data":"Neutralize","floor":10,"key":"SMITH"},{"floor":15,"key":"REST"},{"data":"Infinite Blades","floor":23,"key":"SMITH"},{"data":"Backstab","floor":25,"key":"SMITH"},{"floor":32,"key":"DIG"}],"circlet_count":0,"master_deck":["Defend_G","Defend_G","Defend_G","Defend_G","Defend_G","Survivor","Neutralize+1","Bloodbath","OldLady","Backstab","CrumblingArmor","BigBird","Infinite Blades+1","Backstab+1","WallGazer","BeautyBeast","Bite","Bite","Bite","Bite","Bite"],"relics":["Ring of the Snake","CogitoBucket","Ninja Scroll","Golden Idol","Anchor","Odd Mushroom","TreeSap","Ectoplasm","AdjustmentMirror","Toy Ornithopter","Shovel","Pear","Meat on the Bone"],"acts_visited":["Exordium","TheCity"],"potions_floor_usage":[16,16,16,21,33],"damage_taken":[{"damage":7,"enemies":"2 Louse","floor":1,"turns":3},{"damage":4,"enemies":"Small Slimes","floor":4,"turns":3},{"damage":0,"enemies":"Cultist","floor":5,"turns":4},{"damage":20,"enemies":"3 Sentries","floor":6,"turns":10},{"damage":0,"enemies":"Blue Slaver","floor":8,"turns":2},{"damage":9,"enemies":"The Mushroom Lair","floor":11,"turns":3},{"damage":11,"enemies":"3 Louse","floor":12,"turns":3},{"damage":0,"enemies":"Red Slaver","floor":13,"turns":2},{"damage":48,"enemies":"Hexaghost","floor":16,"turns":9},{"damage":10,"enemies":"Shell Parasite","floor":18,"turns":4},{"damage":8,"enemies":"3 Byrds","floor":20,"turns":7},{"damage":39,"enemies":"Snecko","floor":21,"turns":7},{"damage":6,"enemies":"Shelled Parasite and Fungi","floor":24,"turns":4},{"damage":11,"enemies":"Snake Plant","floor":27,"turns":4},{"damage":14,"enemies":"Slavers","floor":29,"turns":7},{"damage":96,"enemies":"Collector","floor":33,"turns":7}],"seed_played":"-8435701586535148167","potions_obtained":[{"floor":5,"key":"SpeedPotion"},{"floor":6,"key":"FearPotion"},{"floor":12,"key":"Block Potion"},{"floor":14,"key":"Explosive Potion"},{"floor":14,"key":"PowerPotion"},{"floor":14,"key":"ColorlessPotion"},{"floor":20,"key":"CunningPotion"},{"floor":29,"key":"GhostInAJar"}],"is_trial":false,"path_per_floor":["M","$","?","M","M","E","R","M","T","R","?","M","M","?","R","B",null,"M","$","M","M","?","R","M","R","T","M","$","E","$","?","R","B"],"character_chosen":"THE_SILENT","items_purchased":["Ninja Scroll","Shovel"],"campfire_rested":2,"item_purchase_floors":[2,28],"current_hp_per_floor":[63,63,46,44,45,28,49,50,50,50,42,32,33,33,54,9,70,60,60,53,16,80,80,74,74,74,64,64,61,61,61,61,0,0],"gold":18,"neow_bonus":"","is_daily":false,"chose_seed":false,"campfire_upgraded":3,"win_rate":0.0,"timestamp":1613158645,"path_taken":["M","$","?","M","M","E","R","M","T","R","?","M","M","?","R","BOSS","M","$","M","?","?","R","?","R","T","M","$","E","$","?","R","BOSS"],"items_purchased_type":["Relic","Relic"],"build_version":"2020-12-22","purchased_purges":0,"victory":false,"max_hp_per_floor":[70,70,70,70,70,70,70,70,70,70,70,70,70,70,70,70,70,70,70,70,70,80,80,80,80,80,80,80,90,90,62,62,62,62],"card_choices":[{"not_picked":["MHz","FairyFestival","ShyLook"],"picked":"Singing Bowl","floor":1},{"not_picked":["MHz","ShyLook"],"picked":"Bloodbath","floor":1},{"not_picked":["Escape Plan","Prepared","Dagger Spray"],"picked":"SKIP","floor":1},{"not_picked":["PunishingBird","BeautyBeast","GreedKing"],"picked":"Singing Bowl","floor":4},{"not_picked":["Flying Knee","Well Laid Plans","PiercingWail"],"picked":"SKIP","floor":4},{"not_picked":["BeautyBeast","Freischutz","CherryBlossoms"],"picked":"Singing Bowl","floor":5},{"not_picked":["ShyLook","Freischutz"],"picked":"OldLady","floor":5},{"not_picked":["Acrobatics","Bouncing Flask","Endless Agony"],"picked":"SKIP","floor":5},{"not_picked":["Finisher","Underhanded Strike","Flying Knee"],"picked":"SKIP","floor":6},{"not_picked":["Outmaneuver","Quick Slash","Bane"],"picked":"SKIP","floor":8},{"not_picked":["Acrobatics","Dodge and Roll"],"picked":"Backstab","floor":11},{"not_picked":["BlackSwan","Scarecrow"],"picked":"CrumblingArmor","floor":12},{"not_picked":["Finisher","Poisoned Stab","Setup"],"picked":"SKIP","floor":12},{"not_picked":["Sucker Punch","Acrobatics","Bane"],"picked":"SKIP","floor":13},{"not_picked":["Mercenary","WhitesApple"],"picked":"BigBird","floor":16},{"not_picked":["Tools of the Trade","Phantasmal Killer"],"picked":"Storm of Steel","floor":16},{"not_picked":["Dodge and Roll","Distraction"],"picked":"Infinite Blades","floor":18},{"not_picked":["Finisher","Backflip"],"picked":"Backstab","floor":20},{"not_picked":["LittlePrince","FairyFestival","Laetitia"],"picked":"Singing Bowl","floor":21},{"not_picked":["LongBird","HeroicMonk"],"picked":"WallGazer","floor":21},{"not_picked":["Outmaneuver","Dagger Throw","Sucker Punch"],"picked":"SKIP","floor":21},{"not_picked":["Outmaneuver","Dagger Throw","Sucker Punch"],"picked":"SKIP","floor":21},{"not_picked":["MeltingLove","MeatLantern"],"picked":"BeautyBeast","floor":24},{"not_picked":["Slice","Deadly Poison","Underhanded Strike+1"],"picked":"SKIP","floor":24},{"not_picked":["HappyTeddy","MHz","Variant"],"picked":"Singing Bowl","floor":27},{"not_picked":["Bane+1","Quick Slash","Night Terror"],"picked":"SKIP","floor":27},{"not_picked":["Endless Agony+1","Flechettes+1","Skewer+1"],"picked":"SKIP","floor":29}],"player_experience":111013,"relics_obtained":[{"floor":6,"key":"Anchor"},{"floor":11,"key":"Odd Mushroom"},{"floor":26,"key":"Toy Ornithopter"},{"floor":29,"key":"Pear"},{"floor":32,"key":"Meat on the Bone"}],"event_choices":[{"damage_healed":0,"gold_gain":0,"player_choice":"Take Damage","damage_taken":17,"relics_obtained":["Golden Idol"],"max_hp_gain":0,"max_hp_loss":0,"event_name":"Golden Idol","floor":3,"gold_loss":0},{"damage_healed":0,"gold_gain":0,"player_choice":"Fought Mushrooms","damage_taken":0,"max_hp_gain":0,"max_hp_loss":0,"event_name":"Mushrooms","floor":11,"gold_loss":0},{"damage_healed":0,"gold_gain":0,"player_choice":"Got Potions","damage_taken":0,"max_hp_gain":0,"max_hp_loss":0,"event_name":"Lab","floor":14,"gold_loss":0},{"cards_removed":["Storm of Steel"],"damage_healed":54,"gold_gain":0,"player_choice":"Offered Rare","damage_taken":0,"max_hp_gain":10,"max_hp_loss":0,"event_name":"Bonfire Elementals","floor":22,"gold_loss":0},{"damage_healed":0,"gold_gain":0,"player_choice":"Became a vampire","damage_taken":0,"max_hp_gain":0,"max_hp_loss":28,"event_name":"Vampires","floor":31,"gold_loss":0,"cards_obtained":["Bite","Bite","Bite","Bite","Bite"]}],"is_beta":false,"boss_relics":[{"not_picked":["Tiny House","Coffee Dripper"],"picked":"Ectoplasm"}],"items_purged_floors":[],"is_endless":false,"potions_floor_spawned":[5,6,12,13,20,29],"killed_by":"Collector","ascension_level":0}}