{"host":"fauqrvll5t0ss0vm","time":1613143431,"event":{"mods":["2.2 Compatiblity","Act Like it!","Aspiration","Bard","BaseMod","Beaked The Cultist","Better Altar","Better Match","Better Note","Better Sensory Stone","Better Skull","Better Third Choice","Better Vampires","Card Filter","Clockwork Mod","Colored Map","Conspire","Displayed Cursed Tome","Downfall","Emptier Cage","Energized Spire","Friendly Minions","GifTheSpireLib","Glutton Mod","Gremlin Mod","Gremlin Skip","Halation","Hermit","Highlight Path","Hubris","Jorbs\u0027s Wanderer Trilogy","Mad Scientist","Marked Mod","Minty Spire (QoL Compilation)","Permanent Neow","Random Character Button","Relic Filter","Reorder Act Four","Replay The Spire","Shop Mod","Somnambulant","Spikes Relics","StSLib","Stuff the Spire","SuperFastMode","The Construct","The Cursed","The Disciple","The Elementalist","The Judge","The Juggle","The Mystic","The Runesmith","The Sage","The Servant 0.9.4","The Valiant","Trackpad","Uncapped"],"gold_per_floor":[269,284,384,404,420,420,447,447,447,347,347,347,104,129,148,148,148],"floor_reached":16,"language":"ENG","playtime":1302,"items_purged":["sagemod:Strike"],"score":98,"play_id":"907bfe28-87ef-4f80-9424-ea7fc45246d2","local_time":"20210212162351","is_ascension_mode":false,"campfire_choices":[{"floor":1,"key":"RECALL"},{"data":"sagemod:How_To_Poke_At_Slimes","floor":10,"key":"SMITH"},{"data":"sagemod:Altitude","floor":12,"key":"SMITH"}],"circlet_count":0,"master_deck":["sagemod:Strike","sagemod:Strike","sagemod:Strike","sagemod:Defend","sagemod:Defend","sagemod:Defend","sagemod:Defend","sagemod:Fly","sagemod:Upwards","sagemod:Altitude+1","sagemod:How_To_Poke_At_Slimes+1","sagemod:Cane_Strike+1","Melter+1","ReplayTheSpireMod:Private Reserves","sagemod:Grounded_Strike","sagemod:Altitude","sagemod:Bouncing_Strike"],"relics":["Replay:Wanted Poster","Juzu Bracelet","StuffTheSpire:RubySignet","downfall:HeartBlessingRed","hubris:TinFlute"],"acts_visited":["Exordium"],"potions_floor_usage":[],"damage_taken":[{"damage":2,"enemies":"Small Slimes","floor":2,"turns":6},{"damage":4,"enemies":"2 Louse","floor":4,"turns":5},{"damage":1,"enemies":"Cultist","floor":5,"turns":5},{"damage":1,"enemies":"downfall:FleeingMerchant","floor":13,"turns":4},{"damage":5,"enemies":"3 Sentries","floor":14,"turns":4},{"damage":1,"enemies":"3 Louse","floor":15,"turns":4},{"damage":10,"enemies":"DF_ARCHETYPE_STREAMLINE","floor":16,"turns":4}],"seed_played":"7953888227802913470","potions_obtained":[{"floor":5,"key":"Energy Potion"},{"floor":14,"key":"Fire Potion"},{"floor":15,"key":"Reflective Coating"}],"is_trial":false,"path_per_floor":["R","M","?","M","M","?","T","?","T","R","?","R","$","E","M","B"],"character_chosen":"THE_SAGE","items_purchased":["sagemod:Altitude","sagemod:Bouncing_Strike"],"campfire_rested":0,"item_purchase_floors":[13,13],"current_hp_per_floor":[50,48,48,44,43,43,43,16,16,16,16,16,15,10,9,0,0],"gold":148,"neow_bonus":"BOSS_RELIC","is_daily":false,"chose_seed":false,"campfire_upgraded":2,"win_rate":0.0,"timestamp":1613143431,"path_taken":["R","M","?","M","M","?","T","?","?","R","?","R","?","E","M","BOSS"],"items_purchased_type":["Card","Card"],"build_version":"2020-12-22","purchased_purges":1,"victory":false,"max_hp_per_floor":[50,50,50,50,50,50,50,50,50,50,50,50,50,50,50,50,50],"card_choices":[{"not_picked":["sagemod:How_To_Warm_Elephants","sagemod:Pour_Tar_Pitch"],"picked":"sagemod:Altitude","floor":2},{"not_picked":["sagemod:Fire_Brew","sagemod:Salty_Strike"],"picked":"sagemod:How_To_Poke_At_Slimes","floor":4},{"not_picked":["sagemod:Ambition","sagemod:Turn_Around"],"picked":"sagemod:Cane_Strike","floor":5},{"not_picked":["Specialist","Swift Strike"],"picked":"ReplayTheSpireMod:Private Reserves","floor":11},{"not_picked":["sagemod:Lunchtime","sagemod:Slalom"],"picked":"sagemod:Grounded_Strike","floor":13},{"not_picked":["sagemod:How_To_Murder_Ants","sagemod:Ambition","sagemod:Salty_Strike"],"picked":"SKIP","floor":14},{"not_picked":["sagemod:Cane_Strike","sagemod:Energetic_Brew","sagemod:Crank"],"picked":"SKIP","floor":15}],"player_experience":7453101,"relics_obtained":[{"floor":7,"key":"Juzu Bracelet"},{"floor":9,"key":"StuffTheSpire:RubySignet"},{"floor":14,"key":"hubris:TinFlute"}],"event_choices":[{"damage_healed":0,"gold_gain":0,"player_choice":"Card ","damage_taken":27,"max_hp_gain":0,"max_hp_loss":0,"event_name":"betterThird:BetterScrap","floor":8,"gold_loss":0,"cards_obtained":["Melter"]},{"damage_healed":0,"gold_gain":1,"player_choice":"1","damage_taken":0,"max_hp_gain":0,"max_hp_loss":0,"event_name":"betterStone:BetterStone","floor":11,"gold_loss":0}],"is_beta":false,"boss_relics":[],"items_purged_floors":[13],"is_endless":false,"potions_floor_spawned":[5,14,15],"killed_by":"DF_ARCHETYPE_STREAMLINE","ascension_level":0}}