{"host":"uv5ws9rdk87e8i5k","time":1613099526,"event":{"mods":["AchievementEnabler","BaseMod","Colored Map","Minty Spire (QoL Compilation)","Permanent Neow","Quick Restart","StSLib","SuperFastMode","The Necromancer"],"gold_per_floor":[116,135,155,155,155,165,199,209,236,266,289,321,333,362,374,490,502,534,546,558,46,46,79,79,96,96,21,21,21],"floor_reached":28,"language":"ENG","playtime":612,"items_purged":["Strike_B"],"score":275,"play_id":"91a5a09c-36a0-431d-9c64-34d9c64a8e20","local_time":"20210211211206","is_ascension_mode":true,"campfire_choices":[{"data":"Defragment","floor":15,"key":"SMITH"},{"data":"Rainbow","floor":24,"key":"SMITH"}],"circlet_count":0,"master_deck":["Strike_B","Strike_B","Defend_B","Defend_B","Defend_B","Defend_B","Zap","Dualcast","Electrodynamics","Genetic Algorithm","White Noise+1","White Noise","Loop","Rainbow+1","Defragment+1","Amplify","Steam Power","Creative AI","Capacitor+1","Turbo","Defragment","Compile Driver"],"relics":["Cracked Core","Orichalcum","Smiling Mask","MawBank","Coffee Dripper","MutagenicStrength","Lee\u0027s Waffle","Bottled Lightning","Art of War","White Beast Statue"],"acts_visited":["Exordium","TheCity"],"potions_floor_usage":[7,10,16,16,16,28,28,28],"damage_taken":[{"damage":3,"enemies":"2 Louse","floor":1,"turns":2},{"damage":12,"enemies":"Small Slimes","floor":2,"turns":2},{"damage":1,"enemies":"Cultist","floor":3,"turns":4},{"damage":10,"enemies":"Gremlin Gang","floor":6,"turns":2},{"damage":13,"enemies":"Gremlin Nob","floor":7,"turns":3},{"damage":4,"enemies":"Looter","floor":8,"turns":3},{"damage":7,"enemies":"3 Sentries","floor":10,"turns":4},{"damage":3,"enemies":"Exordium Wildlife","floor":11,"turns":4},{"damage":4,"enemies":"Large Slime","floor":12,"turns":4},{"damage":0,"enemies":"2 Fungi Beasts","floor":14,"turns":2},{"damage":3,"enemies":"Hexaghost","floor":16,"turns":7},{"damage":25,"enemies":"Shell Parasite","floor":18,"turns":5},{"damage":49,"enemies":"Gremlin Leader","floor":23,"turns":5},{"damage":7,"enemies":"Chosen","floor":25,"turns":5},{"damage":24,"enemies":"Slavers","floor":28,"turns":1}],"seed_played":"3589512383305593305","potions_obtained":[{"floor":1,"key":"FocusPotion"},{"floor":2,"key":"Weak Potion"},{"floor":6,"key":"BlessingOfTheForge"},{"floor":10,"key":"Strength Potion"},{"floor":11,"key":"PotionOfCapacity"},{"floor":16,"key":"FocusPotion"},{"floor":23,"key":"Dexterity Potion"},{"floor":25,"key":"AttackPotion"}],"is_trial":false,"path_per_floor":["M","M","M","?","?","M","E","M","T","E","M","M","?","M","R","B",null,"M","?","?","$","?","E","R","M","T","?","E"],"character_chosen":"DEFECT","items_purchased":["Defragment","Lee\u0027s Waffle","Bottled Lightning"],"campfire_rested":0,"item_purchase_floors":[21,21,21],"current_hp_per_floor":[65,53,52,52,52,42,29,25,25,18,15,11,28,28,28,25,68,43,43,43,75,75,26,26,19,19,19,0,0],"gold":21,"neow_bonus":"THREE_RARE_CARDS","is_daily":false,"chose_seed":false,"campfire_upgraded":2,"win_rate":0.0,"timestamp":1613099526,"path_taken":["M","M","M","?","?","M","E","M","T","E","M","M","?","M","R","BOSS","M","?","?","$","?","E","R","M","T","?","E"],"items_purchased_type":["Card","Relic","Relic"],"build_version":"2020-12-22","purchased_purges":1,"victory":false,"max_hp_per_floor":[68,68,68,68,68,68,68,68,68,68,68,68,68,68,68,68,68,68,68,68,75,75,75,75,75,75,72,72,72],"card_choices":[{"not_picked":["Reboot","Buffer"],"picked":"Electrodynamics","floor":0},{"not_picked":["Double Energy","Blizzard"],"picked":"Genetic Algorithm","floor":1},{"not_picked":["BootSequence","Cold Snap"],"picked":"White Noise","floor":2},{"not_picked":["Turbo","Redo"],"picked":"White Noise","floor":3},{"not_picked":["Doom and Gloom","Steam"],"picked":"Loop","floor":6},{"not_picked":["Blizzard","Leap"],"picked":"Rainbow","floor":7},{"not_picked":["Lockon","Tempest"],"picked":"Defragment","floor":8},{"not_picked":["Heatsinks","Static Discharge"],"picked":"Amplify","floor":10},{"not_picked":["Barrage","Scrape","Gash"],"picked":"SKIP","floor":11},{"not_picked":["Hologram","Ball Lightning","Streamline"],"picked":"SKIP","floor":12},{"not_picked":["Go for the Eyes","Lockon"],"picked":"Steam Power","floor":14},{"not_picked":["All For One","Machine Learning"],"picked":"Creative AI","floor":16},{"not_picked":["Gash","Streamline"],"picked":"Capacitor+1","floor":18},{"not_picked":["Steam","Ball Lightning+1"],"picked":"Compile Driver","floor":23},{"not_picked":["Rebound","Gash+1","Capacitor"],"picked":"SKIP","floor":25}],"player_experience":156509,"relics_obtained":[{"floor":7,"key":"Orichalcum"},{"floor":9,"key":"Smiling Mask"},{"floor":10,"key":"MawBank"},{"floor":23,"key":"Art of War"},{"floor":26,"key":"White Beast Statue"}],"event_choices":[{"damage_healed":0,"gold_gain":0,"player_choice":"Ignored","damage_taken":0,"max_hp_gain":0,"max_hp_loss":0,"event_name":"Liars Game","floor":4,"gold_loss":0},{"damage_healed":0,"gold_gain":0,"player_choice":"Grow","damage_taken":0,"max_hp_gain":0,"max_hp_loss":0,"event_name":"Living Wall","floor":5,"gold_loss":0,"cards_upgraded":["White Noise"]},{"damage_healed":17,"gold_gain":0,"player_choice":"Healed and dodged fight","damage_taken":0,"max_hp_gain":0,"max_hp_loss":0,"event_name":"Mushrooms","floor":13,"gold_loss":0,"cards_obtained":["Parasite"]},{"damage_healed":0,"gold_gain":0,"player_choice":"Inject Mutagens","damage_taken":0,"relics_obtained":["MutagenicStrength"],"max_hp_gain":0,"max_hp_loss":0,"event_name":"Drug Dealer","floor":19,"gold_loss":0},{"damage_healed":0,"gold_gain":0,"player_choice":"Read","damage_taken":0,"max_hp_gain":0,"max_hp_loss":0,"event_name":"The Library","floor":20,"gold_loss":0,"cards_obtained":["Turbo"]},{"cards_removed":["Strike_B"],"damage_healed":0,"gold_gain":0,"player_choice":"Elegance","damage_taken":0,"max_hp_gain":0,"max_hp_loss":0,"event_name":"Back to Basics","floor":22,"gold_loss":0},{"cards_removed":["Parasite"],"damage_healed":0,"gold_gain":0,"player_choice":"Gave Gold","damage_taken":0,"max_hp_gain":0,"max_hp_loss":0,"event_name":"Beggar","floor":27,"gold_loss":75}],"is_beta":false,"boss_relics":[{"not_picked":["Empty Cage","Pandora\u0027s Box"],"picked":"Coffee Dripper"}],"items_purged_floors":[21],"is_endless":false,"potions_floor_spawned":[1,2,6,10,11,12,16,23,25],"killed_by":"Slavers","ascension_level":2}}