{"host":"78azdv0oxplymbah","time":1613115422,"event":{"mods":["Aspiration","BaseMod","Better Third Choice","BetterRewards","Challenge The Spire","Conspire","Highlight Path","Mimic Mod","Minty Spire (QoL Compilation)","Quick Restart","Reimu（博丽灵梦）","Relic Stats","Remilia（蕾米莉亚）","Remove Card Discount Mod","Replay The Spire","RumiaBox-露米娅的神秘盒子","Spicy Shops","StSLib","TestMod","The Administrix","The Servant 0.9.4","UnlockEverythingMod","Waifu the Spire","Youmu（魂魄妖梦）","[功能]功能增强和修复MOD","【功能Mod】混沌之环修复补丁","【遗物卡牌】REMEMod"],"gold_per_floor":[147,204,45,75,132,207,232,316,370,406,451,490,523,574,574,883,883,916,117,174,219,264,366,459,549,657,699,474,504,549,642,642,951,951,999,1029,1089,691,745,838,937,982,982,773,875,935,977,1010,1319,1625,1625,1655,1703,1748,1808,1853,1958,1635,1689,1779,1818,1875,45,135,228,228,531,531,576,618,651,699,741,825,867,149,245,287,380,231,309,342,354,651,663,732,804,132,183,240,321,429,459,542,585,648,705,159,191,191,500,500,500],"floor_reached":102,"language":"ZHS","playtime":5161,"items_purged":["REME_SelfUpgrade","Streamline+1","testmod-Bloodthirsty","Sweeping Beam","Sweeping Beam","Blizzard","Bandage Up","Loop","Regret","Cold Snap","Sweeping Beam+1","Self Repair+1","BasicCrystalCard","Underhanded Strike+1","REME_Whirling+1","MostiFishMod:SephirahHod","FTL+1","Coolheaded+2","BasicCrystalCard+1","Redo+1","Madness+1"],"score":2650,"play_id":"510a5aa7-ba83-4343-a7c7-26b693449245","local_time":"20210212153702","daily_mods":["Draft","Vintage","Colorless Cards","Heirloom","Time Dilation","Flight","Midas"],"is_ascension_mode":false,"campfire_choices":[{"floor":15.0,"key":"REST"},{"floor":83.0,"key":"REST"},{"floor":100.0,"key":"REST"}],"circlet_count":13,"master_deck":["Double Energy+1","aspiration:Polymerization+1","BasicCrystalCard+1","Capacitor+1","White Noise+1","Storm+1","Buffer+1","Madness+1","Specialist+1","Madness+1","White Noise+1","Storm+1","Madness+1","Storm+1","Storm+1","Madness+1"],"relics":["Unceasing Top","Circlet","replay:Trail_Library","REME_ComplimentaryCards","testmod-TestBox","testmod-InfectionSource","conspire:InfiniteJournal","AntiCross","Anchor","conspire:TreasureMap","Dream Catcher","Mastiff:ReiMu","Replay:Ringing Soul","Ccalipers","aspiration:FaultyCoupler","conspire:TopHat","Geode","conspire:Dentures","Replay:Baseball","ReplayTheSpireMod:Shallot","Iron Hammer","aspiration:SilentSkillbook","Nunchaku","Orrery","Boot","Omamori","Replay:Bottled Flurry","Gremlin Food","Solar Panel","Pen Nib","Runic Capacitor","Ancient Tea Set","Tiny Chest","Lantern","aspiration:Stellarator","Regal Pillow","SumBook","Snack Pack","GodSword6","Guide Book","Molten Egg 2","testmod-DragonStarHat","testmod-AssaultLearning","Pet Ghost","testmod-IndustrialRevolution","REME_HandOfSuture","testmod-RainbowHikingShoes","PreservedInsect","aspiration:HiddenCompartment","testmod-Nyarlathotep","replay:Trail_Library","Akabeko","ScarletDevilRocket","Sundial","StrikeDummy","aspiration:SeaSaltIceCream","aspiration:EnhancedActuators","Gambling Chip","testmod-TurbochargingSystem","aspiration:FetidBarrel","REME_LimitBreaker","Bottled Tornado","aspiration:StickyExplosives_weak","RuthlessExorcism:ReiMu","Inserter","Oddly Smooth Stone","Replay:Rubber Ducky","Question Card","testmod-CasingShield","GodSword5","PlanX","GodSword3","testmod-LifeArmor","Orichalcum","testmod-Antiphasic","MawBank","Pantograph","testmod-MagicalMallet","Thread and Needle","aspiration:ChemicalBlood","aspiration:Lifesprig","CeramicFish","GodSword4","testmod-Acrobat","Gremlin Horn","Onion Ring","Whetstone","Bag of Marbles","LastBattle","Blue Candle","Kunai","Nuclear Battery"],"acts_visited":["Exordium","TheCity","TheBeyond","Exordium","TheCity","TheBeyond"],"potions_floor_usage":[],"damage_taken":[{"damage":19.0,"enemies":"Jaw Worm","floor":1.0,"turns":4.0},{"damage":14.0,"enemies":"Small Slimes","floor":2.0,"turns":4.0},{"damage":8.0,"enemies":"Cultist","floor":4.0,"turns":3.0},{"damage":5.0,"enemies":"Blue Slaver","floor":5.0,"turns":3.0},{"damage":20.0,"enemies":"Gremlin Nob","floor":6.0,"turns":4.0},{"damage":12.0,"enemies":"Looter","floor":7.0,"turns":3.0},{"damage":28.0,"enemies":"Lagavulin","floor":8.0,"turns":6.0},{"damage":0.0,"enemies":"3 Louse","floor":10.0,"turns":2.0},{"damage":2.0,"enemies":"Exordium Thugs","floor":11.0,"turns":3.0},{"damage":0.0,"enemies":"Exordium Wildlife","floor":12.0,"turns":3.0},{"damage":0.0,"enemies":"2 Fungi Beasts","floor":13.0,"turns":2.0},{"damage":0.0,"enemies":"3 Louse","floor":14.0,"turns":2.0},{"damage":8.0,"enemies":"The Guardian","floor":16.0,"turns":4.0},{"damage":4.0,"enemies":"Spheric Guardian","floor":18.0,"turns":2.0},{"damage":0.0,"enemies":"3 Byrds","floor":20.0,"turns":2.0},{"damage":0.0,"enemies":"Centurion and Healer","floor":21.0,"turns":2.0},{"damage":0.0,"enemies":"3 Cultists","floor":22.0,"turns":1.0},{"damage":0.0,"enemies":"Slavers","floor":23.0,"turns":2.0},{"damage":0.0,"enemies":"Gremlin Leader","floor":24.0,"turns":2.0},{"damage":0.0,"enemies":"Slavers","floor":25.0,"turns":1.0},{"damage":0.0,"enemies":"Snake Plant","floor":26.0,"turns":2.0},{"damage":0.0,"enemies":"Snake Plant","floor":27.0,"turns":2.0},{"damage":0.0,"enemies":"Snecko","floor":29.0,"turns":2.0},{"damage":0.0,"enemies":"3 Cultists","floor":30.0,"turns":1.0},{"damage":0.0,"enemies":"Book of Stabbing","floor":31.0,"turns":1.0},{"damage":0.0,"enemies":"Automaton","floor":33.0,"turns":3.0},{"damage":0.0,"enemies":"3 Darklings","floor":35.0,"turns":1.0},{"damage":6.0,"enemies":"3 Shapes","floor":36.0,"turns":1.0},{"damage":0.0,"enemies":"Spire Growth","floor":37.0,"turns":2.0},{"damage":0.0,"enemies":"4 Shapes","floor":39.0,"turns":1.0},{"damage":0.0,"enemies":"R_Hoarder","floor":40.0,"turns":2.0},{"damage":0.0,"enemies":"Reptomancer","floor":41.0,"turns":2.0},{"damage":0.0,"enemies":"Jaw Worm Horde","floor":42.0,"turns":1.0},{"damage":0.0,"enemies":"Nemesis","floor":45.0,"turns":1.0},{"damage":0.0,"enemies":"3 Darklings","floor":46.0,"turns":1.0},{"damage":0.0,"enemies":"Spire Growth","floor":47.0,"turns":1.0},{"damage":0.0,"enemies":"4 Shapes","floor":48.0,"turns":1.0},{"damage":0.0,"enemies":"Replay:Hell Engine","floor":50.0,"turns":1.0},{"damage":0.0,"enemies":"Jaw Worm","floor":52.0,"turns":1.0},{"damage":0.0,"enemies":"Small Slimes","floor":53.0,"turns":1.0},{"damage":0.0,"enemies":"Cultist","floor":54.0,"turns":1.0},{"damage":0.0,"enemies":"Exordium Wildlife","floor":55.0,"turns":1.0},{"damage":0.0,"enemies":"Lots of Slimes","floor":56.0,"turns":1.0},{"damage":0.0,"enemies":"Lagavulin","floor":57.0,"turns":1.0},{"damage":0.0,"enemies":"3 Louse","floor":59.0,"turns":1.0},{"damage":0.0,"enemies":"Large Slime","floor":60.0,"turns":1.0},{"damage":0.0,"enemies":"Large Slime","floor":61.0,"turns":1.0},{"damage":0.0,"enemies":"Red Slaver","floor":62.0,"turns":1.0},{"damage":0.0,"enemies":"3 Sentries","floor":64.0,"turns":1.0},{"damage":0.0,"enemies":"Lagavulin","floor":65.0,"turns":1.0},{"damage":0.0,"enemies":"Slime Boss","floor":67.0,"turns":1.0},{"damage":0.0,"enemies":"Spheric Guardian","floor":69.0,"turns":1.0},{"damage":0.0,"enemies":"2 Thieves","floor":70.0,"turns":1.0},{"damage":0.0,"enemies":"Centurion and Healer","floor":71.0,"turns":1.0},{"damage":0.0,"enemies":"Shelled Parasite and Fungi","floor":72.0,"turns":1.0},{"damage":0.0,"enemies":"Snake Plant","floor":73.0,"turns":1.0},{"damage":0.0,"enemies":"Slavers","floor":74.0,"turns":1.0},{"damage":0.0,"enemies":"3 Cultists","floor":75.0,"turns":1.0},{"damage":0.0,"enemies":"Gremlin Leader","floor":77.0,"turns":1.0},{"damage":0.0,"enemies":"Shelled Parasite and Fungi","floor":78.0,"turns":1.0},{"damage":0.0,"enemies":"Book of Stabbing","floor":79.0,"turns":1.0},{"damage":0.0,"enemies":"Gremlin Leader","floor":81.0,"turns":1.0},{"damage":0.0,"enemies":"Snake Plant","floor":82.0,"turns":1.0},{"damage":0.0,"enemies":"Automaton","floor":84.0,"turns":1.0},{"damage":0.0,"enemies":"3 Darklings","floor":86.0,"turns":1.0},{"damage":0.0,"enemies":"3 Shapes","floor":87.0,"turns":1.0},{"damage":0.0,"enemies":"Maw","floor":89.0,"turns":1.0},{"damage":0.0,"enemies":"Spire Growth","floor":90.0,"turns":1.0},{"damage":0.0,"enemies":"Nemesis","floor":91.0,"turns":1.0},{"damage":0.0,"enemies":"R_Hoarder","floor":92.0,"turns":1.0},{"damage":0.0,"enemies":"Jaw Worm Horde","floor":93.0,"turns":1.0},{"damage":0.0,"enemies":"Nemesis","floor":94.0,"turns":1.0},{"damage":0.0,"enemies":"Maw","floor":95.0,"turns":1.0},{"damage":0.0,"enemies":"Writhing Mass","floor":96.0,"turns":1.0},{"damage":0.0,"enemies":"Spire Growth","floor":97.0,"turns":1.0},{"damage":0.0,"enemies":"3 Darklings","floor":99.0,"turns":1.0},{"damage":0.0,"enemies":"Donu and Deca","floor":101.0,"turns":1.0}],"seed_played":"-3001255028473100781","potions_obtained":[{"floor":2.0,"key":"Explosive Potion"},{"floor":4.0,"key":"LifebloodPotion"},{"floor":7.0,"key":"Milkshake"},{"floor":10.0,"key":"REME_GoldPotion"},{"floor":14.0,"key":"SteroidPotion"},{"floor":18.0,"key":"REME_GoldPotion"},{"floor":20.0,"key":"Languid Potion"},{"floor":29.0,"key":"Elixir"},{"floor":101.0,"key":"REME_GoldPotion"}],"is_trial":true,"path_per_floor":["M","M","$","M","M","E","M","E","T","M","M","M","M","M","R","B",null,"M","$","M","M","M","E","E","E","MIM","M","$","M","M","E","R","B",null,"M","M","M","$","M","E","E","M","T","$","E","M","M","M","R","B",null,"M","M","M","M","M","E","$","M","MIM","M","M","$","E","E","R","B",null,"M","M","M","M","M","E","M","$","E","M","E","$","E","M","R","B",null,"M","M","$","M","M","E","E","M","E","M","M","M","$","M","R","B",null],"character_chosen":"DEFECT","items_purchased":["conspire:TreasureMap","Orrery","BirthdayGift-Icosahedron","Runic Capacitor","TakeMeEscape","GodSword6","Guide Book","testmod-IndustrialRevolution","REME_HandOfSuture","aspiration:SeaSaltIceCream","FTL+1","REME_LimitBreaker","MetatronsCube","Bottled Tornado","aspiration:StickyExplosives_weak","RuthlessExorcism:ReiMu","Madness","GodSword3","Storm","SynthV","testmod-LifeArmor","MostiFishMod:AdaptiveDefenses","testmod-Antiphasic","Storm","testmod-MagicalMallet","Thread and Needle","aspiration:ChemicalBlood","Civilization","aspiration:Lifesprig","Bag of Marbles","LastBattle","Blue Candle"],"campfire_rested":3,"item_purchase_floors":[3,19,19,28,28,38,38,44,44,58,58,63,63,63,63,63,63,76,76,76,76,76,80,88,88,88,88,88,88,98,98,98],"current_hp_per_floor":[67,64,64,63,65,52,47,26,26,36,44,64,74,75,78,70,78,74,77,78,79,80,84,87,87,87,87,87,87,87,87,90,93,93,93,88,93,93,93,93,96,96,96,96,99,99,99,99,75,76,99,99,99,99,99,99,102,105,105,105,105,105,108,111,114,114,114,114,114,114,114,114,114,114,114,117,117,117,117,117,117,117,117,120,120,120,120,123,124,126,129,136,141,146,151,156,161,161,166,166,171,171,171],"gold":500,"neow_bonus":"","is_daily":false,"chose_seed":false,"campfire_upgraded":0,"win_rate":0.0,"timestamp":1613115422,"path_taken":["M","M","$","M","M","E","M","E","T","M","M","M","M","M","R","BOSS","M","$","M","M","M","E","E","E","MIM","M","$","M","M","E","R","BOSS","M","M","M","$","M","E","E","M","T","$","E","M","M","M","R","BOSS","M","M","M","M","M","E","$","M","MIM","M","M","$","E","E","R","BOSS","M","M","M","M","M","E","M","$","E","M","E","$","E","M","R","BOSS","M","M","$","M","M","E","E","M","E","M","M","M","$","M","R","BOSS"],"items_purchased_type":["Relic","Relic","Undefined","Relic","Undefined","Relic","Relic","Relic","Relic","Relic","Card","Relic","Undefined","Relic","Relic","Relic","Card","Relic","Card","Undefined","Relic","Undefined","Relic","Card","Relic","Relic","Relic","Undefined","Relic","Relic","Relic","Relic"],"build_version":"2020-12-22","purchased_purges":21,"victory":false,"max_hp_per_floor":[75,75,75,75,75,75,75,75,75,75,75,75,75,75,78,78,78,78,81,81,81,81,84,87,87,87,87,87,87,87,87,90,93,93,93,93,93,93,93,93,96,96,96,96,99,99,99,99,99,99,99,99,99,99,99,99,102,105,105,105,105,105,108,111,114,114,114,114,114,114,114,114,114,114,114,117,117,117,117,117,117,117,117,120,120,120,120,123,124,126,129,136,141,146,151,156,161,161,166,166,171,171,171],"relic_stats":{"Regal Pillow":0,"Inserter":[13],"Gremlin Horn":[0,0],"counters":[77,116],"CeramicFish":9,"Blue Candle":[0],"Pen Nib":[0],"PreservedInsect":647,"Whetstone":[],"Orichalcum":[0],"Boot":[0],"Question Card":11,"MawBank":72,"Dream Catcher":3,"Nunchaku":[2],"Sundial":[20],"Gambling Chip":[89],"Pantograph":0,"Tiny Chest":0,"Kunai":[0],"obtain_stats":[{"ScarletDevilRocket":53,"MostiFishMod:AdaptiveDefenses":76,"testmod-LifeArmor":76,"Whetstone":97,"Bottled Tornado":63,"Boot":20,"Replay:Ringing Soul":6,"aspiration:EnhancedActuators":59,"Sundial":55,"Replay:Bottled Flurry":24,"Kunai":99,"aspiration:FaultyCoupler":8,"MostiFishMod:Hod":58,"conspire:TreasureMap":3,"testmod-TestBox":0,"Blue Candle":98,"Pen Nib":27,"REME_LimitBreaker":63,"Akabeko":52,"BionicSphere":23,"aspiration:SilentSkillbook":17,"StrikeDummy":56,"Unceasing Top":0,"MetatronsCube":63,"Solar Panel":26,"Lantern":31,"Regal Pillow":35,"aspiration:Lifesprig":88,"DaveBox":0,"DianPoetry":86,"Ancient Tea Set":29,"Pet Ghost":42,"testmod-CasingShield":72,"conspire:InfiniteJournal":0,"Replay:Rubber Ducky":70,"Civilization":88,"AntiCross":1,"aspiration:ChemicalBlood":88,"Inserter":68,"Circlet":0,"Thread and Needle":88,"PreservedInsect":46,"Geode":10,"Omamori":21,"testmod-TurbochargingSystem":61,"LastBattle":98,"MawBank":82,"Nuclear Battery":102,"TakeMeEscape":28,"Orrery":19,"REME_HandOfSuture":44,"REME_ComplimentaryCards":0,"Gremlin Horn":95,"aspiration:Stellarator":34,"CeramicFish":89,"BirthdayGift-Icosahedron":19,"Runic Capacitor":28,"testmod-RainbowHikingShoes":45,"Mastiff:ReiMu":5,"Ccalipers":7,"Iron Hammer":14,"testmod-DragonStarHat":40,"testmod-InfectionSource":0,"replay:Trail_Library":0,"DSteel32":0,"conspire:Dentures":11,"Oddly Smooth Stone":69,"aspiration:SeaSaltIceCream":58,"aspiration:HiddenCompartment":47,"Question Card":71,"Replay:Baseball":12,"ReplayTheSpireMod:Shallot":13,"PlanX":75,"testmod-Acrobat":93,"ChiXiaoBlade":51,"Molten Egg 2":39,"testmod-MagicalMallet":88,"Onion Ring":96,"GodSword6":38,"OriginationStaff":54,"GodSword5":73,"GodSword4":90,"GodSword3":76,"SynthV":76,"RhineSuit":85,"testmod-Nyarlathotep":48,"conspire:TopHat":9,"aspiration:StickyExplosives_weak":63,"Dream Catcher":4,"Nunchaku":18,"Gambling Chip":60,"Pantograph":87,"Tiny Chest":30,"SumBook":36,"Gremlin Food":25,"aspiration:FetidBarrel":62,"Guide Book":38,"Orichalcum":78,"testmod-IndustrialRevolution":44,"testmod-Antiphasic":80,"Anchor":2,"SynthV:TestCard":1,"testmod-AssaultLearning":41,"Snack Pack":37,"Bag of Marbles":98,"RuthlessExorcism:ReiMu":63},{"ScarletDevilRocket":40,"MostiFishMod:AdaptiveDefenses":58,"testmod-LifeArmor":58,"Whetstone":75,"Bottled Tornado":48,"Boot":15,"Replay:Ringing Soul":5,"aspiration:EnhancedActuators":45,"Sundial":42,"Replay:Bottled Flurry":19,"Kunai":76,"aspiration:FaultyCoupler":7,"MostiFishMod:Hod":44,"conspire:TreasureMap":2,"testmod-TestBox":0,"Blue Candle":75,"Pen Nib":22,"REME_LimitBreaker":48,"Akabeko":39,"BionicSphere":18,"aspiration:SilentSkillbook":13,"StrikeDummy":43,"Unceasing Top":0,"MetatronsCube":48,"Solar Panel":21,"Lantern":25,"Regal Pillow":27,"aspiration:Lifesprig":66,"DaveBox":0,"DianPoetry":65,"Ancient Tea Set":23,"Pet Ghost":33,"testmod-CasingShield":55,"conspire:InfiniteJournal":0,"Replay:Rubber Ducky":53,"Civilization":66,"AntiCross":1,"aspiration:ChemicalBlood":66,"Inserter":51,"Circlet":0,"Thread and Needle":66,"PreservedInsect":35,"Geode":8,"Omamori":16,"testmod-TurbochargingSystem":47,"LastBattle":75,"MawBank":63,"Nuclear Battery":77,"TakeMeEscape":22,"Orrery":14,"REME_HandOfSuture":33,"REME_ComplimentaryCards":0,"Gremlin Horn":73,"aspiration:Stellarator":26,"CeramicFish":67,"BirthdayGift-Icosahedron":14,"Runic Capacitor":22,"testmod-RainbowHikingShoes":34,"Mastiff:ReiMu":4,"Ccalipers":6,"Iron Hammer":12,"testmod-DragonStarHat":31,"testmod-InfectionSource":0,"replay:Trail_Library":0,"DSteel32":0,"conspire:Dentures":9,"Oddly Smooth Stone":52,"aspiration:SeaSaltIceCream":44,"aspiration:HiddenCompartment":36,"Question Card":54,"Replay:Baseball":10,"ReplayTheSpireMod:Shallot":11,"PlanX":58,"testmod-Acrobat":71,"ChiXiaoBlade":38,"Molten Egg 2":30,"testmod-MagicalMallet":66,"Onion Ring":74,"GodSword6":29,"OriginationStaff":41,"GodSword5":56,"GodSword4":68,"GodSword3":58,"SynthV":58,"RhineSuit":64,"testmod-Nyarlathotep":37,"conspire:TopHat":7,"aspiration:StickyExplosives_weak":48,"Dream Catcher":3,"Nunchaku":14,"Gambling Chip":46,"Pantograph":66,"Tiny Chest":24,"SumBook":28,"Gremlin Food":20,"aspiration:FetidBarrel":48,"Guide Book":29,"Orichalcum":60,"testmod-IndustrialRevolution":33,"testmod-Antiphasic":61,"Anchor":2,"SynthV:TestCard":1,"testmod-AssaultLearning":32,"Snack Pack":29,"Bag of Marbles":75,"RuthlessExorcism:ReiMu":48},{"ScarletDevilRocket":79,"MostiFishMod:AdaptiveDefenses":97,"testmod-LifeArmor":97,"Whetstone":114,"Bottled Tornado":87,"Boot":46,"Replay:Ringing Soul":18,"aspiration:EnhancedActuators":84,"Sundial":81,"Replay:Bottled Flurry":52,"Kunai":115,"aspiration:FaultyCoupler":27,"MostiFishMod:Hod":83,"conspire:TreasureMap":8,"testmod-TestBox":0,"Blue Candle":114,"Pen Nib":55,"REME_LimitBreaker":87,"Akabeko":78,"BionicSphere":50,"aspiration:SilentSkillbook":43,"StrikeDummy":82,"Unceasing Top":0,"MetatronsCube":87,"Solar Panel":54,"Lantern":59,"Regal Pillow":63,"aspiration:Lifesprig":105,"DaveBox":0,"DianPoetry":104,"Ancient Tea Set":57,"Pet Ghost":72,"testmod-CasingShield":94,"conspire:InfiniteJournal":0,"Replay:Rubber Ducky":92,"Civilization":105,"AntiCross":4,"aspiration:ChemicalBlood":105,"Inserter":90,"Circlet":0,"Thread and Needle":105,"PreservedInsect":74,"Geode":29,"Omamori":48,"testmod-TurbochargingSystem":86,"LastBattle":114,"MawBank":102,"Nuclear Battery":116,"TakeMeEscape":55,"Orrery":45,"REME_HandOfSuture":72,"REME_ComplimentaryCards":0,"Gremlin Horn":112,"aspiration:Stellarator":62,"CeramicFish":106,"BirthdayGift-Icosahedron":45,"Runic Capacitor":55,"testmod-RainbowHikingShoes":73,"Mastiff:ReiMu":14,"Ccalipers":21,"Iron Hammer":39,"testmod-DragonStarHat":69,"testmod-InfectionSource":0,"replay:Trail_Library":0,"DSteel32":0,"conspire:Dentures":32,"Oddly Smooth Stone":91,"aspiration:SeaSaltIceCream":83,"aspiration:HiddenCompartment":75,"Question Card":93,"Replay:Baseball":35,"ReplayTheSpireMod:Shallot":37,"PlanX":97,"testmod-Acrobat":110,"ChiXiaoBlade":77,"Molten Egg 2":67,"testmod-MagicalMallet":105,"Onion Ring":113,"GodSword6":66,"OriginationStaff":80,"GodSword5":95,"GodSword4":107,"GodSword3":97,"SynthV":97,"RhineSuit":103,"testmod-Nyarlathotep":76,"conspire:TopHat":27,"aspiration:StickyExplosives_weak":87,"Dream Catcher":11,"Nunchaku":45,"Gambling Chip":85,"Pantograph":105,"Tiny Chest":58,"SumBook":64,"Gremlin Food":53,"aspiration:FetidBarrel":87,"Guide Book":66,"Orichalcum":99,"testmod-IndustrialRevolution":72,"testmod-Antiphasic":100,"Anchor":8,"SynthV:TestCard":4,"testmod-AssaultLearning":71,"Snack Pack":66,"Bag of Marbles":114,"RuthlessExorcism:ReiMu":87}],"Unceasing Top":[0]},"card_choices":[{"not_picked":["Stack","Enlightenment"],"picked":"Double Energy","floor":0.0},{"not_picked":["testmod-LifeRuler","Hologram"],"picked":"REME_SelfUpgrade","floor":0.0},{"not_picked":["Compile Driver","Finesse"],"picked":"Streamline","floor":0.0},{"not_picked":["MostiFishMod:PushDownKick","Stack"],"picked":"Sweeping Beam","floor":0.0},{"not_picked":["Leap","testmod-LifeRuler"],"picked":"aspiration:Polymerization","floor":0.0},{"not_picked":["Replay:Sssssssssstrike","ReplayTheSpireMod:Trickstab"],"picked":"Bandage Up","floor":0.0},{"not_picked":["ReplayTheSpireMod:System Scan","Stack"],"picked":"Sweeping Beam","floor":0.0},{"not_picked":["Panic Button","Beam Cell"],"picked":"Coolheaded","floor":0.0},{"not_picked":["Finesse","Leap"],"picked":"Sweeping Beam","floor":0.0},{"not_picked":["Steam Power","Finesse"],"picked":"testmod-Bloodthirsty","floor":0.0},{"not_picked":["Undo","Panacea"],"picked":"Self Repair","floor":0.0},{"not_picked":["Panacea","Forethought"],"picked":"REME_Whirling","floor":0.0},{"not_picked":["testmod-HandmadeProducts","Stack"],"picked":"Ball Lightning","floor":0.0},{"not_picked":["Hologram","ReplayTheSpireMod:Repulse"],"picked":"BasicCrystalCard","floor":0.0},{"not_picked":["BasicCrystalCard","REME_FirmDetermination"],"picked":"Blizzard","floor":0.0},{"not_picked":["Survey Options","Gash","Specialist","Swift Strike","testmod-Reverberation"],"picked":"SKIP","floor":6.0},{"not_picked":["MostiFishMod:OneDayCity","Streamline","ReplayTheSpireMod:Calculation Training","Go for the Eyes","Leap"],"picked":"SKIP","floor":8.0},{"not_picked":["Lockon","Panic Button","Stack","REME_HeartOfCthun"],"picked":"BasicCrystalCard","floor":15.0},{"not_picked":["Compile Driver","Bane","MostiFishMod:PushDownKick","REME_BodyOfCthun","Beam Cell"],"picked":"Capacitor","floor":19.0},{"not_picked":["testmod-DeathImprint","Gash","Beam Cell","Prepared","BootSequence"],"picked":"White Noise+1","floor":23.0},{"not_picked":["Ball Lightning","Panic Button+1","Prepared","Hologram+1","Reflex"],"picked":"Storm+1","floor":24.0},{"not_picked":["conspire:Rain","Stack+1","Rip and Tear+1","Backflip","Deflect","Replay:Bootleg Shield Generator"],"picked":"SKIP","floor":25.0},{"not_picked":["ReplayTheSpireMod:GoodbyeWorld+1","Ball Lightning","Acrobatics","Dagger Throw","Distraction","Flying Knee+1"],"picked":"SKIP","floor":31.0},{"not_picked":["testmod-ShutDown","Burst","Rainbow","Thinking Ahead","Secret Weapon","MostiFishMod:SpreadingSpore","Apotheosis"],"picked":"Buffer","floor":33.0},{"not_picked":["Dagger Throw+1","Dodge and Roll+1","testmod-BackupPower+1","Unload+1","Deflect+1","Backflip+1"],"picked":"SKIP","floor":40.0},{"not_picked":["Well Laid Plans+1","Backflip","Sucker Punch+1","Coolheaded+1","aspiration:Lunge+1"],"picked":"Redo","floor":41.0},{"not_picked":["Creative AI","Dark Shackles+1","testmod-Recap","testmod-Provocation","MostiFishMod:WinterMarkForm"],"picked":"MostiFishMod:Distribution","floor":45.0},{"not_picked":["BasicCrystalCard","testmod-Automaton+1","Bane+1","Steam","aspiration:Polymerization"],"picked":"Specialist","floor":57.0},{"not_picked":["Slice+1","Masterful Stab+1","Ball Lightning+1","ReplayTheSpireMod:Uncanny Aura","Infinite Blades"],"picked":"White Noise","floor":64.0},{"not_picked":["Flying Knee+1","PiercingWail","Self Repair","conspire:SharedLibrary","Beam Cell+1"],"picked":"Madness","floor":65.0},{"not_picked":["MostiFishMod:PushDownKick+1","Blade Dance+1","Hologram","Reinforced Body","Hidden Blade+1","Tempest+1","Coolheaded+1"],"picked":"SKIP","floor":74.0},{"not_picked":["Deep Breath","Undo","testmod-HandmadeProducts","Dark Shackles","Sunder+1","BasicCrystalCard","testmod-TradeIn"],"picked":"SKIP","floor":77.0},{"not_picked":["Hologram","Flash of Steel+1","testmod-PerfectCombo+1","Flying Knee+1","ReplayTheSpireMod:The Works+1","testmod-Mystery+1","Accuracy"],"picked":"SKIP","floor":79.0},{"not_picked":["Hidden Blade","Acrobatics+1","Dodge and Roll","Redo","Rebound+1","BasicCrystalCard","ReplayTheSpireMod:Necrosis"],"picked":"SKIP","floor":81.0},{"not_picked":["All For One+1","Glass Knife+1","testmod-Wormhole","Meteor Strike+1","MostiFishMod:StoryBook","Reboot"],"picked":"MostiFishMod:StrandedSiren","floor":84.0},{"not_picked":["REME_BattleFury","BootSequence+1","Tempest","Metamorphosis","MostiFishMod:VineMother","MostiFishMod:ReprogramOld+1","Sucker Punch+1"],"picked":"SKIP","floor":91.0},{"not_picked":["MostiFishMod:PushDownKick+1","Underhanded Strike+1","Go for the Eyes+1","Prepared+1","Flying Knee+1","PiercingWail"],"picked":"MostiFishMod:StrandedSiren","floor":92.0},{"not_picked":["Blade Dance+1","testmod-PocketStoneCalender+1","conspire:Rain","Redo","testmod-Collector+1","MostiFishMod:PerfectParry","testmod-HandmadeProducts"],"picked":"SKIP","floor":94.0}],"player_experience":56691,"relics_obtained":[{"floor":1.0,"key":"AntiCross"},{"floor":1.0,"key":"SynthV:TestCard"},{"floor":2.0,"key":"Anchor"},{"floor":4.0,"key":"Dream Catcher"},{"floor":5.0,"key":"Mastiff:ReiMu"},{"floor":6.0,"key":"Replay:Ringing Soul"},{"floor":7.0,"key":"Ccalipers"},{"floor":8.0,"key":"aspiration:FaultyCoupler"},{"floor":9.0,"key":"conspire:TopHat"},{"floor":10.0,"key":"Geode"},{"floor":11.0,"key":"conspire:Dentures"},{"floor":12.0,"key":"Replay:Baseball"},{"floor":13.0,"key":"ReplayTheSpireMod:Shallot"},{"floor":14.0,"key":"Iron Hammer"},{"floor":18.0,"key":"Nunchaku"},{"floor":20.0,"key":"Boot"},{"floor":21.0,"key":"Omamori"},{"floor":23.0,"key":"BionicSphere"},{"floor":24.0,"key":"Replay:Bottled Flurry"},{"floor":25.0,"key":"Gremlin Food"},{"floor":26.0,"key":"Solar Panel"},{"floor":27.0,"key":"Pen Nib"},{"floor":29.0,"key":"Ancient Tea Set"},{"floor":30.0,"key":"Tiny Chest"},{"floor":31.0,"key":"Lantern"},{"floor":35.0,"key":"Regal Pillow"},{"floor":36.0,"key":"SumBook"},{"floor":37.0,"key":"Snack Pack"},{"floor":39.0,"key":"Molten Egg 2"},{"floor":40.0,"key":"testmod-DragonStarHat"},{"floor":41.0,"key":"testmod-AssaultLearning"},{"floor":42.0,"key":"Pet Ghost"},{"floor":45.0,"key":"testmod-RainbowHikingShoes"},{"floor":46.0,"key":"PreservedInsect"},{"floor":47.0,"key":"aspiration:HiddenCompartment"},{"floor":48.0,"key":"testmod-Nyarlathotep"},{"floor":52.0,"key":"Akabeko"},{"floor":53.0,"key":"ScarletDevilRocket"},{"floor":54.0,"key":"OriginationStaff"},{"floor":55.0,"key":"Sundial"},{"floor":56.0,"key":"StrikeDummy"},{"floor":59.0,"key":"aspiration:EnhancedActuators"},{"floor":60.0,"key":"Gambling Chip"},{"floor":61.0,"key":"testmod-TurbochargingSystem"},{"floor":62.0,"key":"aspiration:FetidBarrel"},{"floor":69.0,"key":"Oddly Smooth Stone"},{"floor":70.0,"key":"Replay:Rubber Ducky"},{"floor":71.0,"key":"Question Card"},{"floor":72.0,"key":"testmod-CasingShield"},{"floor":73.0,"key":"GodSword5"},{"floor":75.0,"key":"PlanX"},{"floor":78.0,"key":"Orichalcum"},{"floor":82.0,"key":"MawBank"},{"floor":86.0,"key":"DianPoetry"},{"floor":87.0,"key":"Pantograph"},{"floor":89.0,"key":"CeramicFish"},{"floor":90.0,"key":"GodSword4"},{"floor":93.0,"key":"testmod-Acrobat"},{"floor":95.0,"key":"Gremlin Horn"},{"floor":96.0,"key":"Onion Ring"},{"floor":97.0,"key":"Whetstone"},{"floor":99.0,"key":"Kunai"}],"event_choices":[],"is_beta":false,"boss_relics":[{"not_picked":["ReplayTheSpireMod:DimensionalGlitch","Replay:Bronze Core"],"picked":"aspiration:SilentSkillbook"},{"not_picked":["SlaversCollar","testmod-HarvestTotem"],"picked":"aspiration:Stellarator"},{"not_picked":["testmod-BloodSacrificeSpiritualization","NightmareShop"],"picked":"ChiXiaoBlade"},{"not_picked":["testmod-HarvestTotem","Velvet Choker"],"picked":"Inserter"},{"not_picked":["GuanYuAspect","Runic Pyramid"],"picked":"RhineSuit"},{"not_picked":["Black Star","testmod-BatchProcessingSystem"],"picked":"Nuclear Battery"}],"items_purged_floors":[3,3,3,3,3,3,3,19,19,28,28,28,44,44,44,58,58,88,88,98,98],"is_endless":true,"potions_floor_spawned":[2,4,7,8,10,14,18,20,21,25,29,33,36,41,42,46,47,50,54,56,61,62,64,71,72,74,78,81,82,84,86,94,95,97,101],"ascension_level":0}}