{"host":"18wi9kpcl4eah7pe","time":1613113076,"event":{"mods":["BaseMod","Colored Powertips","Downfall","Minty Spire (QoL Compilation)","StSLib"],"gold_per_floor":[99,99,199,199,199,99,99,125,50,67,93,127,127,138,151,252,252,252,270,270,283,283,283,283,283],"floor_reached":23,"language":"ENG","playtime":704,"items_purged":["downfall:Malfunctioning"],"score":311,"play_id":"288d5f84-668f-4efc-8f7e-c3615c3097c7","local_time":"20210212005756","is_ascension_mode":true,"campfire_choices":[{"floor":1,"key":"RECALL"},{"data":"bronze:Strike","floor":6,"key":"SMITH"},{"floor":13,"key":"REST"},{"data":"bronze:Boost","floor":18,"key":"SMITH"}],"circlet_count":0,"master_deck":["bronze:Strike","bronze:Strike","bronze:Strike","bronze:Strike+1","bronze:Defend","bronze:Defend","bronze:Defend","bronze:Defend","bronze:Replicate+1","bronze:Goto+1","bronze:WhirlingStrike+1","bronze:BurnOut","bronze:Separator","bronze:Overheat","bronze:Boost+1","bronze:BuggyMess","bronze:Iterate","bronze:Mutator","bronze:Constructor","bronze:ChosenStrike","bronze:ClassDefault","bronze:DelayedGuard","bronze:Goto"],"relics":["bronze:BronzeCore","downfall:HeartsMalice","Eternal Feather","downfall:HeartBlessingRed","Gremlin Horn","Bottled Flame","WingedGreaves","Regal Pillow"],"acts_visited":["Exordium","TheCity"],"potions_floor_usage":[12,16,19,23,23],"damage_taken":[{"damage":0,"enemies":"2 Louse","floor":2,"turns":1},{"damage":0,"enemies":"Lagavulin","floor":8,"turns":1},{"damage":0,"enemies":"downfall:FleeingMerchant","floor":9,"turns":1},{"damage":5,"enemies":"Small Slimes","floor":10,"turns":2},{"damage":15,"enemies":"3 Sentries","floor":11,"turns":4},{"damage":14,"enemies":"Lagavulin","floor":12,"turns":4},{"damage":12,"enemies":"Jaw Worm","floor":14,"turns":2},{"damage":0,"enemies":"Blue Slaver","floor":15,"turns":3},{"damage":37,"enemies":"SI_SHIV_ARCHETYPE","floor":16,"turns":8},{"damage":8,"enemies":"3 Byrds","floor":19,"turns":5},{"damage":33,"enemies":"Centurion and Healer","floor":21,"turns":5},{"damage":31,"enemies":"Book of Stabbing","floor":23,"turns":3}],"seed_played":"4042386640297844652","potions_obtained":[{"floor":10,"key":"Fire Potion"},{"floor":15,"key":"FearPotion"},{"floor":16,"key":"SkillPotion"},{"floor":19,"key":"SkillPotion"},{"floor":21,"key":"Dexterity Potion"}],"is_trial":false,"path_per_floor":["R","M","?","?","?","R","T","E","$","M","E","E","R","M","M","B",null,"R","M","?","M","?","E"],"character_chosen":"THE_AUTOMATON","items_purchased":[],"campfire_rested":1,"item_purchase_floors":[],"current_hp_per_floor":[63,63,63,63,60,66,66,66,66,61,46,32,70,58,58,21,58,67,59,59,26,26,0,0,0],"gold":283,"neow_bonus":"THREE_ENEMY_KILL","is_daily":false,"chose_seed":false,"campfire_upgraded":2,"win_rate":0.0,"timestamp":1613113076,"path_taken":["R","M","?","?","?","R","T","E","?","?","E","E","R","M","M","BOSS","R","M","?","M","?","E"],"items_purchased_type":[],"build_version":"2020-12-22","purchased_purges":1,"victory":false,"max_hp_per_floor":[70,70,70,70,70,70,70,70,70,70,70,70,70,70,70,70,70,70,70,70,70,70,70,70,70],"card_choices":[{"not_picked":["bronze:Overheat","bronze:BugBarrage"],"picked":"bronze:WhirlingStrike","floor":2},{"not_picked":["bronze:DelayedGuard","bronze:WhirlingStrike"],"picked":"bronze:BurnOut","floor":8},{"not_picked":["bronze:OilSpill","bronze:Return"],"picked":"bronze:Separator","floor":9},{"not_picked":["bronze:WildBeam","bronze:ItsAFeature"],"picked":"bronze:Overheat","floor":10},{"not_picked":["bronze:BugBarrage","bronze:Separator"],"picked":"bronze:Boost","floor":11},{"not_picked":["bronze:BronzeArmor","bronze:InfiniteBeams"],"picked":"bronze:BuggyMess","floor":12},{"not_picked":["bronze:Format","bronze:CutThrough"],"picked":"bronze:Iterate","floor":14},{"not_picked":["bronze:Refactor","bronze:WhirlingStrike","bronze:Return"],"picked":"SKIP","floor":15},{"not_picked":["bronze:RecursiveStrike","bronze:Break"],"picked":"bronze:Mutator","floor":16},{"not_picked":["bronze:Return","bronze:GetLatest"],"picked":"bronze:Constructor","floor":19},{"not_picked":["bronze:BronzeOrb","bronze:Overheat"],"picked":"bronze:ChosenStrike","floor":21}],"player_experience":1018704,"relics_obtained":[{"floor":7,"key":"Gremlin Horn"},{"floor":8,"key":"Bottled Flame"},{"floor":11,"key":"WingedGreaves"},{"floor":12,"key":"Regal Pillow"}],"event_choices":[{"damage_healed":0,"gold_gain":0,"player_choice":"Success","damage_taken":3,"relics_obtained":["Eternal Feather"],"max_hp_gain":0,"max_hp_loss":0,"event_name":"Scrap Ooze","floor":5,"gold_loss":0},{"damage_healed":0,"gold_gain":0,"player_choice":"Ignored","damage_taken":0,"max_hp_gain":0,"max_hp_loss":0,"event_name":"Vampires","floor":20,"gold_loss":0}],"is_beta":false,"boss_relics":[{"not_picked":["Runic Pyramid","Empty Cage","Philosopher\u0027s Stone"]}],"items_purged_floors":[9],"is_endless":false,"potions_floor_spawned":[10,15,16,19,21],"killed_by":"Book of Stabbing","ascension_level":7}}