{"host":"k0cm6nn9mnmji9h1","time":1613139302,"event":{"mods":["100% Spire Juice","2.2 Compatiblity","AchievementEnabler","BaseMod","Colored Map","DeckTracker","Gremlin Skip","Highlight Path","Lobotomy","Minty Spire (QoL Compilation)","Permanent Neow","Shade Mod","StSLib","The Dragon Tamer","The Marked","Waifu the Spire"],"gold_per_floor":[119,132,150,168,93,93,120,120,120,135,154,154,154],"floor_reached":12,"language":"KOR","playtime":526,"items_purged":["Strike_G"],"score":82,"play_id":"af754d1f-4586-4277-8870-40ee7a383033","local_time":"20210212231502","is_ascension_mode":false,"campfire_choices":[{"data":"Neutralize","floor":6,"key":"SMITH"},{"data":"Venomology","floor":8,"key":"SMITH"}],"circlet_count":0,"master_deck":["Strike_G","Strike_G","Strike_G","Strike_G","Defend_G","Defend_G","Defend_G","Defend_G","Neutralize+1","MeatLantern","Poisoned Stab","VoidDream","Dagger Spray","BigBadWolf","Freischutz","Poisoned Stab","Scarecrow","Venomology+1","Bloodbath","Riddle With Holes","Prepared"],"relics":["Ring of the Snake","CogitoBucket","White Beast Statue","Paper Crane","ResearcherNote"],"acts_visited":["Exordium"],"potions_floor_usage":[10,11,12],"damage_taken":[{"damage":1,"enemies":"Cultist","floor":1,"turns":4},{"damage":0,"enemies":"2 Louse","floor":2,"turns":3},{"damage":0,"enemies":"Jaw Worm","floor":3,"turns":3},{"damage":4,"enemies":"Looter","floor":4,"turns":4},{"damage":14,"enemies":"Gremlin Nob","floor":7,"turns":5},{"damage":7,"enemies":"2 Fungi Beasts","floor":10,"turns":5},{"damage":2,"enemies":"Gremlin Gang","floor":11,"turns":7},{"damage":50,"enemies":"3 Sentries","floor":12,"turns":1}],"seed_played":"-3260732606665762781","potions_obtained":[{"floor":2,"key":"Ancient Potion"},{"floor":7,"key":"CunningPotion"},{"floor":10,"key":"Ancient Potion"}],"is_trial":false,"path_per_floor":["M","M","M","M","$","R","E","R","T","M","M","E"],"character_chosen":"THE_SILENT","items_purchased":[],"campfire_rested":0,"item_purchase_floors":[],"current_hp_per_floor":[69,69,69,65,65,65,51,51,51,44,44,0,0],"gold":154,"neow_bonus":"","is_daily":false,"chose_seed":false,"campfire_upgraded":2,"win_rate":0.0,"timestamp":1613139302,"path_taken":["M","M","M","M","$","R","E","R","T","M","M","E"],"items_purchased_type":[],"build_version":"2020-12-22","purchased_purges":1,"victory":false,"max_hp_per_floor":[70,70,70,70,70,70,70,70,70,70,70,70,70],"card_choices":[{"not_picked":["Murderer","Scorched"],"picked":"MeatLantern","floor":1},{"not_picked":["Terror","Slice"],"picked":"Poisoned Stab","floor":1},{"not_picked":["CherryBlossoms","WallGazer"],"picked":"VoidDream","floor":2},{"not_picked":["Bane","Tactician"],"picked":"Dagger Spray","floor":2},{"not_picked":["CherryBlossoms","ShyLook"],"picked":"BigBadWolf","floor":3},{"not_picked":["All Out Attack","Footwork"],"picked":"Crippling Poison","floor":3},{"not_picked":["FairyFestival","OSAHOGD"],"picked":"Freischutz","floor":4},{"not_picked":["PiercingWail","Dodge and Roll"],"picked":"Poisoned Stab","floor":4},{"not_picked":["WhitesApple","PunishingBird"],"picked":"Scarecrow","floor":7},{"not_picked":["Blade Dance","Eviscerate"],"picked":"Venomology","floor":7},{"not_picked":["Scorched","OldLady","FairyFestival"],"picked":"Singing Bowl","floor":10},{"not_picked":["Alriune","OSAHOGD"],"picked":"Bloodbath","floor":10},{"not_picked":["Dagger Throw","Underhanded Strike"],"picked":"Riddle With Holes","floor":10},{"not_picked":["Concentrate","Tactician"],"picked":"Prepared","floor":11}],"player_experience":504928,"relics_obtained":[{"floor":7,"key":"White Beast Statue"},{"floor":9,"key":"Paper Crane"}],"event_choices":[],"is_beta":false,"boss_relics":[],"items_purged_floors":[5],"is_endless":false,"potions_floor_spawned":[2,7,10,11],"killed_by":"3 Sentries","ascension_level":0}}