{"host":"c3lc60y5x60jlt1y","time":1613128297,"event":{"mods":["AchievementEnabler","BaseMod","Bestiary","Colored Map","Minty Spire (QoL Compilation)","Quick Restart","StSLib","ojb\u0027s Info Mod"],"gold_per_floor":[119,119,119,138,138,168,180,180,180,180,205,205,222,256,256,329,329,348,398,417,427,168,168,194,214,214,243,243,259,285,303,303,376,376,391,441,441,441,452,452,486,486,513,530,561,571,125,125,125,125,125,125,125,18,53,53],"floor_reached":57,"language":"ENG","playtime":38919,"items_purged":["Defend_P","Strike_P"],"score":3051,"play_id":"ec5735f8-ede1-4198-953e-aa54bb551f77","local_time":"20210212131137","is_ascension_mode":true,"campfire_choices":[{"floor":8.0,"key":"REST"},{"floor":12.0,"key":"REST"},{"floor":15.0,"key":"REST"},{"data":"Ragnarok","floor":23.0,"key":"SMITH"},{"data":"Protect","floor":28.0,"key":"SMITH"},{"floor":32.0,"key":"REST"},{"floor":40.0,"key":"RECALL"},{"data":"Protect","floor":42.0,"key":"SMITH"},{"data":"Meditate","floor":49.0,"key":"SMITH"},{"data":"CutThroughFate","floor":53.0,"key":"SMITH"}],"circlet_count":0,"master_deck":["AscendersBane","Strike_P+1","Strike_P+1","Strike_P+1","Defend_P+1","Defend_P+1","Defend_P+1","Eruption+1","Vigilance+1","FlurryOfBlows","BowlingBash+1","Protect+1","Tantrum","FlyingSleeves","Adaptation","Protect+1","Ragnarok+1","Swivel","Wallop+1","LessonLearned","WheelKick","CutThroughFate+1","Conclude","BattleHymn+1","Crescendo","CarveReality+1","Indignation","LessonLearned+1","Meditate+1","SashWhip+1","MentalFortress","CrushJoints+1","Vengeance+1","Establishment","TalkToTheHand+1","SandsOfTime+1","Perseverance+1"],"relics":["Black Star","MealTicket","Kunai","The Courier","Pen Nib","Letter Opener","Pear","Blood Vial","Anchor","War Paint","Snecko Eye","Toolbox","TungstenRod","White Beast Statue","Potion Belt","Akabeko","Shuriken","Juzu Bracelet","Molten Egg 2","SacredBark","Toy Ornithopter","Calipers","Toxic Egg 2","Vajra","Bronze Scales","Dream Catcher","Meat on the Bone","Bag of Marbles","InkBottle"],"acts_visited":["Exordium","TheCity","TheBeyond","TheEnding"],"potions_floor_usage":[56,56],"damage_taken":[{"damage":9.0,"enemies":"Small Slimes","floor":1.0,"turns":6.0},{"damage":7.0,"enemies":"Jaw Worm","floor":4.0,"turns":4.0},{"damage":16.0,"enemies":"Gremlin Nob","floor":6.0,"turns":3.0},{"damage":0.0,"enemies":"2 Louse","floor":7.0,"turns":2.0},{"damage":42.0,"enemies":"Lagavulin","floor":11.0,"turns":10.0},{"damage":22.0,"enemies":"Lots of Slimes","floor":13.0,"turns":5.0},{"damage":0.0,"enemies":"Gremlin Nob","floor":14.0,"turns":2.0},{"damage":34.0,"enemies":"The Guardian","floor":16.0,"turns":18.0},{"damage":0.0,"enemies":"Spheric Guardian","floor":18.0,"turns":3.0},{"damage":0.0,"enemies":"Chosen","floor":20.0,"turns":3.0},{"damage":3.0,"enemies":"Snake Plant","floor":21.0,"turns":4.0},{"damage":23.0,"enemies":"Slavers","floor":24.0,"turns":4.0},{"damage":2.0,"enemies":"Centurion and Healer","floor":25.0,"turns":4.0},{"damage":0.0,"enemies":"Gremlin Leader","floor":27.0,"turns":3.0},{"damage":14.0,"enemies":"Shelled Parasite and Fungi","floor":29.0,"turns":3.0},{"damage":10.0,"enemies":"Slavers","floor":30.0,"turns":2.0},{"damage":0.0,"enemies":"3 Cultists","floor":31.0,"turns":2.0},{"damage":21.0,"enemies":"Automaton","floor":33.0,"turns":4.0},{"damage":0.0,"enemies":"3 Shapes","floor":35.0,"turns":2.0},{"damage":0.0,"enemies":"Orb Walker","floor":39.0,"turns":3.0},{"damage":10.0,"enemies":"Nemesis","floor":41.0,"turns":3.0},{"damage":0.0,"enemies":"3 Darklings","floor":44.0,"turns":2.0},{"damage":21.0,"enemies":"Reptomancer","floor":45.0,"turns":4.0},{"damage":0.0,"enemies":"Sphere and 2 Shapes","floor":46.0,"turns":5.0},{"damage":0.0,"enemies":"Donu and Deca","floor":50.0,"turns":1.0},{"damage":29.0,"enemies":"Awakened One","floor":51.0,"turns":6.0},{"damage":0.0,"enemies":"Shield and Spear","floor":55.0,"turns":4.0},{"damage":80,"enemies":"The Heart","floor":56,"turns":9}],"seed_played":"2778096857826018062","potions_obtained":[{"floor":1.0,"key":"SneckoOil"},{"floor":7.0,"key":"FearPotion"},{"floor":11.0,"key":"FearPotion"},{"floor":13.0,"key":"EssenceOfSteel"},{"floor":16.0,"key":"BottledMiracle"},{"floor":21.0,"key":"BlessingOfTheForge"},{"floor":25.0,"key":"Block Potion"},{"floor":27.0,"key":"Dexterity Potion"},{"floor":29.0,"key":"SpeedPotion"},{"floor":30.0,"key":"SmokeBomb"},{"floor":31.0,"key":"Fire Potion"},{"floor":33.0,"key":"Explosive Potion"},{"floor":35.0,"key":"SneckoOil"},{"floor":39.0,"key":"DuplicationPotion"},{"floor":41.0,"key":"Energy Potion"},{"floor":45.0,"key":"Ambrosia"},{"floor":46.0,"key":"Energy Potion"},{"floor":55.0,"key":"Weak Potion"}],"is_trial":false,"path_per_floor":["M","?","?","M","T","E","M","R","T","?","E","R","M","E","R","B",null,"M","?","M","M","$","R","E","M","T","E","R","M","E","M","R","B",null,"M","?","?","T","M","R","E","R","T","M","E","M","$","?","R","B","B",null,"R","$","E","B",null],"character_chosen":"WATCHER","items_purchased":["WheelKick","Toolbox","Meat on the Bone","TalkToTheHand+1","CultistPotion","SandsOfTime+1","Energy Potion"],"campfire_rested":4,"item_purchase_floors":[22,22,47,47,47,54,54],"current_hp_per_floor":[52,32,27,20,20,4,4,24,24,46,14,37,17,19,42,10,61,63,56,58,57,72,72,51,51,51,53,53,41,33,35,58,39,68,70,70,70,70,72,72,69,69,69,71,62,64,78,74,74,74,45,67,67,74,74,16],"gold":53,"neow_bonus":"BOSS_RELIC","is_daily":false,"chose_seed":false,"campfire_upgraded":5,"win_rate":0.0,"timestamp":1613128297,"path_taken":["M","?","?","M","?","E","M","R","T","?","E","R","M","E","R","BOSS","M","?","?","M","?","R","E","M","T","E","R","M","E","M","R","BOSS","M","?","?","?","M","R","E","R","T","M","E","M","$","?","R","BOSS","BOSS","R","$","E","BOSS"],"items_purchased_type":["Card","Relic","Relic","Card","Potion","Card","Potion"],"build_version":"2020-12-22","purchased_purges":2,"victory":true,"max_hp_per_floor":[68,68,68,68,68,68,68,68,68,68,78,78,78,78,78,78,78,78,78,78,78,78,78,78,78,78,78,78,78,78,78,78,78,78,78,78,78,78,78,78,78,78,78,78,78,78,78,74,74,74,74,74,74,74,74,74],"card_choices":[{"not_picked":["CrushJoints","FlyingSleeves"],"picked":"FlurryOfBlows","floor":1.0},{"not_picked":["SandsOfTime","Wireheading"],"picked":"BowlingBash","floor":4.0},{"not_picked":["LikeWater","Worship"],"picked":"Protect","floor":6.0},{"not_picked":["ThirdEye","Consecrate"],"picked":"Tantrum","floor":7.0},{"not_picked":["Wireheading","Pray"],"picked":"FlyingSleeves","floor":11.0},{"not_picked":["SashWhip","Protect"],"picked":"Adaptation","floor":13.0},{"not_picked":["Prostrate","Halt"],"picked":"Protect","floor":14.0},{"not_picked":["Brilliance","SpiritShield"],"picked":"Ragnarok","floor":16.0},{"not_picked":["BowlingBash","Evaluate"],"picked":"Swivel","floor":18.0},{"not_picked":["PathToVictory","Vengeance+1"],"picked":"Wallop+1","floor":20.0},{"not_picked":["PathToVictory","ThirdEye"],"picked":"LessonLearned","floor":21.0},{"not_picked":["PathToVictory","JustLucky"],"picked":"CutThroughFate","floor":24.0},{"not_picked":["ThirdEye","Prostrate"],"picked":"Conclude","floor":25.0},{"not_picked":["SandsOfTime","Brilliance"],"picked":"BattleHymn+1","floor":27.0},{"not_picked":["FlyingSleeves","BattleHymn"],"picked":"Crescendo","floor":29.0},{"not_picked":["ThirdEye","BowlingBash+1"],"picked":"CarveReality+1","floor":30.0},{"not_picked":["Halt","FlurryOfBlows+1"],"picked":"Indignation","floor":31.0},{"not_picked":["Devotion","MasterReality"],"picked":"LessonLearned+1","floor":33.0},{"not_picked":["PathToVictory+1","FlurryOfBlows+1"],"picked":"Meditate","floor":35.0},{"not_picked":["Crescendo+1","EmptyBody+1"],"picked":"SashWhip+1","floor":39.0},{"not_picked":["PathToVictory+1","Alpha+1"],"picked":"MentalFortress","floor":41.0},{"not_picked":["FlyingSleeves+1","Halt+1"],"picked":"CrushJoints+1","floor":44.0},{"not_picked":["FlurryOfBlows+1","PathToVictory+1"],"picked":"Vengeance+1","floor":45.0},{"not_picked":["ForeignInfluence+1","Prostrate+1"],"picked":"Establishment","floor":46.0},{"not_picked":["ClearTheMind+1","Tantrum+1"],"picked":"Perseverance+1","floor":55.0}],"player_experience":9201295,"relics_obtained":[{"floor":5.0,"key":"Kunai"},{"floor":6.0,"key":"The Courier"},{"floor":6.0,"key":"Pen Nib"},{"floor":9.0,"key":"Letter Opener"},{"floor":11.0,"key":"Pear"},{"floor":11.0,"key":"Blood Vial"},{"floor":14.0,"key":"Anchor"},{"floor":14.0,"key":"War Paint"},{"floor":24.0,"key":"TungstenRod"},{"floor":24.0,"key":"White Beast Statue"},{"floor":26.0,"key":"Potion Belt"},{"floor":27.0,"key":"Akabeko"},{"floor":27.0,"key":"Shuriken"},{"floor":30.0,"key":"Juzu Bracelet"},{"floor":30.0,"key":"Molten Egg 2"},{"floor":41.0,"key":"Calipers"},{"floor":41.0,"key":"Toxic Egg 2"},{"floor":43.0,"key":"Vajra"},{"floor":45.0,"key":"Bronze Scales"},{"floor":45.0,"key":"Dream Catcher"},{"floor":55.0,"key":"Bag of Marbles"},{"floor":55.0,"key":"InkBottle"}],"event_choices":[{"damage_healed":0.0,"max_hp_gain":0.0,"max_hp_loss":0.0,"gold_gain":0.0,"event_name":"Shining Light","player_choice":"Entered Light","floor":2.0,"gold_loss":0.0,"damage_taken":20.0,"cards_upgraded":["Eruption","Strike_P"]},{"damage_healed":0.0,"max_hp_gain":0.0,"max_hp_loss":0.0,"gold_gain":0.0,"event_name":"Scrap Ooze","player_choice":"Success","floor":3.0,"gold_loss":0.0,"damage_taken":5.0,"relics_obtained":["MealTicket"]},{"damage_healed":22.0,"max_hp_gain":0.0,"max_hp_loss":0.0,"gold_gain":0.0,"event_name":"Big Fish","player_choice":"Banana","floor":10.0,"gold_loss":0.0,"damage_taken":0.0},{"damage_healed":0.0,"max_hp_gain":0.0,"max_hp_loss":0.0,"gold_gain":50.0,"event_name":"FaceTrader","player_choice":"Touch","floor":19.0,"gold_loss":0.0,"damage_taken":7.0},{"damage_healed":0.0,"max_hp_gain":0.0,"max_hp_loss":0.0,"gold_gain":50.0,"event_name":"Golden Shrine","player_choice":"Pray","floor":36.0,"gold_loss":0.0,"damage_taken":0.0},{"damage_healed":0.0,"max_hp_gain":0.0,"max_hp_loss":0.0,"gold_gain":0.0,"event_name":"WeMeetAgain","player_choice":"Gave Potion","floor":37.0,"gold_loss":0.0,"damage_taken":0.0,"relics_obtained":["Toy Ornithopter"]},{"damage_healed":0.0,"max_hp_gain":0.0,"max_hp_loss":4.0,"gold_gain":0.0,"event_name":"Winding Halls","player_choice":"Max HP","floor":48.0,"gold_loss":0.0,"damage_taken":0.0}],"is_beta":false,"boss_relics":[{"not_picked":["Runic Dome","Sozu"],"picked":"Snecko Eye"},{"not_picked":["SlaversCollar","Cursed Key"],"picked":"SacredBark"}],"items_purged_floors":[22,47],"is_endless":false,"potions_floor_spawned":[1,7,11,13,16,21,25,27,29,30,31,33,35,39,41,44,45,46,55],"ascension_level":20}}