{"host":"8vqkh0x3c7vpgzzm","time":1613160872,"event":{"mods":["AchievementEnabler","BaseMod","Colored Map","Colored Powertips","Curses Come First","DeckTracker","Highlight Path","Minty Spire (QoL Compilation)","Permanent Neow","Quick Restart","Random Character Mod","Rare Cards Sparkle","Relic Sorter","Relic Stats","StSLib","SuperFastMode","Unceasing Turn Reminder","egg","everything is the same but u backflip on backflip"],"gold_per_floor":[115,40,50,61,76,102,102,113,137,137,31,51,51,61,61,134,134,147,164,79,91,120,132,159,171,183,224,252,297,118,151,151,228,228,240,150,150,195,50,80,80,112,112,62,80,93,43,63,63,63,63,63,13,41,41],"floor_reached":56,"language":"ENG","playtime":2485,"items_purged":["Strike_R","Strike_R","Bash","Sword Boomerang","Cleave","Flex+1","Defend_R"],"score":2590,"play_id":"efe3b32c-a8c0-414a-b10c-da3cb3d97485","local_time":"20210212211432","is_ascension_mode":true,"campfire_choices":[{"data":"Flex","floor":7.0,"key":"SMITH"},{"data":"Body Slam","floor":13.0,"key":"SMITH"},{"data":"Body Slam","floor":15.0,"key":"SMITH"},{"data":"Barricade","floor":23.0,"key":"SMITH"},{"data":"Entrench","floor":25.0,"key":"SMITH"},{"data":"Entrench","floor":32.0,"key":"SMITH"},{"data":"Pommel Strike","floor":41,"key":"SMITH"},{"floor":49,"key":"RECALL"},{"data":"Body Slam","floor":52,"key":"SMITH"}],"circlet_count":0,"master_deck":["AscendersBane","Defend_R+1","Impervious+1","Body Slam+1","Shrug It Off","Body Slam+1","Barricade+1","Body Slam+1","Battle Trance","Entrench+1","Battle Trance","Pommel Strike+1","Shrug It Off","Trip","Entrench+1","Cleave+1","Inflame+1","Flame Barrier+1","Disarm","Flash of Steel","Panache","Blind","Shrug It Off"],"relics":["Burning Blood","Gremlin Horn","Smiling Mask","Runic Dome","MawBank","Eternal Feather","Bag of Marbles","Red Mask","MealTicket","Astrolabe","StoneCalendar","Bronze Scales","InkBottle","Mercury Hourglass"],"acts_visited":["Exordium","TheCity","TheBeyond","TheEnding"],"potions_floor_usage":[55],"damage_taken":[{"damage":8.0,"enemies":"2 Louse","floor":1.0,"turns":4.0},{"damage":8.0,"enemies":"Small Slimes","floor":3.0,"turns":4.0},{"damage":1.0,"enemies":"Cultist","floor":4.0,"turns":3.0},{"damage":1.0,"enemies":"3 Louse","floor":5.0,"turns":3.0},{"damage":25.0,"enemies":"Gremlin Nob","floor":6.0,"turns":4.0},{"damage":8.0,"enemies":"Blue Slaver","floor":8.0,"turns":3.0},{"damage":7.0,"enemies":"Large Slime","floor":12.0,"turns":5.0},{"damage":0.0,"enemies":"Exordium Wildlife","floor":14.0,"turns":2.0},{"damage":18.0,"enemies":"Slime Boss","floor":16.0,"turns":6.0},{"damage":7.0,"enemies":"Chosen","floor":18.0,"turns":3.0},{"damage":0.0,"enemies":"2 Thieves","floor":19.0,"turns":3.0},{"damage":21.0,"enemies":"Centurion and Healer","floor":22.0,"turns":5.0},{"damage":0.0,"enemies":"Snecko","floor":24.0,"turns":3.0},{"damage":24.0,"enemies":"Slavers","floor":27.0,"turns":2.0},{"damage":9.0,"enemies":"Shelled Parasite and Fungi","floor":28.0,"turns":3.0},{"damage":15.0,"enemies":"Masked Bandits","floor":29.0,"turns":4.0},{"damage":5.0,"enemies":"Book of Stabbing","floor":31.0,"turns":4.0},{"damage":0.0,"enemies":"Collector","floor":33.0,"turns":5.0},{"damage":14.0,"enemies":"Orb Walker","floor":35.0,"turns":4.0},{"damage":6,"enemies":"2 Orb Walkers","floor":38,"turns":4},{"damage":18,"enemies":"Reptomancer","floor":40,"turns":6},{"damage":0,"enemies":"Giant Head","floor":42,"turns":5},{"damage":10,"enemies":"3 Shapes","floor":45,"turns":4},{"damage":2,"enemies":"3 Darklings","floor":46,"turns":3},{"damage":0,"enemies":"Maw","floor":48,"turns":4},{"damage":28,"enemies":"Awakened One","floor":50,"turns":6},{"damage":12,"enemies":"Shield and Spear","floor":54,"turns":4},{"damage":94,"enemies":"The Heart","floor":55,"turns":11}],"seed_played":"-2817902600865949032","potions_obtained":[{"floor":3.0,"key":"Energy Potion"},{"floor":4.0,"key":"DistilledChaos"},{"floor":22.0,"key":"Explosive Potion"},{"floor":33.0,"key":"FairyPotion"},{"floor":42,"key":"GamblersBrew"}],"is_trial":false,"path_per_floor":["M","?","M","M","M","E","R","M","T","?","$","M","R","M","R","B",null,"M","M","?","?","M","R","M","R","T","E","M","?","$","E","R","B",null,"M","$","?","?","$","E","R","E","T","$","M","M","$","M","R","B",null,"R","$","E","B",null],"character_chosen":"IRONCLAD","items_purchased":["Body Slam","Shrug It Off","Trip","Disarm","Blind"],"campfire_rested":0,"item_purchase_floors":[11,30,30,36,39],"current_hp_per_floor":[66,66,64,69,74,55,55,53,53,30,30,29,29,35,35,23,62,61,67,67,67,52,52,58,58,58,40,37,28,28,29,41,47,68,60,75,65,65,75,63,75,75,75,75,71,75,75,75,75,53,70,75,75,69,28],"gold":41,"neow_bonus":"REMOVE_CARD","is_daily":false,"chose_seed":false,"campfire_upgraded":8,"win_rate":0.0,"timestamp":1613160872,"path_taken":["M","?","M","M","M","E","R","M","T","?","$","M","R","M","R","BOSS","M","M","?","?","M","R","?","R","T","E","M","?","$","E","R","BOSS","M","$","?","?","?","E","R","E","T","$","M","M","$","M","R","BOSS","R","$","E","BOSS"],"items_purchased_type":["Card","Card","Card","Card","Card"],"build_version":"2020-12-22","purchased_purges":7,"victory":true,"max_hp_per_floor":[75,75,75,75,75,75,75,75,75,75,75,75,75,75,75,75,75,75,75,75,75,75,75,75,75,75,75,75,75,75,75,75,75,75,75,75,75,75,75,75,75,75,75,75,75,75,75,75,75,75,75,75,75,75,75],"relic_stats":{"Gremlin Horn":[13,27],"counters":[28,117],"Astrolabe":["Cleave","Inflame","Flame Barrier"],"Eternal Feather":29,"StoneCalendar":[52],"Smiling Mask":700,"MawBank":120,"Burning Blood":156,"Mercury Hourglass":[33],"Bronze Scales":[231],"MealTicket":25,"obtain_stats":[{"Gremlin Horn":6,"Astrolabe":34,"Eternal Feather":26,"StoneCalendar":38,"Smiling Mask":9,"MawBank":20,"Burning Blood":0,"Mercury Hourglass":54,"Runic Dome":17,"Bronze Scales":40,"MealTicket":31,"Bag of Marbles":27,"Red Mask":29,"InkBottle":42},{"Gremlin Horn":5,"Astrolabe":18,"Eternal Feather":13,"StoneCalendar":20,"Smiling Mask":6,"MawBank":11,"Burning Blood":0,"Mercury Hourglass":27,"Runic Dome":9,"Bronze Scales":21,"MealTicket":17,"Bag of Marbles":14,"Red Mask":16,"InkBottle":22},{"Gremlin Horn":18,"Astrolabe":66,"Eternal Feather":48,"StoneCalendar":74,"Smiling Mask":21,"MawBank":40,"Burning Blood":0,"Mercury Hourglass":106,"Runic Dome":34,"Bronze Scales":80,"MealTicket":61,"Bag of Marbles":50,"Red Mask":57,"InkBottle":85}],"InkBottle":[6]},"card_choices":[{"not_picked":["Clothesline","Sentinel"],"picked":"Sword Boomerang","floor":1.0},{"not_picked":["Sentinel","Perfected Strike"],"picked":"Cleave","floor":3.0},{"not_picked":["Power Through","Pommel Strike"],"picked":"Flex","floor":4.0},{"not_picked":["Power Through","Wild Strike"],"picked":"Impervious","floor":5.0},{"not_picked":["Rupture","Dropkick","Sword Boomerang"],"picked":"SKIP","floor":6.0},{"not_picked":["Clothesline","Sword Boomerang","Rage"],"picked":"SKIP","floor":8.0},{"not_picked":["Infernal Blade","Inflame"],"picked":"Shrug It Off","floor":12.0},{"not_picked":["Dark Embrace","Immolate"],"picked":"Body Slam","floor":14.0},{"not_picked":["Fiend Fire","Double Tap"],"picked":"Barricade","floor":16.0},{"not_picked":["Headbutt+1","Hemokinesis"],"picked":"Body Slam","floor":18.0},{"not_picked":["Headbutt","Warcry"],"picked":"Battle Trance","floor":19.0},{"not_picked":["Hemokinesis","Flex"],"picked":"Entrench","floor":22.0},{"not_picked":["Carnage","Hemokinesis","Berserk"],"picked":"SKIP","floor":24.0},{"not_picked":["Clothesline","Thunderclap"],"picked":"Battle Trance","floor":27.0},{"not_picked":["Bloodletting","Infernal Blade","Havoc+1"],"picked":"SKIP","floor":28.0},{"not_picked":["Evolve","Warcry"],"picked":"Pommel Strike","floor":29.0},{"not_picked":["Thunderclap","Body Slam"],"picked":"Entrench","floor":31.0},{"not_picked":["Body Slam+1","Cleave+1","Flex"],"picked":"SKIP","floor":35.0},{"not_picked":["Apotheosis","Metamorphosis"],"picked":"Flash of Steel","floor":37},{"not_picked":["Purity","Mayhem"],"picked":"Panache","floor":37},{"not_picked":["Thunderclap","Sword Boomerang","Headbutt"],"picked":"SKIP","floor":40},{"not_picked":["Perfected Strike+1","Heavy Blade","Wild Strike"],"picked":"SKIP","floor":42},{"not_picked":["Twin Strike","Clothesline+1"],"picked":"Shrug It Off","floor":45},{"not_picked":["Flex","Bloodletting","Shockwave"],"picked":"SKIP","floor":46},{"not_picked":["Reckless Charge+1","Reaper","Ghostly Armor"],"picked":"SKIP","floor":48},{"not_picked":["Twin Strike+1","Reaper","Headbutt"],"picked":"SKIP","floor":54}],"player_experience":520840,"relics_obtained":[{"floor":6.0,"key":"Gremlin Horn"},{"floor":9.0,"key":"Smiling Mask"},{"floor":26.0,"key":"Eternal Feather"},{"floor":27.0,"key":"Bag of Marbles"},{"floor":29.0,"key":"Red Mask"},{"floor":31.0,"key":"MealTicket"},{"floor":38,"key":"StoneCalendar"},{"floor":40,"key":"Bronze Scales"},{"floor":42,"key":"InkBottle"},{"floor":54,"key":"Mercury Hourglass"}],"event_choices":[{"cards_removed":["Defend_R"],"damage_healed":0.0,"max_hp_gain":0.0,"max_hp_loss":0.0,"gold_gain":0.0,"event_name":"The Cleric","player_choice":"Card Removal","floor":2.0,"gold_loss":75.0,"damage_taken":0.0},{"damage_healed":0.0,"max_hp_gain":0.0,"max_hp_loss":0.0,"gold_gain":0.0,"event_name":"Shining Light","player_choice":"Entered Light","floor":10.0,"gold_loss":0.0,"damage_taken":23.0,"cards_upgraded":["Impervious","Defend_R"]},{"damage_healed":0.0,"max_hp_gain":0.0,"max_hp_loss":0.0,"gold_gain":0.0,"event_name":"Addict","player_choice":"Obtained Relic","floor":20.0,"gold_loss":85.0,"damage_taken":0.0,"relics_obtained":["MawBank"]},{"damage_healed":0.0,"max_hp_gain":0.0,"max_hp_loss":0.0,"gold_gain":0.0,"event_name":"Match and Keep!","player_choice":"0 cards matched","floor":21.0,"gold_loss":0.0,"damage_taken":0.0,"cards_obtained":[]},{"damage_healed":0.0,"max_hp_gain":0.0,"max_hp_loss":0.0,"gold_gain":0.0,"event_name":"Masked Bandits","player_choice":"Fought Bandits","floor":29.0,"gold_loss":0.0,"damage_taken":0.0},{"damage_healed":0,"gold_gain":0,"player_choice":"Memory 3","damage_taken":10,"max_hp_gain":0,"max_hp_loss":0,"event_name":"SensoryStone","floor":37,"gold_loss":0},{"damage_healed":0,"gold_gain":0,"player_choice":"Fight","damage_taken":0,"max_hp_gain":0,"max_hp_loss":0,"event_name":"Mysterious Sphere","floor":38,"gold_loss":0}],"is_beta":false,"boss_relics":[{"not_picked":["SlaversCollar","Black Blood"],"picked":"Runic Dome"},{"not_picked":["Runic Pyramid","Empty Cage"],"picked":"Astrolabe"}],"items_purged_floors":[11,30,36,39,44,47,53],"is_endless":false,"potions_floor_spawned":[3,4,8,12,22,33,42,48],"ascension_level":16}}