{"host":"5aybe1nma5c8fep7","time":1613118068,"event":{"mods":["BaseMod","Conspire","Downfall","Friendly Minions","Minty Spire (QoL Compilation)","Replay The Spire","SacredBarkPlus","StSLib"],"gold_per_floor":[199,215,234,63,122,122,122,134,150,164,239,251,251,282,297,297,297,297],"floor_reached":16,"language":"ENG","playtime":1053,"items_purged":[],"score":104,"play_id":"ac296c8e-5476-4691-b9b7-eeca943c4213","local_time":"20210212002108","is_ascension_mode":false,"campfire_choices":[{"data":"Guardian:TwinSlam","floor":1,"key":"SMITH"},{"floor":6,"key":"REST"}],"circlet_count":0,"master_deck":["Guardian:Strike_Guardian","Guardian:Strike_Guardian","Guardian:Strike_Guardian","Guardian:Strike_Guardian","Guardian:Defend_Guardian","Guardian:Defend_Guardian","Guardian:Defend_Guardian","Guardian:CurlUp","Guardian:TwinSlam+1","Guardian:SentryBeam","Guardian:Gem_Green","Guardian:ShieldCharger","Guardian:TimeBomb+1","Guardian:GuardianWhirl","Guardian:EvasiveProtocol"],"relics":["Guardian:ModeShifter","Bag of Preparation","Singing Bowl","Gremlin Horn","Question Card","Potion Belt"],"acts_visited":["Exordium"],"potions_floor_usage":[4,14,16,16],"damage_taken":[{"damage":6,"enemies":"Jaw Worm","floor":2,"turns":4},{"damage":1,"enemies":"2 Louse","floor":3,"turns":2},{"damage":5,"enemies":"downfall:FleeingMerchant","floor":4,"turns":4},{"damage":0,"enemies":"Cultist","floor":8,"turns":3},{"damage":12,"enemies":"Exordium Thugs","floor":9,"turns":6},{"damage":0,"enemies":"2 Fungi Beasts","floor":10,"turns":4},{"damage":0,"enemies":"3 Louse","floor":12,"turns":3},{"damage":15,"enemies":"Gremlin Nob","floor":14,"turns":4},{"damage":13,"enemies":"Gremlin Gang","floor":15,"turns":5},{"damage":47,"enemies":"WA_ARCHETYPE_RETAIN","floor":16,"turns":10}],"seed_played":"-6764258283169199653","potions_obtained":[{"floor":3,"key":"SkillPotion"},{"floor":5,"key":"bronze:BurnAndBuffPotion"},{"floor":10,"key":"Fruit Juice"},{"floor":14,"key":"DuplicationPotion"}],"is_trial":false,"path_per_floor":["R","M","M","$","?","R","T","M","M","M","T","M","?","E","M","B"],"character_chosen":"GUARDIAN","items_purchased":["Bag of Preparation"],"campfire_rested":1,"item_purchase_floors":[4],"current_hp_per_floor":[80,74,73,68,38,62,62,62,52,54,54,54,54,39,26,0,0,0],"gold":297,"neow_bonus":"HUNDRED_GOLD","is_daily":false,"chose_seed":false,"campfire_upgraded":1,"win_rate":0.0,"timestamp":1613118068,"path_taken":["R","M","M","$","?","R","T","?","M","M","?","M","?","E","M","BOSS"],"items_purchased_type":["Relic"],"build_version":"2020-12-22","purchased_purges":0,"victory":false,"max_hp_per_floor":[80,80,80,80,82,82,82,82,84,86,86,86,86,86,86,91,91,91],"card_choices":[{"not_picked":["Guardian:Suspension","Guardian:RefractedBeam"],"picked":"Guardian:Gem_Red","floor":2},{"not_picked":["Guardian:WalkerClaw","Guardian:BronzeArmor"],"picked":"Guardian:SentryBeam","floor":3},{"not_picked":["Guardian:PrimingBeam","Guardian:Repulse"],"picked":"Guardian:Gem_Lightblue","floor":4},{"not_picked":["Guardian:PrismaticBarrier","Guardian:Preprogram","Guardian:CrystalBeam"],"picked":"Singing Bowl","floor":5},{"not_picked":["Guardian:PiercingHide","Guardian:Gem_Lightblue"],"picked":"Guardian:Gem_Green","floor":8},{"not_picked":["Guardian:PrimingBeam","Guardian:RefractedBeam","Guardian:Recover"],"picked":"Singing Bowl","floor":9},{"not_picked":["Guardian:SpikerProtocol","Guardian:PolyBeam","Guardian:Suspension"],"picked":"Singing Bowl","floor":10},{"not_picked":["Guardian:Suspension","Guardian:Gem_Lightblue","Guardian:TimeBomb"],"picked":"Guardian:ShieldCharger","floor":12},{"not_picked":["Guardian:MultiBeam","Guardian:Harden","Guardian:Gem_Cyan"],"picked":"Guardian:GuardianWhirl","floor":14},{"not_picked":["Guardian:SentryBeam","Guardian:Gem_Lightblue","Guardian:Orbwalk"],"picked":"Guardian:EvasiveProtocol","floor":15}],"player_experience":448090,"relics_obtained":[{"floor":5,"key":"Singing Bowl"},{"floor":7,"key":"Gremlin Horn"},{"floor":11,"key":"Question Card"},{"floor":14,"key":"Potion Belt"}],"event_choices":[],"is_beta":false,"boss_relics":[],"items_purged_floors":[],"is_endless":false,"potions_floor_spawned":[3,10,14],"killed_by":"WA_ARCHETYPE_RETAIN","ascension_level":0}}