{"host":"88sw61cmk1203zgj","time":1613172875,"event":{"mods":["BaseMod","Minty Spire (QoL Compilation)"],"gold_per_floor":[113,113,123,143,157,157,157,191,191,191,69,169,169,185,185,260,260,278,278,288,388,403,403,175,175,175,190,190,203,85,85,85,159,159,169,25,25,41,59,59,84,84,152,184,70,86,118,143,143,143,143,143,24,57,57],"floor_reached":56,"language":"ENG","playtime":3942,"items_purged":["Flechettes"],"score":1897,"play_id":"6489faa0-c530-40a2-93aa-dafdfb3ba7ce","local_time":"20210212183435","is_ascension_mode":true,"campfire_choices":[{"data":"Envenom","floor":6.0,"key":"SMITH"},{"data":"Blade Dance","floor":10.0,"key":"SMITH"},{"data":"Cloak And Dagger","floor":13.0,"key":"SMITH"},{"floor":15.0,"key":"REST"},{"data":"Wraith Form v2","floor":23.0,"key":"SMITH"},{"floor":25.0,"key":"REST"},{"data":"Phantasmal Killer","floor":28.0,"key":"SMITH"},{"data":"Terror","floor":32.0,"key":"SMITH"},{"data":"Burst","floor":40.0,"key":"SMITH"},{"data":"Dark Embrace","floor":42.0,"key":"SMITH"},{"floor":49.0,"key":"RECALL"},{"data":"Well Laid Plans","floor":52.0,"key":"SMITH"}],"circlet_count":0,"master_deck":["AscendersBane","Survivor","Neutralize+1","Wraith Form v2+1","Envenom+1","Infinite Blades","Die Die Die","Cloak And Dagger+1","Well Laid Plans+1","Terror+1","Doppelganger","Flying Knee","Blade Dance+1","Poisoned Stab","Quick Slash","PiercingWail","Burst+1","Phantasmal Killer+1","PiercingWail+1","Leg Sweep","PiercingWail+1","Dash+1","Dodge and Roll+1","Footwork","Malaise","Deflect+1","Hologram+1","Dark Embrace+1","Undo","Accuracy","Blade Dance+1","Shrug It Off","Noxious Fumes","Footwork"],"relics":["Pandora\u0027s Box","Art of War","Blue Candle","Bag of Preparation","WristBlade","Membership Card","Anchor","Chemical X","Sozu","Snake Skull","PrismaticShard","Blood Vial","Pear","Oddly Smooth Stone","DollysMirror","Singing Bowl","Turnip","Lee\u0027s Waffle","Whetstone"],"acts_visited":["Exordium","TheCity","TheBeyond","TheEnding"],"potions_floor_usage":[55],"damage_taken":[{"damage":11.0,"enemies":"Jaw Worm","floor":1.0,"turns":4.0},{"damage":1.0,"enemies":"Cultist","floor":3.0,"turns":4.0},{"damage":0.0,"enemies":"2 Louse","floor":4.0,"turns":2.0},{"damage":19.0,"enemies":"Red Slaver","floor":5.0,"turns":3.0},{"damage":1.0,"enemies":"Lagavulin","floor":8.0,"turns":5.0},{"damage":0.0,"enemies":"3 Louse","floor":14.0,"turns":1.0},{"damage":14.0,"enemies":"Slime Boss","floor":16.0,"turns":9.0},{"damage":10.0,"enemies":"2 Thieves","floor":18.0,"turns":3.0},{"damage":0.0,"enemies":"Spheric Guardian","floor":20.0,"turns":3.0},{"damage":21.0,"enemies":"Snake Plant","floor":22.0,"turns":6.0},{"damage":1.0,"enemies":"Cultist and Chosen","floor":27.0,"turns":5.0},{"damage":4.0,"enemies":"Centurion and Healer","floor":29.0,"turns":6.0},{"damage":12.0,"enemies":"Champ","floor":33.0,"turns":9.0},{"damage":20.0,"enemies":"3 Darklings","floor":35.0,"turns":5.0},{"damage":0.0,"enemies":"Orb Walker","floor":38.0,"turns":4.0},{"damage":2.0,"enemies":"Transient","floor":39.0,"turns":5.0},{"damage":0.0,"enemies":"Reptomancer","floor":41.0,"turns":6.0},{"damage":0.0,"enemies":"Nemesis","floor":44.0,"turns":5.0},{"damage":0.0,"enemies":"Jaw Worm Horde","floor":46.0,"turns":3.0},{"damage":0.0,"enemies":"Giant Head","floor":47.0,"turns":5.0},{"damage":1.0,"enemies":"Mind Bloom Boss Battle","floor":48.0,"turns":5.0},{"damage":27.0,"enemies":"Donu and Deca","floor":50.0,"turns":7.0},{"damage":44,"enemies":"Shield and Spear","floor":54,"turns":9},{"damage":14,"enemies":"The Heart","floor":55,"turns":7}],"seed_played":"3633924126738113836","potions_obtained":[{"floor":3.0,"key":"Dexterity Potion"},{"floor":5.0,"key":"SpeedPotion"},{"floor":16.0,"key":"DuplicationPotion"},{"floor":20.0,"key":"LiquidMemories"}],"is_trial":false,"path_per_floor":["M","?","M","M","M","R","?","E","T","R","$","?","R","M","R","B",null,"M","?","M","?","M","R","$","R","T","M","R","M","$","?","R","B",null,"M","$","?","M","M","R","E","R","T","E","$","M","E","?","R","B",null,"R","$","E","B",null],"character_chosen":"THE_SILENT","items_purchased":["PiercingWail","Membership Card","Anchor","Footwork","Chemical X","Snake Skull","PrismaticShard","Accuracy","DollysMirror","Lee\u0027s Waffle","Noxious Fumes"],"campfire_rested":2,"item_purchase_floors":[11,24,24,30,30,36,36,45,45,53,53],"current_hp_per_floor":[52,52,51,51,32,32,20,19,19,19,19,19,19,19,40,26,59,49,49,49,49,28,28,28,49,49,48,48,44,44,67,67,55,66,46,46,70,70,68,68,68,68,78,80,80,80,82,83,83,57,77,77,91,47,35],"gold":57,"neow_bonus":"BOSS_RELIC","is_daily":false,"chose_seed":false,"campfire_upgraded":9,"win_rate":0.0,"timestamp":1613172875,"path_taken":["M","?","?","M","M","R","?","E","T","R","$","?","R","?","R","BOSS","M","?","M","?","?","R","$","R","T","M","R","M","?","?","R","BOSS","M","$","?","M","?","R","E","R","T","E","$","M","E","?","R","BOSS","R","$","E","BOSS"],"items_purchased_type":["Card","Relic","Relic","Card","Relic","Relic","Relic","Card","Relic","Relic","Card"],"build_version":"2020-12-22","purchased_purges":1,"victory":true,"max_hp_per_floor":[70,70,70,70,70,70,70,70,70,70,70,70,70,70,70,70,70,70,70,70,70,70,70,70,70,70,70,70,70,70,70,70,70,70,70,70,70,70,70,70,70,70,80,80,80,80,82,84,84,84,84,84,91,91,91],"card_choices":[{"not_picked":["Expertise","PiercingWail"],"picked":"Flying Knee","floor":1.0},{"not_picked":["Accuracy","Deflect"],"picked":"Blade Dance","floor":3.0},{"not_picked":["Prepared","Acrobatics","Choke"],"picked":"SKIP","floor":4.0},{"not_picked":["Deadly Poison","Setup"],"picked":"Poisoned Stab","floor":5.0},{"not_picked":["Bouncing Flask","Terror"],"picked":"Quick Slash","floor":8.0},{"not_picked":["Acrobatics","Dodge and Roll"],"picked":"Burst","floor":14.0},{"not_picked":["Unload","Venomology"],"picked":"Phantasmal Killer","floor":16.0},{"not_picked":["Acrobatics+1","Setup+1"],"picked":"PiercingWail+1","floor":18.0},{"not_picked":["Cloak And Dagger","Riddle With Holes"],"picked":"Leg Sweep","floor":20.0},{"not_picked":["All Out Attack","Dagger Spray"],"picked":"PiercingWail+1","floor":22.0},{"not_picked":["PiercingWail","Dodge and Roll"],"picked":"Dash","floor":27.0},{"not_picked":["Cloak And Dagger","Poisoned Stab"],"picked":"Dodge and Roll+1","floor":29.0},{"not_picked":["Unload","Adrenaline"],"picked":"Malaise","floor":33.0},{"not_picked":["Flying Knee","Outmaneuver"],"picked":"Deflect+1","floor":35.0},{"not_picked":["Reprogram","Flex"],"picked":"Hologram+1","floor":38.0},{"not_picked":["PanicButton","Expertise","EmptyBody"],"picked":"SKIP","floor":39.0},{"not_picked":["Pummel","Impervious"],"picked":"Dark Embrace","floor":41.0},{"not_picked":["Recycle+1","Barrage"],"picked":"Undo","floor":44.0},{"not_picked":["Footwork","Clothesline"],"picked":"Shrug It Off","floor":46.0},{"not_picked":["Gash","LikeWater","Riddle With Holes"],"picked":"Singing Bowl","floor":47.0},{"not_picked":["Chaos","Havoc","Go for the Eyes"],"picked":"Singing Bowl","floor":48.0},{"not_picked":["Clash","Perfected Strike"],"picked":"Footwork","floor":54}],"player_experience":1589325,"relics_obtained":[{"floor":8.0,"key":"Blue Candle"},{"floor":9.0,"key":"Bag of Preparation"},{"floor":41.0,"key":"Blood Vial"},{"floor":43.0,"key":"Pear"},{"floor":44.0,"key":"Oddly Smooth Stone"},{"floor":47.0,"key":"Singing Bowl"},{"floor":48.0,"key":"Turnip"},{"floor":54,"key":"Whetstone"}],"event_choices":[{"damage_healed":0.0,"max_hp_gain":0.0,"max_hp_loss":0.0,"gold_gain":0.0,"event_name":"Match and Keep!","player_choice":"0 cards matched","floor":2.0,"gold_loss":0.0,"damage_taken":0.0,"cards_obtained":[]},{"damage_healed":0.0,"max_hp_gain":0.0,"max_hp_loss":0.0,"gold_gain":0.0,"event_name":"Scrap Ooze","player_choice":"Success","floor":7.0,"gold_loss":0.0,"damage_taken":12.0,"relics_obtained":["Art of War"]},{"damage_healed":0.0,"max_hp_gain":0.0,"max_hp_loss":0.0,"gold_gain":100.0,"event_name":"Golden Shrine","player_choice":"Pray","floor":12.0,"gold_loss":0.0,"damage_taken":0.0},{"damage_healed":0.0,"max_hp_gain":0.0,"max_hp_loss":0.0,"gold_gain":0.0,"event_name":"Beggar","player_choice":"Ignored","floor":19.0,"gold_loss":0.0,"damage_taken":0.0},{"damage_healed":0.0,"max_hp_gain":0.0,"max_hp_loss":0.0,"gold_gain":100.0,"event_name":"Golden Shrine","player_choice":"Pray","floor":21.0,"gold_loss":0.0,"damage_taken":0.0},{"damage_healed":23.0,"max_hp_gain":0.0,"max_hp_loss":0.0,"gold_gain":0.0,"event_name":"The Library","player_choice":"Heal","floor":31.0,"gold_loss":0.0,"damage_taken":0.0},{"cards_removed":["Infinite Blades"],"damage_healed":24.0,"max_hp_gain":0.0,"max_hp_loss":0.0,"gold_gain":0.0,"event_name":"Bonfire Elementals","player_choice":"Offered Uncommon","floor":37.0,"gold_loss":0.0,"damage_taken":0.0},{"damage_healed":0.0,"max_hp_gain":0.0,"max_hp_loss":0.0,"gold_gain":0.0,"event_name":"MindBloom","player_choice":"Fight","floor":48.0,"gold_loss":0.0,"damage_taken":0.0}],"is_beta":false,"boss_relics":[{"not_picked":["Calling Bell","Philosopher\u0027s Stone"],"picked":"WristBlade"},{"not_picked":["HoveringKite","SlaversCollar"],"picked":"Sozu"}],"items_purged_floors":[11],"is_endless":false,"potions_floor_spawned":[3,5,16,20,22,27,38,44,46],"ascension_level":13}}