{"host":"ox3dgw2yjlxh2ggi","time":1613157132,"event":{"mods":["100% Spire Juice","AchievementEnabler","BaseMod","Better Third Choice","Downfall","GungeonMod","Hermit","Hubris","Infinite Spire","Jorbs\u0027s Wanderer Trilogy","Lobotomy","LobotomyExtend","Marisa????????","Minty Spire (QoL Compilation)","Relic Stats","Reliquary","Replay The Spire","Robot Space Explorer","StSLib","SuperFastMode","The Animator","The Blue Laboratory","The Cursed","The Hierophant","The Marked","The Saiyan","Waifu the Spire","WarShipGirlsR/????R mod"],"gold_per_floor":[111,111,124,75,75,75,75],"floor_reached":6,"language":"ENG","playtime":468,"items_purged":[],"score":34,"play_id":"a8daad8f-9547-4b95-88cf-b70865c9ea6b","local_time":"20210212201212","is_ascension_mode":false,"campfire_choices":[],"circlet_count":0,"master_deck":["Strike_P","Strike_P","Strike_P","Defend_P","Defend_P","Defend_P","Defend_P","Eruption","Vigilance","CherryBlossoms","EmptyBody","Replay:DivineShield+1","Scarecrow","FollowUp","ClearTheMind","Regret"],"relics":["PureWater","CogitoBucket","LetterFromLob","DemoMod:JetPack"],"acts_visited":["Exordium"],"potions_floor_usage":[],"damage_taken":[{"damage":0,"enemies":"Cultist","floor":1,"turns":5},{"damage":15,"enemies":"Small Slimes","floor":3,"turns":5},{"damage":61,"enemies":"3 Sentries","floor":6,"turns":8}],"seed_played":"4159084399026138898","potions_obtained":[{"floor":1,"key":"sneckomod:MuddlingPotion"}],"is_trial":false,"path_per_floor":["M","?","M","$","?","E"],"character_chosen":"WATCHER","items_purchased":["ClearTheMind"],"campfire_rested":0,"item_purchase_floors":[4],"current_hp_per_floor":[72,72,57,57,57,0,0],"gold":75,"neow_bonus":"","is_daily":false,"chose_seed":false,"campfire_upgraded":0,"win_rate":0.0,"timestamp":1613157132,"path_taken":["M","?","M","$","?","E"],"items_purchased_type":["Card"],"build_version":"2020-12-22","purchased_purges":0,"victory":false,"max_hp_per_floor":[72,72,72,72,72,72,72],"relic_stats":{"counters":[3,18],"obtain_stats":[{"CogitoBucket":0,"DemoMod:GlassGuonStoneRelic":1,"LetterFromLob":1,"PureWater":0,"DemoMod:JetPack":5},{"CogitoBucket":0,"DemoMod:GlassGuonStoneRelic":1,"LetterFromLob":1,"PureWater":0,"DemoMod:JetPack":2},{"CogitoBucket":0,"DemoMod:GlassGuonStoneRelic":5,"LetterFromLob":5,"PureWater":0,"DemoMod:JetPack":10}]},"card_choices":[{"not_picked":["ShyLook","Murderer"],"picked":"CherryBlossoms","floor":1},{"not_picked":["DeceiveReality","Evaluate"],"picked":"EmptyBody","floor":1},{"not_picked":["Variant","DreamingCurrent"],"picked":"Scarecrow","floor":3},{"not_picked":["SandsOfTime","Nirvana"],"picked":"FollowUp","floor":3}],"player_experience":149200,"relics_obtained":[{"floor":1,"key":"LetterFromLob"}],"event_choices":[{"damage_healed":0,"gold_gain":0,"player_choice":"Box","damage_taken":0,"relics_obtained":["DemoMod:JetPack"],"max_hp_gain":0,"max_hp_loss":0,"event_name":"Big Fish","floor":5,"gold_loss":0,"cards_obtained":["Regret"]}],"is_beta":false,"boss_relics":[],"items_purged_floors":[],"is_endless":false,"potions_floor_spawned":[1],"killed_by":"3 Sentries","ascension_level":0}}