{"host":"o0q01dgb4z8zpo6o","time":1613110245,"event":{"mods":["BaseMod","GifTheSpireLib","Minty Spire (QoL Compilation)","Relic Stats","StSLib"],"gold_per_floor":[110,125,125,137,62,96,96,122,122,122,154,170,95,129,129,129,129],"floor_reached":16,"language":"ENG","playtime":641,"items_purged":["Strike_G"],"score":256,"play_id":"450e857e-e3d2-4e50-9c23-e2bdf7986f10","local_time":"20210211221045","is_ascension_mode":true,"campfire_choices":[{"data":"Sucker Punch","floor":7,"key":"SMITH"},{"floor":10,"key":"REST"},{"data":"Poisoned Stab","floor":15,"key":"SMITH"}],"circlet_count":0,"master_deck":["AscendersBane","Strike_G","Strike_G","Defend_G","Defend_G","Defend_G","Defend_G","Defend_G","Survivor","Neutralize","Poisoned Stab+1","Sucker Punch+1","Outmaneuver","Dagger Throw","Flying Knee","Glass Knife+1","Dagger Throw+1","Terror"],"relics":["Ring of the Snake","NeowsBlessing","Ice Cream","Molten Egg 2","Mercury Hourglass","StrikeDummy","White Beast Statue"],"acts_visited":["Exordium"],"potions_floor_usage":[6,8,16,16],"damage_taken":[{"damage":0.0,"enemies":"Small Slimes","floor":1.0,"turns":1.0},{"damage":0.0,"enemies":"Cultist","floor":2.0,"turns":1.0},{"damage":0.0,"enemies":"Jaw Worm","floor":4.0,"turns":1.0},{"damage":16,"enemies":"3 Sentries","floor":6,"turns":10},{"damage":17,"enemies":"Gremlin Nob","floor":8,"turns":4},{"damage":10,"enemies":"3 Sentries","floor":11,"turns":5},{"damage":4,"enemies":"2 Fungi Beasts","floor":12,"turns":2},{"damage":7,"enemies":"Lagavulin","floor":14,"turns":5},{"damage":25,"enemies":"The Guardian","floor":16,"turns":5}],"seed_played":"-2183799544275218406","potions_obtained":[{"floor":2.0,"key":"CunningPotion"},{"floor":4.0,"key":"BlessingOfTheForge"},{"floor":12,"key":"PowerPotion"},{"floor":14,"key":"ColorlessPotion"}],"is_trial":false,"path_per_floor":["M","M","?","M","$","E","R","E","T","R","E","M","?","E","R","B"],"character_chosen":"THE_SILENT","items_purchased":[],"campfire_rested":1,"item_purchase_floors":[],"current_hp_per_floor":[59,59,59,59,59,43,43,26,26,45,35,31,31,24,24,0,0],"gold":129,"neow_bonus":"THREE_ENEMY_KILL","is_daily":false,"chose_seed":false,"campfire_upgraded":2,"win_rate":0.0,"timestamp":1613110245,"path_taken":["M","M","?","?","$","E","R","E","T","R","E","M","?","E","R","BOSS"],"items_purchased_type":[],"build_version":"2020-12-22","purchased_purges":1,"victory":false,"max_hp_per_floor":[66,66,66,66,66,66,66,66,66,66,66,66,66,66,66,66,66],"relic_stats":{"counters":[9,34],"obtain_stats":[{"Ice Cream":6,"NeowsBlessing":0,"Molten Egg 2":8,"StrikeDummy":11,"White Beast Statue":14,"Ring of the Snake":0,"Mercury Hourglass":9},{"Ice Cream":4,"NeowsBlessing":0,"Molten Egg 2":5,"StrikeDummy":6,"White Beast Statue":8,"Ring of the Snake":0,"Mercury Hourglass":5},{"Ice Cream":13,"NeowsBlessing":0,"Molten Egg 2":17,"StrikeDummy":22,"White Beast Statue":29,"Ring of the Snake":0,"Mercury Hourglass":17}],"Ring of the Snake":[18],"Mercury Hourglass":[66]},"card_choices":[{"not_picked":["Cloak And Dagger","Setup"],"picked":"Poisoned Stab","floor":1.0},{"not_picked":["Accuracy","Expertise"],"picked":"Sucker Punch","floor":2.0},{"not_picked":["Choke","Outmaneuver"],"picked":"Dagger Throw","floor":4.0},{"not_picked":["Predator","Endless Agony"],"picked":"Flying Knee","floor":6},{"not_picked":["Calculated Gamble","Acrobatics"],"picked":"Glass Knife+1","floor":8},{"not_picked":["Choke+1","Flying Knee+1"],"picked":"Dagger Throw+1","floor":11},{"not_picked":["All Out Attack+1","Bane+1","Deflect"],"picked":"SKIP","floor":12},{"not_picked":["Slice+1","Blade Dance"],"picked":"Terror","floor":14}],"player_experience":1225516,"relics_obtained":[{"floor":6,"key":"Ice Cream"},{"floor":8,"key":"Molten Egg 2"},{"floor":9,"key":"Mercury Hourglass"},{"floor":11,"key":"StrikeDummy"},{"floor":14,"key":"White Beast Statue"}],"event_choices":[{"damage_healed":0.0,"max_hp_gain":0.0,"max_hp_loss":0.0,"gold_gain":0.0,"cards_transformed":["Strike_G"],"event_name":"Transmorgrifier","player_choice":"Transformed","floor":3.0,"gold_loss":0.0,"damage_taken":0.0,"cards_obtained":["Outmaneuver"]},{"cards_removed":["Strike_G"],"damage_healed":0,"gold_gain":0,"player_choice":"Card Removal","damage_taken":0,"max_hp_gain":0,"max_hp_loss":0,"event_name":"The Cleric","floor":13,"gold_loss":75}],"is_beta":false,"boss_relics":[],"items_purged_floors":[5],"is_endless":false,"potions_floor_spawned":[2,4,12,14],"killed_by":"The Guardian","ascension_level":20}}