{"host":"y087t2reloz9bi43","time":1613133428,"event":{"mods":["2.2 Compatiblity","AchievementEnabler","Aspiration","BaseMod","Beaked The Cultist","Bestiary","Better Note","Better Vampires","BetterRewards","ChefMod","Clockwork Mod","Colored Map","Colored Powertips","Conspire","Downfall","Ekko","Fireblade Mod","Friendly Minions","GifTheSpireLib","Gold Saver","Gremlin Mod","Halation","Hermit","Hubris","Infinite Spire","Jedi Mod","JesterMod","Jorbs\u0027s Wanderer Trilogy","Mad Scientist","Marisa????????","Mimic Mod","Minty Spire (QoL Compilation)","Permanent Neow","Potionbrewer","Rare Cards Sparkle","Relic Stats","Reliquary","Replay The Spire","Robot Space Explorer","Shade Mod","Shop Mod","StSLib","The Alterego","The Blackbeard","The Bug Knight","The Construct","The Cursed","The Disciple","The Exalted","The Hierophant","The Marked","The Mystic","The Necromancer","The Runesmith","The Senshi","The Servant 0.9.4","TheBandit","TheFirefly","TheHero","TheVacant","Transform Curses","Uncapped","everything is the same but u backflip on backflip","thorton"],"gold_per_floor":[968,982,1017,1033,1052,1077,1077,1091,667,701,720,720,720,732,732,732,732],"floor_reached":15,"language":"ENG","playtime":1163,"items_purged":["sneckomod:Strike"],"score":107,"play_id":"348e289c-d2e5-410c-aa76-4586e44aa33a","local_time":"20210212123708","is_ascension_mode":false,"campfire_choices":[{"data":"Dramatic Entrance","floor":1,"key":"SMITH"}],"circlet_count":0,"master_deck":["sneckomod:Strike","sneckomod:Strike","sneckomod:Defend","sneckomod:Defend","sneckomod:Defend","sneckomod:TailWhip","sneckomod:SnekBite","sneckomod:Unknown","sneckomod:Unknown","Dramatic Entrance+1","sneckomod:UnknownStrike","sneckomod:UnknownStrike","sneckomod:DiceBlock","sneckomod:UnknownUncommonPower","sneckomod:UnknownDraw","sneckomod:CheapStock","sneckomod:UnknownRarePower","sneckomod:SnekBeam+1","sneckomod:SnekBeam+1","sneckomod:UnknownDraw","Mind Blast","sneckomod:UnknownBlock","sneckomod:Unknown1Cost","sneckomod:UnknownCommonSkill"],"relics":["sneckomod:SneckoSoul","reliquary:Firecrackers","Boot","Question Card","DollysMirror","conspire:BottledYoYo"],"acts_visited":["Exordium"],"potions_floor_usage":[3,11],"damage_taken":[{"damage":0,"enemies":"Small Slimes","floor":2,"turns":2},{"damage":28,"enemies":"conspire:MimicChest","floor":3,"turns":5},{"damage":5,"enemies":"Jaw Worm","floor":4,"turns":3},{"damage":0,"enemies":"2 Louse","floor":5,"turns":1},{"damage":6,"enemies":"Gremlin Nob","floor":6,"turns":4},{"damage":4,"enemies":"2 Fungi Beasts","floor":8,"turns":2},{"damage":10,"enemies":"downfall:FleeingMerchant","floor":9,"turns":4},{"damage":8,"enemies":"3 Sentries","floor":10,"turns":4},{"damage":12,"enemies":"Exordium Thugs","floor":11,"turns":4},{"damage":0,"enemies":"Lots of Slimes","floor":14,"turns":1},{"damage":18,"enemies":"Lagavulin","floor":15,"turns":2}],"seed_played":"-5693735600740277663","potions_obtained":[{"floor":2,"key":"potionbrewer:ToxicPotion"},{"floor":10,"key":"jedi:tentaclejuice"},{"floor":11,"key":"potionbrewer:NoxiousPotion"},{"floor":14,"key":"potionbrewer:DiscountPotion"}],"is_trial":false,"path_per_floor":["R","M","?","M","M","E","T","M","$","E","M","PTL","PTL","M","E"],"character_chosen":"THE_SNECKO","items_purchased":["sneckomod:SnekBeam+1","DollysMirror","sneckomod:UnknownDraw","Mind Blast"],"campfire_rested":0,"item_purchase_floors":[9,9,9,9],"current_hp_per_floor":[90,90,62,57,57,51,51,47,37,29,17,17,17,17,0,0,0],"gold":732,"neow_bonus":"RANDOM_COLORLESS","is_daily":false,"chose_seed":false,"campfire_upgraded":1,"win_rate":0.0,"timestamp":1613133428,"path_taken":["R","M","?","M","M","E","T","M","?","E","M","PTL","PTL","M","E"],"items_purchased_type":["Card","Relic","Card","Card"],"build_version":"2020-12-22","purchased_purges":1,"victory":false,"max_hp_per_floor":[90,90,90,90,90,87,87,87,87,87,87,87,87,87,87,87,87],"relic_stats":{"counters":[11,32],"Boot":[1],"Question Card":5,"obtain_stats":[{"DollysMirror":9,"reliquary:Firecrackers":3,"conspire:BottledYoYo":10,"sneckomod:SneckoSoul":0,"Boot":6,"Question Card":7},{"DollysMirror":7,"reliquary:Firecrackers":2,"conspire:BottledYoYo":8,"sneckomod:SneckoSoul":0,"Boot":5,"Question Card":5},{"DollysMirror":21,"reliquary:Firecrackers":7,"conspire:BottledYoYo":25,"sneckomod:SneckoSoul":0,"Boot":15,"Question Card":15}]},"card_choices":[{"not_picked":["Finesse","hubris:Ssssneak"],"picked":"Dramatic Entrance","floor":0},{"not_picked":["sneckomod:UnknownCommonAttack","sneckomod:UnknownCommonSkill"],"picked":"sneckomod:UnknownStrike","floor":2},{"not_picked":["sneckomod:DiceCrush","sneckomod:Nope"],"picked":"sneckomod:UnknownStrike","floor":3},{"not_picked":["sneckomod:Unknown1Cost","sneckomod:UnknownExhaust"],"picked":"sneckomod:DiceBlock","floor":4},{"not_picked":["sneckomod:ImprovisedGuard","sneckomod:DefensiveFlair"],"picked":"sneckomod:UnknownUncommonPower","floor":5},{"not_picked":["sneckomod:ImprovisedGuard","sneckomod:SoulCleanse"],"picked":"sneckomod:UnknownDraw","floor":6},{"not_picked":["sneckomod:SoulCleanse","sneckomod:UnknownCommonSkill","sneckomod:SoulDraw"],"picked":"sneckomod:CheapStock","floor":8},{"not_picked":["sneckomod:DiceBoulder","sneckomod:QuickMove","sneckomod:UnendingSupply"],"picked":"sneckomod:UnknownRarePower","floor":9},{"not_picked":["sneckomod:TrashToTreasure","sneckomod:UnknownUncommonSkill","sneckomod:UnknownDraw"],"picked":"sneckomod:UnknownBlock","floor":10},{"not_picked":["sneckomod:IronFang","sneckomod:SerpentMind","sneckomod:Nope"],"picked":"sneckomod:Unknown1Cost","floor":11},{"not_picked":["sneckomod:SlitherStrike","sneckomod:SnakeSap","sneckomod:RainOfDice"],"picked":"sneckomod:UnknownCommonSkill","floor":14}],"player_experience":479410,"relics_obtained":[{"floor":3,"key":"reliquary:Firecrackers"},{"floor":6,"key":"Boot"},{"floor":7,"key":"Question Card"},{"floor":10,"key":"conspire:BottledYoYo"}],"event_choices":[],"is_beta":false,"boss_relics":[],"items_purged_floors":[9],"is_endless":false,"potions_floor_spawned":[2,10,11,14],"killed_by":"Lagavulin","ascension_level":0}}