{"host":"ix07nhfx4o3nf6kx","time":1613132167,"event":{"mods":["BaseMod","Hermit","Minty Spire (QoL Compilation)","StSLib","The Bug Knight","The Cursed","The Dragon Tamer","The Hierophant","The Jungle","The Runesmith"],"gold_per_floor":[104,179,179,197,372,372,393,417,469,317,283,283,283,292,292,274,274],"floor_reached":16,"language":"KOR","playtime":582,"items_purged":[],"score":90,"play_id":"9844c790-bfa7-4590-9e30-96f7ff7a5e99","local_time":"20210212211607","is_ascension_mode":false,"campfire_choices":[{"data":"hierophant:ConvertCurrency","floor":6,"key":"SMITH"},{"data":"hierophant:RepressedViolence","floor":15,"key":"SMITH"}],"circlet_count":0,"master_deck":["hierophant:Strike_Hierophant","hierophant:Strike_Hierophant","hierophant:Strike_Hierophant","hierophant:Strike_Hierophant","hierophant:Punish","hierophant:Defend_Hierophant","hierophant:Defend_Hierophant","hierophant:Defend_Hierophant","hierophant:Defend_Hierophant","hierophant:ChurchCoffers+1","hierophant:FaithHealing","hierophant:Doubloon","hierophant:ConvertCurrency+1","hierophant:RepressedViolence+1","Injury","hierophant:AuricShield"],"relics":["hierophant:PropheticMaskRelic","Orichalcum","Juzu Bracelet","PreservedInsect","Golden Idol"],"acts_visited":["Exordium"],"potions_floor_usage":[11,16],"damage_taken":[{"damage":1,"enemies":"Jaw Worm","floor":1,"turns":5},{"damage":1,"enemies":"2 Louse","floor":4,"turns":2},{"damage":0,"enemies":"Small Slimes","floor":7,"turns":2},{"damage":11,"enemies":"Exordium Thugs","floor":11,"turns":5},{"damage":6,"enemies":"Blue Slaver","floor":14,"turns":5},{"damage":52,"enemies":"Slime Boss","floor":16,"turns":9}],"seed_played":"197351578739705276","potions_obtained":[{"floor":1,"key":"SteroidPotion"},{"floor":4,"key":"SpeedPotion"}],"is_trial":false,"path_per_floor":["M","?","?","M","?","R","M","T","T","$","M","?","?","M","R","B"],"character_chosen":"HIEROPHANT","items_purchased":["PreservedInsect"],"campfire_rested":0,"item_purchase_floors":[10],"current_hp_per_floor":[81,70,70,69,69,69,69,69,69,69,58,51,51,45,45,0,0],"gold":274,"neow_bonus":"TEN_PERCENT_HP_BONUS","is_daily":false,"chose_seed":false,"campfire_upgraded":2,"win_rate":0.0,"timestamp":1613132167,"path_taken":["M","?","?","M","?","R","M","?","T","$","M","?","?","M","R","BOSS"],"items_purchased_type":["Relic"],"build_version":"2020-12-22","purchased_purges":0,"victory":false,"max_hp_per_floor":[82,82,82,82,82,82,82,82,82,82,82,82,82,82,82,82,82],"card_choices":[{"not_picked":["hierophant:Zeal","hierophant:MirrorShield"],"picked":"hierophant:FaithHealing","floor":1},{"not_picked":["hierophant:TollTheBells","hierophant:Sermon"],"picked":"hierophant:ConvertCurrency","floor":4},{"not_picked":["hierophant:Shelter","hierophant:FieryStrike"],"picked":"hierophant:RepressedViolence","floor":7},{"not_picked":["hierophant:MirrorShield","hierophant:Doubloon","hierophant:OrnateBuckler"],"picked":"SKIP","floor":11},{"not_picked":["hierophant:Purify","hierophant:Encroach"],"picked":"hierophant:AuricShield","floor":14}],"player_experience":259410,"relics_obtained":[{"floor":8,"key":"Orichalcum"},{"floor":9,"key":"Juzu Bracelet"}],"event_choices":[{"damage_healed":0,"gold_gain":75,"player_choice":"Gather Gold","damage_taken":11,"max_hp_gain":0,"max_hp_loss":0,"event_name":"World of Goop","floor":2,"gold_loss":0},{"damage_healed":0,"gold_gain":0,"player_choice":"Grow","damage_taken":0,"max_hp_gain":0,"max_hp_loss":0,"event_name":"Living Wall","floor":3,"gold_loss":0,"cards_upgraded":["hierophant:ChurchCoffers"]},{"damage_healed":0,"gold_gain":175,"player_choice":"AGREE","damage_taken":0,"max_hp_gain":0,"max_hp_loss":0,"event_name":"Liars Game","floor":5,"gold_loss":0,"cards_obtained":["Doubt"]},{"cards_removed":["Doubt"],"damage_healed":0,"gold_gain":0,"player_choice":"Card Removal","damage_taken":7,"max_hp_gain":0,"max_hp_loss":0,"event_name":"Golden Wing","floor":12,"gold_loss":0},{"damage_healed":0,"gold_gain":0,"player_choice":"Take Wound","damage_taken":0,"relics_obtained":["Golden Idol"],"max_hp_gain":0,"max_hp_loss":0,"event_name":"Golden Idol","floor":13,"gold_loss":0,"cards_obtained":["Injury"]}],"is_beta":false,"boss_relics":[],"items_purged_floors":[],"is_endless":false,"potions_floor_spawned":[1,4],"killed_by":"Slime Boss","ascension_level":0}}