{"host":"0z6rphzwk0r7ki52","time":1613172394,"event":{"mods":["BaseMod","DeckTracker","Downfall","Minty Spire (QoL Compilation)","Rare Cards Sparkle","StSLib","Waifu the Spire"],"gold_per_floor":[99,109,409,424,599,613,613,613,643,643,657,229,229,249,264,264,264,264],"floor_reached":16,"language":"ENG","playtime":923,"items_purged":["downfall:Malfunctioning"],"score":107,"play_id":"20701ffa-86f7-4dd9-a029-976698d0eba0","local_time":"20210212182634","is_ascension_mode":true,"campfire_choices":[{"data":"Slimebound:Split","floor":1,"key":"SMITH"},{"data":"Slimebound:SplitAcid","floor":8,"key":"SMITH"}],"circlet_count":0,"master_deck":["Slimebound:Strike_Slimebound+1","Slimebound:Strike_Slimebound","Slimebound:Strike_Slimebound+1","Slimebound:Tackle","Slimebound:Defend_Slimebound","Slimebound:Defend_Slimebound","Slimebound:Defend_Slimebound","Slimebound:Defend_Slimebound","Slimebound:Split+1","Slimebound:CorrosiveSpit","Slimebound:SplitMire","Slimebound:SplitAcid+1","Doubt","Slimebound:MassFeed","Slimebound:SplitSpecialist","Slimebound:SplitLeeching","Slimebound:SlimeBarrage","Slimebound:OneTwoCombo","Slimebound:SplitAcid","Slimebound:Equalize","Slimebound:RainOfGoop"],"relics":["Slimebound:AbsorbEndCombat","Gambling Chip","Old Coin","Omamori","Bag of Marbles","Whetstone"],"acts_visited":["Exordium"],"potions_floor_usage":[16],"damage_taken":[{"damage":8,"enemies":"Small Slimes","floor":2,"turns":3},{"damage":12,"enemies":"2 Louse","floor":4,"turns":3},{"damage":15,"enemies":"Cultist","floor":6,"turns":4},{"damage":28,"enemies":"Lagavulin","floor":9,"turns":7},{"damage":15,"enemies":"Large Slime","floor":11,"turns":5},{"damage":0,"enemies":"downfall:FleeingMerchant","floor":12,"turns":4},{"damage":12,"enemies":"Exordium Wildlife","floor":14,"turns":3},{"damage":8,"enemies":"2 Fungi Beasts","floor":15,"turns":4},{"damage":27,"enemies":"IC_STATUS_ARCHETYPE","floor":16,"turns":4}],"seed_played":"-1779181199413565569","potions_obtained":[{"floor":4,"key":"Dexterity Potion"},{"floor":11,"key":"champ:CounterPotion"},{"floor":14,"key":"bronze:BurnAndBuffPotion"},{"floor":15,"key":"DuplicationPotion"}],"is_trial":false,"path_per_floor":["R","M","?","M","?","M","T","R","E","?","M","$","?","M","M","B"],"character_chosen":"SLIMEBOUND","items_purchased":["Slimebound:OneTwoCombo","Whetstone","Slimebound:SplitAcid"],"campfire_rested":0,"item_purchase_floors":[12,12,12],"current_hp_per_floor":[65,59,59,51,51,40,40,40,20,20,16,20,37,27,21,0,0,0],"gold":264,"neow_bonus":"ONE_RARE_RELIC","is_daily":false,"chose_seed":false,"campfire_upgraded":2,"win_rate":0.0,"timestamp":1613172394,"path_taken":["R","M","?","M","?","M","T","R","E","?","?","$","?","M","M","BOSS"],"items_purchased_type":["Card","Relic","Card"],"build_version":"2020-12-22","purchased_purges":1,"victory":false,"max_hp_per_floor":[65,65,65,65,65,65,65,65,65,65,68,68,68,68,68,68,68,68],"card_choices":[{"not_picked":["Slimebound:LeadByExample","Slimebound:RejuvenatingLick"],"picked":"Slimebound:SplitMire","floor":2},{"not_picked":["Slimebound:MegaLick","Slimebound:HauntingLick"],"picked":"Slimebound:SplitAcid","floor":4},{"not_picked":["Slimebound:ItLooksTasty","Slimebound:Prepare"],"picked":"Slimebound:MassFeed","floor":6},{"not_picked":["Slimebound:SplitMire","Slimebound:Schlurp"],"picked":"Slimebound:SplitSpecialist","floor":9},{"not_picked":["Slimebound:RollThrough","Slimebound:LivingWall"],"picked":"Slimebound:SplitLeeching","floor":11},{"not_picked":["Slimebound:Teamwork","Slimebound:FinishingTackle"],"picked":"Slimebound:SlimeBarrage","floor":12},{"not_picked":["Slimebound:TongueLash","Slimebound:SamplingLick"],"picked":"Slimebound:Equalize","floor":14},{"not_picked":["Slimebound:Schlurp","Slimebound:MegaLick"],"picked":"Slimebound:RainOfGoop","floor":15}],"player_experience":402940,"relics_obtained":[{"floor":7,"key":"Omamori"},{"floor":9,"key":"Bag of Marbles"}],"event_choices":[{"damage_healed":0,"gold_gain":0,"player_choice":"Box","damage_taken":0,"relics_obtained":["Old Coin"],"max_hp_gain":0,"max_hp_loss":0,"event_name":"Big Fish","floor":3,"gold_loss":0,"cards_obtained":["Regret"]},{"cards_removed":["Regret"],"damage_healed":0,"gold_gain":0,"player_choice":"Card Removal","damage_taken":0,"max_hp_gain":0,"max_hp_loss":0,"event_name":"Wheel of Change","floor":10,"gold_loss":0},{"damage_healed":17,"gold_gain":0,"player_choice":"Healed and dodged fight","damage_taken":0,"max_hp_gain":0,"max_hp_loss":0,"event_name":"Mushrooms","floor":13,"gold_loss":0,"cards_obtained":["Parasite"]}],"is_beta":false,"boss_relics":[],"items_purged_floors":[12],"is_endless":false,"potions_floor_spawned":[4,11,14,15],"killed_by":"IC_STATUS_ARCHETYPE","ascension_level":1}}