{"host":"sphpv8i47evyqkcv","time":1613111724,"event":{"mods":["AchievementEnabler","Act Like it!","Aspiration","BaseMod","Colored Powertips","Custom Start","Downfall","Minty Spire (QoL Compilation)","Quick Restart","Remove Card Discount Mod","Replay The Spire","Shop Mod","Spicy Shops","StSLib","Transform Curses"],"gold_per_floor":[115,115,132,151,161,194,194,213,213,288,288,288,317,37,37,154,154,185,206,71,71,71,71,106,125,152,193,40,63,103,138,138,249,249,272,272,305,305,46,76,113,113,181,215,248,248,285,330,330,376],"floor_reached":51,"language":"ZHS","playtime":1707,"items_purged":["Strike_R","Strike_R","Strike_R","Strike_R","Doubt"],"score":974,"play_id":"39bf3bd3-6bc8-46bd-a6cc-352eca215cfb","local_time":"20210212023524","is_ascension_mode":false,"campfire_choices":[{"data":"Armaments","floor":7.0,"key":"SMITH"},{"data":"Enlightenment","floor":12.0,"key":"SMITH"},{"floor":15.0,"key":"REST"},{"floor":23.0,"key":"REST"},{"data":"Limit Break","floor":32.0,"key":"SMITH"},{"data":"Double Tap","floor":42.0,"key":"SMITH"},{"data":"Dual Wield","floor":46.0,"key":"SMITH"},{"data":"Feed","floor":49,"key":"SMITH"}],"circlet_count":0,"master_deck":["Defend_R","Defend_R","Defend_R","Defend_R","Bash+1","Twin Strike","Armaments+1","Twin Strike","Bludgeon","Pommel Strike","Seeing Red","Heavy Blade","Enlightenment+1","Limit Break+1","Flex","Headbutt","Double Tap+1","Spot Weakness+1","Shockwave+1","Infernal Blade+1","Pommel Strike+1","Berserk","Sword Boomerang+1","Armaments+1","Dual Wield+1","Bloodletting+1","Battle Trance+1","Feed+1","Heavy Blade+1"],"relics":["Black Blood","Peace Pipe","Gambling Chip","Toy Ornithopter","Replay:Bandana","MerchantsRug","aspiration:RitualDagger","Blue Doll","Happy Flower","ReplayTheSpireMod:Ninjato","Gremlin Horn","Vajra","Omamori","Tiny Chest","aspiration:FrozenJewel","Replay:WaspNest","Kunai","Question Card","Unceasing Top"],"acts_visited":["Exordium","TheCity","TheBeyond"],"potions_floor_usage":[50],"damage_taken":[{"damage":6.0,"enemies":"2 Louse","floor":1.0,"turns":3.0},{"damage":6.0,"enemies":"Jaw Worm","floor":3.0,"turns":2.0},{"damage":6.0,"enemies":"Cultist","floor":4.0,"turns":3.0},{"damage":17.0,"enemies":"2 Fungi Beasts","floor":5.0,"turns":4.0},{"damage":19.0,"enemies":"Gremlin Nob","floor":6.0,"turns":4.0},{"damage":12.0,"enemies":"Blue Slaver","floor":8.0,"turns":3.0},{"damage":22.0,"enemies":"Replay:BlueRogue","floor":13.0,"turns":4.0},{"damage":38.0,"enemies":"Fading Forest","floor":16.0,"turns":11.0},{"damage":45.0,"enemies":"2 Thieves","floor":18.0,"turns":4.0},{"damage":3.0,"enemies":"Shell Parasite","floor":19.0,"turns":1.0},{"damage":78.0,"enemies":"Book of Stabbing","floor":24.0,"turns":6.0},{"damage":39.0,"enemies":"Chosen and Byrds","floor":25.0,"turns":5.0},{"damage":45.0,"enemies":"Gremlin Leader","floor":27.0,"turns":5.0},{"damage":27.0,"enemies":"Shelled Parasite and Fungi","floor":29.0,"turns":4.0},{"damage":29.0,"enemies":"Slavers","floor":30.0,"turns":3.0},{"damage":20.0,"enemies":"3 Cultists","floor":31.0,"turns":4.0},{"damage":40.0,"enemies":"Pondfish","floor":33.0,"turns":5.0},{"damage":26.0,"enemies":"Orb Walker","floor":35.0,"turns":2.0},{"damage":35.0,"enemies":"3 Shapes","floor":37.0,"turns":3.0},{"damage":34.0,"enemies":"Jaw Worm Horde","floor":40.0,"turns":4.0},{"damage":23.0,"enemies":"3 Darklings","floor":41.0,"turns":4.0},{"damage":26.0,"enemies":"Sphere and 2 Shapes","floor":44.0,"turns":4.0},{"damage":29.0,"enemies":"Maw","floor":45.0,"turns":5.0},{"damage":45.0,"enemies":"R_Hoarder","floor":47.0,"turns":5.0},{"damage":36,"enemies":"Spire Growth","floor":48,"turns":3},{"damage":118,"enemies":"Donu and Deca","floor":50,"turns":4}],"seed_played":"-4794164931816962095","potions_obtained":[{"floor":3.0,"key":"Adrenaline Potion"},{"floor":13.0,"key":"LiquidMemories"},{"floor":19.0,"key":"Weak Potion"},{"floor":25.0,"key":"BlessingOfTheForge"},{"floor":27.0,"key":"ElixirPotion"},{"floor":31.0,"key":"BlessingOfTheForge"},{"floor":33.0,"key":"SpeedPotion"},{"floor":40.0,"key":"Guardian:BlockOnCardUsePotion"},{"floor":44.0,"key":"Elixir"},{"floor":47.0,"key":"Slimebound:ThreeZeroPotion"}],"is_trial":false,"path_per_floor":["M","?","M","M","M","E","R","M","T","?","?","R","E","$","R","B",null,"M","M","$","T","?","R","E","M","T","E","$","M","E","M","R","B",null,"M","?","M","T","$","M","M","R","T","M","M","R","E","M","R","B",null],"character_chosen":"IRONCLAD","items_purchased":["Replay:Bandana","MerchantsRug","Headbutt","Blue Doll","Happy Flower","Tiny Chest","Kunai"],"campfire_rested":2,"item_purchase_floors":[14,14,14,20,20,28,39],"current_hp_per_floor":[80,80,80,80,69,56,56,50,50,39,39,39,23,23,47,15,80,41,49,49,49,34,59,85,71,71,63,63,54,54,58,58,75,85,80,85,76,76,76,75,85,85,85,85,85,85,80,77,77,25],"gold":376,"neow_bonus":"UPGRADE_CARD","is_daily":false,"chose_seed":false,"campfire_upgraded":6,"win_rate":0.0,"timestamp":1613111724,"path_taken":["M","?","M","M","M","E","R","M","T","?","?","R","E","$","R","BOSS","M","M","$","?","?","R","E","M","T","E","?","?","E","M","R","BOSS","M","?","?","?","$","?","M","R","T","?","M","R","E","M","R","BOSS"],"items_purchased_type":["Relic","Relic","Card","Relic","Relic","Relic","Relic"],"build_version":"2020-12-22","purchased_purges":5,"victory":true,"max_hp_per_floor":[80,80,80,80,80,80,80,80,80,80,80,80,80,80,80,80,80,80,80,80,80,85,85,85,85,85,85,85,85,85,85,85,85,85,85,85,85,85,85,85,85,85,85,85,85,85,85,85,85,85],"card_choices":[{"not_picked":["Warcry","Cleave"],"picked":"Twin Strike","floor":1.0},{"not_picked":["Rage","ReplayTheSpireMod:Strike From Hell"],"picked":"Armaments","floor":3.0},{"not_picked":["Life Link","Defy Death"],"picked":"Twin Strike","floor":4.0},{"not_picked":["Shrug It Off","Clash"],"picked":"Bludgeon","floor":5.0},{"not_picked":["Perfected Strike","Sever Soul"],"picked":"Pommel Strike","floor":6.0},{"not_picked":["Dropkick","Twin Strike"],"picked":"Seeing Red","floor":8.0},{"not_picked":["Sever Soul","Iron Wave"],"picked":"Flex","floor":13.0},{"not_picked":["Feed","Offering"],"picked":"Double Tap","floor":16.0},{"not_picked":["Warcry","Flame Barrier"],"picked":"Spot Weakness+1","floor":18.0},{"not_picked":["ReplayTheSpireMod:Strike From Hell","Sever Soul","Hemokinesis"],"picked":"SKIP","floor":19.0},{"not_picked":["Disarm","Headbutt+1"],"picked":"Shockwave+1","floor":24.0},{"not_picked":["Carnage","Wild Strike","Metallicize"],"picked":"SKIP","floor":25.0},{"not_picked":["Burning Pact","Reckless Charge+1","Havoc"],"picked":"SKIP","floor":27.0},{"not_picked":["ReplayTheSpireMod:Strike From Hell","Replay:Undeath\u0027s Touch"],"picked":"Infernal Blade+1","floor":29.0},{"not_picked":["True Grit","Blood for Blood"],"picked":"Pommel Strike+1","floor":30.0},{"not_picked":["Iron Wave+1","ReplayTheSpireMod:Corrosion Curse"],"picked":"Run Through","floor":31.0},{"not_picked":["Demon Form","Impervious"],"picked":"Berserk","floor":33.0},{"not_picked":["Headbutt","Warcry+1"],"picked":"Sword Boomerang+1","floor":35.0},{"not_picked":["Clothesline+1","Infernal Blade"],"picked":"Armaments+1","floor":37.0},{"not_picked":["Defy Death","Flex+1"],"picked":"Dual Wield","floor":40.0},{"not_picked":["Flex","Spot Weakness+1"],"picked":"Bloodletting+1","floor":41.0},{"not_picked":["Clothesline","Massacre","Infernal Blade+1","Body Slam"],"picked":"SKIP","floor":44.0},{"not_picked":["Dropkick","Uppercut","Sentinel"],"picked":"Battle Trance+1","floor":45.0},{"not_picked":["ReplayTheSpireMod:Strike From Hell","Flex+1","Rampage+1"],"picked":"Feed","floor":47.0},{"not_picked":["Sever Soul+1","Headbutt","Warcry+1"],"picked":"Heavy Blade+1","floor":48}],"player_experience":22261,"relics_obtained":[{"floor":6.0,"key":"Peace Pipe"},{"floor":9.0,"key":"Gambling Chip"},{"floor":13.0,"key":"Toy Ornithopter"},{"floor":21.0,"key":"ReplayTheSpireMod:Ninjato"},{"floor":24.0,"key":"Gremlin Horn"},{"floor":26.0,"key":"Vajra"},{"floor":27.0,"key":"Omamori"},{"floor":30.0,"key":"aspiration:FrozenJewel"},{"floor":38.0,"key":"Replay:WaspNest"},{"floor":43.0,"key":"Question Card"},{"floor":47.0,"key":"Unceasing Top"}],"event_choices":[{"cards_removed":["Strike_R"],"damage_healed":0.0,"max_hp_gain":0.0,"max_hp_loss":0.0,"gold_gain":0.0,"event_name":"Living Wall","player_choice":"Forget","floor":2.0,"gold_loss":0.0,"damage_taken":0.0},{"damage_healed":0.0,"max_hp_gain":0.0,"max_hp_loss":0.0,"gold_gain":75.0,"event_name":"World of Goop","player_choice":"Gather Gold","floor":10.0,"gold_loss":0.0,"damage_taken":11.0},{"damage_healed":0.0,"max_hp_gain":0.0,"max_hp_loss":0.0,"gold_gain":0.0,"event_name":"Match and Keep!","player_choice":"3 cards matched","floor":11.0,"gold_loss":0.0,"damage_taken":0.0,"cards_obtained":["Heavy Blade","Enlightenment","Limit Break"]},{"damage_healed":0.0,"max_hp_gain":5.0,"max_hp_loss":0.0,"gold_gain":0.0,"event_name":"Forgotten Altar","player_choice":"Shed Blood","floor":22.0,"gold_loss":0.0,"damage_taken":20.0},{"cards_removed":["Run Through"],"damage_healed":5.0,"max_hp_gain":0.0,"max_hp_loss":0.0,"gold_gain":0.0,"event_name":"Bonfire Elementals","player_choice":"Offered Common","floor":36.0,"gold_loss":0.0,"damage_taken":0.0},{"cards_removed":["Run Through"],"damage_healed":5.0,"max_hp_gain":0.0,"max_hp_loss":0.0,"gold_gain":0.0,"event_name":"Bonfire Elementals","player_choice":"Offered Special","floor":36.0,"gold_loss":0.0,"damage_taken":0.0}],"is_beta":false,"boss_relics":[{"not_picked":["Electric Blood","Replay:Bronze Core"],"picked":"aspiration:RitualDagger"},{"not_picked":["Runic Dome","Astrolabe"],"picked":"Black Blood"}],"items_purged_floors":[14,14,14,14,20],"is_endless":false,"potions_floor_spawned":[3,13,19,25,27,31,33,40,44,47,48],"ascension_level":0}}