{"host":"mnpd8gh7cwxsn5kh","time":1613126599,"event":{"mods":["BaseMod","Bestiary","Block Reminder","Colored Map","Colored Powertips","Highlight Path","Minty Spire (QoL Compilation)","Relic Sorter","Relic Stats"],"gold_per_floor":[12,31,50,125,125,137,137,166,166,200,220,245,258,272,272,345,345,361,276,287,65,65,91,111,111,111,111,111,124,152,167,167,167,167],"floor_reached":33,"language":"ENG","playtime":3687,"items_purged":["Strike_P"],"score":653,"play_id":"5861e906-7716-4bf8-adea-369fb6973b80","local_time":"20210212114319","is_ascension_mode":true,"campfire_choices":[{"floor":7,"key":"REST"},{"floor":15,"key":"REST"},{"floor":25,"key":"REST"},{"floor":27,"key":"REST"},{"floor":32,"key":"REST"}],"circlet_count":0,"master_deck":["AscendersBane","Strike_P","Strike_P+1","Strike_P","Defend_P","Defend_P+1","Defend_P+1","Defend_P+1","Eruption+1","Vigilance+1","LessonLearned+1","Wallop+1","Wireheading+1","EmptyFist+1","Blasphemy","SandsOfTime+1","ReachHeaven","Weave+1","Evaluate+1","Conclude","Establishment+1","Nirvana","BattleHymn+1","Evaluate","Nirvana"],"relics":["PureWater","MealTicket","Vajra","Kunai","Calipers","Busted Crown","Darkstone Periapt","Melange","Damaru","Matryoshka","Bottled Lightning"],"acts_visited":["Exordium","TheCity"],"potions_floor_usage":[8,13,16,20,23,29],"damage_taken":[{"damage":0,"enemies":"Cultist","floor":1,"turns":4},{"damage":0,"enemies":"2 Louse","floor":2,"turns":3},{"damage":7,"enemies":"Small Slimes","floor":3,"turns":3},{"damage":6,"enemies":"Exordium Thugs","floor":6,"turns":4},{"damage":9,"enemies":"3 Sentries","floor":8,"turns":9},{"damage":2,"enemies":"Lagavulin","floor":10,"turns":5},{"damage":2,"enemies":"Large Slime","floor":11,"turns":3},{"damage":0,"enemies":"Gremlin Nob","floor":12,"turns":1},{"damage":2,"enemies":"Red Slaver","floor":13,"turns":3},{"damage":0,"enemies":"2 Fungi Beasts","floor":14,"turns":2},{"damage":0,"enemies":"Slime Boss","floor":16,"turns":6},{"damage":0,"enemies":"Chosen","floor":18,"turns":6},{"damage":2,"enemies":"2 Thieves","floor":20,"turns":2},{"damage":25,"enemies":"Book of Stabbing","floor":23,"turns":5},{"damage":18,"enemies":"Shelled Parasite and Fungi","floor":24,"turns":4},{"damage":8,"enemies":"Snake Plant","floor":29,"turns":4},{"damage":21,"enemies":"Gremlin Leader","floor":30,"turns":6},{"damage":27,"enemies":"Centurion and Healer","floor":31,"turns":6},{"damage":53,"enemies":"Automaton","floor":33,"turns":6}],"seed_played":"8301156595897051106","potions_obtained":[{"floor":2,"key":"ColorlessPotion"},{"floor":11,"key":"EssenceOfSteel"},{"floor":12,"key":"PowerPotion"},{"floor":13,"key":"Strength Potion"},{"floor":18,"key":"Dexterity Potion"},{"floor":23,"key":"LiquidBronze"}],"is_trial":false,"path_per_floor":["M","M","M","?","?","M","R","E","T","E","M","E","M","M","R","B",null,"M","?","M","$","?","E","M","R","T","R","?","M","E","M","R","B"],"character_chosen":"WATCHER","items_purchased":["Melange"],"campfire_rested":5,"item_purchase_floors":[21],"current_hp_per_floor":[61,61,54,43,29,23,43,34,34,32,30,30,28,28,48,48,63,63,63,61,68,68,43,25,45,45,65,65,57,36,9,29,0,0],"gold":167,"neow_bonus":"THREE_RARE_CARDS","is_daily":false,"chose_seed":false,"campfire_upgraded":0,"win_rate":0.0,"timestamp":1613126599,"path_taken":["M","M","M","?","?","M","R","E","T","E","M","E","M","M","R","BOSS","M","?","M","$","?","E","M","R","T","R","?","M","E","M","R","BOSS"],"items_purchased_type":["Relic"],"build_version":"2020-12-22","purchased_purges":1,"victory":false,"max_hp_per_floor":[68,68,68,68,68,68,68,68,68,68,68,68,68,68,68,68,68,68,68,68,68,68,68,68,68,68,68,68,68,68,68,68,68,68],"relic_stats":{"Darkstone Periapt":0,"Busted Crown":14,"counters":[19,82],"Melange":[18],"MealTicket":7,"Kunai":[22],"obtain_stats":[{"Darkstone Periapt":19,"Calipers":12,"Busted Crown":17,"Matryoshka":26,"Vajra":9,"Melange":21,"Damaru":23,"MealTicket":8,"Kunai":10,"Bottled Lightning":30,"PureWater":0},{"Darkstone Periapt":12,"Calipers":8,"Busted Crown":11,"Matryoshka":15,"Vajra":5,"Melange":13,"Damaru":14,"MealTicket":5,"Kunai":6,"Bottled Lightning":17,"PureWater":0},{"Darkstone Periapt":49,"Calipers":32,"Busted Crown":43,"Matryoshka":60,"Vajra":23,"Melange":51,"Damaru":56,"MealTicket":23,"Kunai":28,"Bottled Lightning":70,"PureWater":0}]},"card_choices":[{"not_picked":["Vault","Blasphemy"],"picked":"LessonLearned","floor":0},{"not_picked":["EmptyBody","Indignation"],"picked":"Wallop","floor":1},{"not_picked":["WaveOfTheHand","SashWhip"],"picked":"Wireheading","floor":2},{"not_picked":["EmptyBody","SignatureMove","Sanctity"],"picked":"SKIP","floor":3},{"not_picked":["CrushJoints","JustLucky"],"picked":"EmptyFist","floor":6},{"not_picked":["Nirvana","ClearTheMind"],"picked":"Blasphemy","floor":8},{"not_picked":["Wish","FlurryOfBlows"],"picked":"SandsOfTime","floor":10},{"not_picked":["EmptyFist","Adaptation"],"picked":"ReachHeaven","floor":11},{"not_picked":["Consecrate","Perseverance"],"picked":"Weave","floor":12},{"not_picked":["ClearTheMind","PathToVictory"],"picked":"Evaluate","floor":13},{"not_picked":["WreathOfFlame","Vengeance"],"picked":"Conclude","floor":14},{"not_picked":["Blasphemy","DeusExMachina"],"picked":"Establishment","floor":16},{"not_picked":["SashWhip"],"picked":"SKIP","floor":18},{"not_picked":[],"picked":"Nirvana","floor":20},{"not_picked":["FlurryOfBlows"],"picked":"SKIP","floor":23},{"not_picked":[],"picked":"Evaluate","floor":24},{"not_picked":["BowlingBash"],"picked":"SKIP","floor":29},{"not_picked":["CarveReality"],"picked":"SKIP","floor":30},{"not_picked":["PathToVictory"],"picked":"SKIP","floor":31}],"player_experience":468441,"relics_obtained":[{"floor":8,"key":"MealTicket"},{"floor":9,"key":"Vajra"},{"floor":10,"key":"Kunai"},{"floor":12,"key":"Calipers"},{"floor":23,"key":"Damaru"},{"floor":26,"key":"Matryoshka"},{"floor":30,"key":"Bottled Lightning"}],"event_choices":[{"damage_healed":0,"gold_gain":75,"player_choice":"Gather Gold","damage_taken":11,"max_hp_gain":0,"max_hp_loss":0,"event_name":"World of Goop","floor":4,"gold_loss":0},{"damage_healed":0,"gold_gain":0,"player_choice":"Entered Light","damage_taken":14,"max_hp_gain":0,"max_hp_loss":0,"event_name":"Shining Light","floor":5,"gold_loss":0,"cards_upgraded":["Strike_P","Defend_P"]},{"damage_healed":0,"gold_gain":0,"player_choice":"Obtained Relic","damage_taken":0,"relics_obtained":["Darkstone Periapt"],"max_hp_gain":0,"max_hp_loss":0,"event_name":"Addict","floor":19,"gold_loss":85},{"damage_healed":0,"gold_gain":0,"player_choice":"Read","damage_taken":0,"max_hp_gain":0,"max_hp_loss":0,"event_name":"The Library","floor":22,"gold_loss":0,"cards_obtained":["BattleHymn"]},{"damage_healed":0,"gold_gain":0,"player_choice":"Copied","damage_taken":0,"max_hp_gain":0,"max_hp_loss":0,"event_name":"Duplicator","floor":28,"gold_loss":0,"cards_obtained":["Nirvana"]}],"is_beta":false,"boss_relics":[{"not_picked":["Black Star","Snecko Eye"],"picked":"Busted Crown"}],"items_purged_floors":[21],"is_endless":false,"potions_floor_spawned":[2,11,12,13,14,18,23],"killed_by":"Automaton","ascension_level":14}}