{"host":"jz4ul6vrcxqkcr33","time":1613166148,"event":{"mods":["BaseMod","Minty Spire (QoL Compilation)","StSLib"],"gold_per_floor":[117,117,134,234,251,264,275,308,331,331,331,331,367,46,46,175,175,193,193,208,1,16,54,54,68,119,119,143,143,162,198,198,326,326,339,339,364,37,56,56,94,94,147,160,195,210,231,249,249,249,249,249,23,59,59,59],"floor_reached":55,"language":"ENG","playtime":2235,"items_purged":["Strike_B","Strike_B"],"score":1422,"play_id":"9d00d39f-7c00-4c14-a6cf-e7dd62e20464","local_time":"20210212164228","is_ascension_mode":true,"campfire_choices":[{"data":"Hyperbeam","floor":10.0,"key":"SMITH"},{"floor":12.0,"key":"REST"},{"data":"Seek","floor":15.0,"key":"SMITH"},{"data":"Streamline","floor":27.0,"key":"SMITH"},{"data":"Undo","floor":29.0,"key":"SMITH"},{"data":"Buffer","floor":32.0,"key":"SMITH"},{"floor":40.0,"key":"RECALL"},{"data":"Seek","floor":42.0,"key":"SMITH"},{"data":"Hyperbeam","floor":49.0,"key":"SMITH"},{"data":"Ghostly","floor":52.0,"key":"SMITH"}],"circlet_count":0,"master_deck":["Strike_B","Strike_B","Defend_B","Defend_B","Defend_B","Dualcast","CurseOfTheBell","Sweeping Beam","Hyperbeam+1","Conserve Battery","Doom and Gloom","Aggregate","Melter","Streamline+1","Auto Shields","Seek+1","All For One","Stack","Necronomicurse","BootSequence","Beam Cell","Rebound","Undo+1","Ghostly+1","Ghostly","Ghostly","Ghostly","Ghostly","Gash","Buffer+1","Seek+1","Reinforced Body","Stack+1","Meteor Strike","Streamline","Gash+1","Go for the Eyes+1","Hyperbeam+1"],"relics":["Calling Bell","Akabeko","StrikeDummy","FossilizedHelix","Pen Nib","MealTicket","Golden Idol","Tiny Chest","Matryoshka","Coffee Dripper","Necronomicon","HandDrill","Regal Pillow","Toy Ornithopter","PreservedInsect","Philosopher\u0027s Stone","Dream Catcher","Bag of Preparation","Kunai","Bottled Flame","Happy Flower","InkBottle","Ice Cream"],"acts_visited":["Exordium","TheCity","TheBeyond","TheEnding"],"potions_floor_usage":[55,55,55],"damage_taken":[{"damage":0.0,"enemies":"Small Slimes","floor":1.0,"turns":2.0},{"damage":0.0,"enemies":"Cultist","floor":3.0,"turns":2.0},{"damage":0.0,"enemies":"Jaw Worm","floor":5.0,"turns":3.0},{"damage":0.0,"enemies":"2 Fungi Beasts","floor":6.0,"turns":3.0},{"damage":0.0,"enemies":"Large Slime","floor":7.0,"turns":3.0},{"damage":0.0,"enemies":"Gremlin Nob","floor":8.0,"turns":4.0},{"damage":8.0,"enemies":"Lagavulin","floor":13.0,"turns":4.0},{"damage":18.0,"enemies":"Slime Boss","floor":16.0,"turns":8.0},{"damage":0.0,"enemies":"Spheric Guardian","floor":18.0,"turns":2.0},{"damage":0.0,"enemies":"3 Byrds","floor":20.0,"turns":2.0},{"damage":0.0,"enemies":"Snake Plant","floor":22.0,"turns":1.0},{"damage":12.0,"enemies":"Book of Stabbing","floor":23.0,"turns":3.0},{"damage":0.0,"enemies":"Shelled Parasite and Fungi","floor":25.0,"turns":2.0},{"damage":0.0,"enemies":"3 Cultists","floor":28.0,"turns":2.0},{"damage":0.0,"enemies":"Chosen and Byrds","floor":30.0,"turns":2.0},{"damage":0.0,"enemies":"Gremlin Leader","floor":31.0,"turns":4.0},{"damage":0.0,"enemies":"Champ","floor":33.0,"turns":9.0},{"damage":10.0,"enemies":"3 Shapes","floor":35.0,"turns":4.0},{"damage":0.0,"enemies":"3 Darklings","floor":39.0,"turns":5.0},{"damage":0.0,"enemies":"Reptomancer","floor":41.0,"turns":9.0},{"damage":1.0,"enemies":"Writhing Mass","floor":44.0,"turns":6.0},{"damage":0.0,"enemies":"Nemesis","floor":45.0,"turns":3.0},{"damage":0.0,"enemies":"Sphere and 2 Shapes","floor":46.0,"turns":1.0},{"damage":0.0,"enemies":"Maw","floor":47.0,"turns":6.0},{"damage":0.0,"enemies":"Spire Growth","floor":48.0,"turns":3.0},{"damage":7.0,"enemies":"Awakened One","floor":50.0,"turns":10.0},{"damage":0.0,"enemies":"Shield and Spear","floor":54.0,"turns":2.0},{"damage":47,"enemies":"The Heart","floor":55,"turns":8}],"seed_played":"-4555702462036527146","potions_obtained":[{"floor":3.0,"key":"PowerPotion"},{"floor":5.0,"key":"Block Potion"},{"floor":6.0,"key":"SkillPotion"},{"floor":16.0,"key":"AttackPotion"},{"floor":18.0,"key":"FearPotion"},{"floor":20.0,"key":"DuplicationPotion"},{"floor":30.0,"key":"SpeedPotion"},{"floor":31.0,"key":"SkillPotion"},{"floor":33.0,"key":"Strength Potion"},{"floor":39.0,"key":"ColorlessPotion"},{"floor":45.0,"key":"Swift Potion"}],"is_trial":false,"path_per_floor":["M","?","M","?","M","M","M","E","T","R","?","R","E","$","R","B",null,"M","?","M","$","M","E","?","M","T","R","M","R","M","E","R","B",null,"M","?","T","$","M","R","E","R","T","M","E","M","M","M","R","B",null,"R","$","E","B"],"character_chosen":"DEFECT","items_purchased":["Matryoshka","Seek","Beam Cell","HandDrill","Kunai","GamblersBrew","Strength Potion"],"campfire_rested":1,"item_purchase_floors":[14,14,21,21,38,53,53],"current_hp_per_floor":[68,68,68,68,68,68,68,68,68,68,50,72,64,75,75,57,71,71,55,55,70,70,58,37,37,37,37,37,37,37,37,37,37,37,27,27,27,37,37,37,37,37,37,36,36,36,36,36,36,34,36,36,37,37,0,0],"gold":59,"neow_bonus":"BOSS_RELIC","is_daily":false,"chose_seed":false,"campfire_upgraded":8,"win_rate":0.0,"timestamp":1613166148,"path_taken":["M","?","?","?","?","M","M","E","T","R","?","R","E","$","R","BOSS","M","?","M","$","M","E","?","M","T","R","M","R","M","E","R","BOSS","M","?","?","$","M","R","E","R","T","?","E","M","M","M","R","BOSS","R","$","E","BOSS"],"items_purchased_type":["Relic","Card","Card","Relic","Relic","Potion","Potion"],"build_version":"2020-12-13","purchased_purges":2,"victory":false,"max_hp_per_floor":[75,75,75,75,75,75,75,75,75,75,75,75,75,75,75,75,75,75,75,75,75,75,75,37,37,37,37,37,37,37,37,37,37,37,37,37,37,37,37,37,37,37,37,37,37,37,37,37,37,37,37,37,37,37,37,37],"card_choices":[{"not_picked":["Heatsinks","Stack"],"picked":"Sweeping Beam","floor":1.0},{"not_picked":["Blizzard","Scrape"],"picked":"Conserve Battery","floor":3.0},{"not_picked":["Redo","Sunder"],"picked":"Doom and Gloom","floor":5.0},{"not_picked":["Coolheaded","Turbo"],"picked":"Aggregate","floor":6.0},{"not_picked":["Streamline","Skim"],"picked":"Melter","floor":7.0},{"not_picked":["Lockon","Redo"],"picked":"Streamline","floor":8.0},{"not_picked":["Scrape","Compile Driver"],"picked":"Auto Shields","floor":13.0},{"not_picked":["Amplify","Rainbow"],"picked":"All For One","floor":16.0},{"not_picked":["Compile Driver","Coolheaded"],"picked":"Stack","floor":18.0},{"not_picked":["Beam Cell","Lockon"],"picked":"BootSequence","floor":20.0},{"not_picked":["Ball Lightning+1","Doom and Gloom"],"picked":"Rebound","floor":22.0},{"not_picked":["Cold Snap","Redo"],"picked":"Undo","floor":23.0},{"not_picked":["Barrage","Chill"],"picked":"Gash","floor":25.0},{"not_picked":["Cold Snap","Storm","Hologram"],"picked":"SKIP","floor":28.0},{"not_picked":["Compile Driver","Doom and Gloom","Rebound"],"picked":"SKIP","floor":30.0},{"not_picked":["Redo","Core Surge"],"picked":"Buffer","floor":31.0},{"not_picked":["Meteor Strike","Biased Cognition"],"picked":"Seek","floor":33.0},{"not_picked":["Redo+1","Fusion+1","Steam"],"picked":"SKIP","floor":35.0},{"not_picked":["Go for the Eyes","Gash"],"picked":"Reinforced Body","floor":39.0},{"not_picked":["Scrape+1","Compile Driver"],"picked":"Stack+1","floor":41.0},{"not_picked":["Ball Lightning+1","Steam+1"],"picked":"Meteor Strike","floor":44.0},{"not_picked":["Fusion+1","Self Repair"],"picked":"Streamline","floor":45.0},{"not_picked":["Genetic Algorithm+1","Coolheaded+1"],"picked":"Gash+1","floor":46.0},{"not_picked":["Coolheaded","Hologram+1"],"picked":"Go for the Eyes+1","floor":47.0},{"not_picked":["FTL","Turbo+1"],"picked":"Hyperbeam","floor":48.0},{"not_picked":["Steam","Multi-Cast","Hello World"],"picked":"SKIP","floor":54.0}],"player_experience":231652,"relics_obtained":[{"floor":0.0,"key":"Akabeko"},{"floor":0.0,"key":"StrikeDummy"},{"floor":0.0,"key":"FossilizedHelix"},{"floor":8.0,"key":"Pen Nib"},{"floor":9.0,"key":"MealTicket"},{"floor":13.0,"key":"Tiny Chest"},{"floor":19.0,"key":"Necronomicon"},{"floor":23.0,"key":"Regal Pillow"},{"floor":26.0,"key":"Toy Ornithopter"},{"floor":31.0,"key":"PreservedInsect"},{"floor":37.0,"key":"Dream Catcher"},{"floor":37.0,"key":"Bag of Preparation"},{"floor":41.0,"key":"Bottled Flame"},{"floor":43.0,"key":"Happy Flower"},{"floor":45.0,"key":"InkBottle"},{"floor":54.0,"key":"Ice Cream"}],"event_choices":[{"damage_healed":0.0,"max_hp_gain":0.0,"max_hp_loss":0.0,"gold_gain":0.0,"cards_transformed":["Defend_B"],"event_name":"Transmorgrifier","player_choice":"Transformed","floor":2.0,"gold_loss":0.0,"damage_taken":0.0,"cards_obtained":["Hyperbeam"]},{"damage_healed":0.0,"max_hp_gain":0.0,"max_hp_loss":0.0,"gold_gain":100.0,"event_name":"Golden Shrine","player_choice":"Pray","floor":4.0,"gold_loss":0.0,"damage_taken":0.0},{"damage_healed":0.0,"max_hp_gain":0.0,"max_hp_loss":0.0,"gold_gain":0.0,"event_name":"Golden Idol","player_choice":"Take Damage","floor":11.0,"gold_loss":0.0,"damage_taken":18.0,"relics_obtained":["Golden Idol"]},{"damage_healed":0.0,"max_hp_gain":0.0,"max_hp_loss":0.0,"gold_gain":0.0,"event_name":"Cursed Tome","player_choice":"Obtained Book","floor":19.0,"gold_loss":0.0,"damage_taken":16.0},{"damage_healed":0.0,"max_hp_gain":0.0,"max_hp_loss":38.0,"gold_gain":0.0,"event_name":"Ghosts","player_choice":"Became a Ghost","floor":24.0,"gold_loss":0.0,"damage_taken":0.0,"cards_obtained":["Ghostly","Ghostly","Ghostly","Ghostly","Ghostly"]},{"cards_removed":["Zap"],"damage_healed":0.0,"max_hp_gain":0.0,"max_hp_loss":0.0,"gold_gain":0.0,"event_name":"Purifier","player_choice":"Purged","floor":36.0,"gold_loss":0.0,"damage_taken":0.0}],"is_beta":false,"boss_relics":[{"not_picked":["Busted Crown","Fusion Hammer"],"picked":"Coffee Dripper"},{"not_picked":["Snecko Eye","Velvet Choker"],"picked":"Philosopher\u0027s Stone"}],"items_purged_floors":[38,53],"is_endless":false,"potions_floor_spawned":[3,5,6,16,18,20,30,31,33,39,41,45],"killed_by":"The Heart","ascension_level":9}}