{"host":"ormi09wwzv7sq47a","time":1613144277,"event":{"mods":["2.2 Compatiblity","AchievementEnabler","Act Like it!","BaseMod","Bestiary","Better Altar","Better Note","Better Sensory Stone","Better Silent Start","Better Skull","Better Third Choice","Better Vampires","BetterRewards","Block Reminder","Card Forge","Colored Map","Colored Powertips","Curses Come First","DeckTracker","Downfall","Highlight Path","Minty Spire (QoL Compilation)","Permanent Neow","Quick Restart","Rare Cards Sparkle","Relic Stats","Shop Mod","StSLib","The Jungle"],"gold_per_floor":[118,118,138,150,168,199,199,232,232,262,277,277,277,277,277,372,372,391,90,101,38,38,63,13,13,13,44,144,144,170,25,25,120,120,134,147,147,161,0,0,31,31,31,62,62,75,92,142,142,142,142,142,92,120,120],"floor_reached":56,"language":"ENG","playtime":3271,"items_purged":["Slimebound:Tackle","Slimebound:Strike_Slimebound","Slimebound:Strike_Slimebound","Slimebound:Defend_Slimebound"],"score":1998,"play_id":"77d3a2b4-23c1-4350-909f-d353c8ddbe56","local_time":"20210212133757","is_ascension_mode":true,"campfire_choices":[{"data":"Slimebound:SamplingLick","floor":7.0,"key":"SMITH"},{"data":"Slimebound:AcidTongue","floor":12.0,"key":"SMITH"},{"data":"Slimebound:Darklings","floor":15.0,"key":"SMITH"},{"data":"Slimebound:Overexert","floor":25.0,"key":"SMITH"},{"data":"Slimebound:GoopSpray","floor":32.0,"key":"SMITH"},{"data":"Slimebound:DuplicatedForm","floor":40.0,"key":"SMITH"},{"floor":42.0,"key":"RECALL"},{"data":"Slimebound:LivingWall","floor":49.0,"key":"SMITH"},{"data":"Slimebound:TongueLash","floor":52.0,"key":"SMITH"}],"circlet_count":0,"master_deck":["Slimebound:Strike_Slimebound","Slimebound:Defend_Slimebound","Slimebound:Defend_Slimebound","Slimebound:Split","Slimebound:CorrosiveSpit","Slimebound:AcidTongue+1","Slimebound:LeechingTouch","Slimebound:SplitMire","Slimebound:GoopSpray+1","Slimebound:SamplingLick+1","Slimebound:SlimeSpikes","Slimebound:Darklings+1","Slimebound:ProtectTheBoss","Flash of Steel","Slimebound:TagTeam+1","Slimebound:LivingWall+1","Slimebound:Overexert+1","Slimebound:Recollect+1","Slimebound:MegaLick+1","Slimebound:MegaLick+1","Slimebound:DuplicatedForm+1","Slimebound:GoopSpray+1","Slimebound:LevelUp+1","Slimebound:SpikyOuterGoop+1","Slimebound:MegaLick+1","Slimebound:SamplingLick+1","Slimebound:Dissolve+1","Slimebound:ForwardTackle+1","Slimebound:TongueLash+1","Slimebound:LeadByExample+1","Slimebound:MinionMaster"],"relics":["Slimebound:AbsorbEndCombatUpgraded","Hammer of Thor","Seething Fire","Anvil of the Gods","Bag of Preparation","Vajra","Slimebound:SlimedTailRelic","Nunchaku","StrikeDummy","champ:DeflectingBracers","Ice Cream","Strawberry","Tiny Chest","Happy Flower","Smiling Mask","Prayer Wheel","Bronze Scales","HornCleat","Pen Nib","Guardian:PocketSentry","sneckomod:SneckoTalon","Red Mask","TungstenRod","Toy Ornithopter","Lizard Tail","Torii","InkBottle"],"acts_visited":["Exordium","TheCity","TheBeyond","TheEnding"],"potions_floor_usage":[55],"damage_taken":[{"damage":0.0,"enemies":"Cultist","floor":1.0,"turns":3.0},{"damage":2.0,"enemies":"2 Louse","floor":3.0,"turns":3.0},{"damage":0.0,"enemies":"Jaw Worm","floor":4.0,"turns":4.0},{"damage":2.0,"enemies":"Looter","floor":5.0,"turns":4.0},{"damage":7.0,"enemies":"Gremlin Nob","floor":6.0,"turns":4.0},{"damage":12.0,"enemies":"3 Sentries","floor":8.0,"turns":5.0},{"damage":0.0,"enemies":"Lagavulin","floor":10.0,"turns":5.0},{"damage":0.0,"enemies":"2 Fungi Beasts","floor":11.0,"turns":2.0},{"damage":6.0,"enemies":"Slime Boss","floor":16.0,"turns":6.0},{"damage":4.0,"enemies":"Shell Parasite","floor":18.0,"turns":5.0},{"damage":15.0,"enemies":"3 Byrds","floor":20.0,"turns":4.0},{"damage":0.0,"enemies":"Slavers","floor":23.0,"turns":3.0},{"damage":0.0,"enemies":"Book of Stabbing","floor":27.0,"turns":5.0},{"damage":0.0,"enemies":"Gremlin Leader","floor":30.0,"turns":6.0},{"damage":0.0,"enemies":"Champ","floor":33.0,"turns":9.0},{"damage":19.0,"enemies":"3 Shapes","floor":35.0,"turns":4.0},{"damage":0.0,"enemies":"Orb Walker","floor":36.0,"turns":2.0},{"damage":15.0,"enemies":"Maw","floor":38.0,"turns":5.0},{"damage":15.0,"enemies":"Nemesis","floor":41.0,"turns":5.0},{"damage":14.0,"enemies":"Giant Head","floor":44.0,"turns":7.0},{"damage":14.0,"enemies":"Spire Growth","floor":46.0,"turns":4.0},{"damage":16.0,"enemies":"3 Darklings","floor":47.0,"turns":4.0},{"damage":0.0,"enemies":"Mind Bloom Boss Battle","floor":48.0,"turns":4.0},{"damage":49.0,"enemies":"Awakened One","floor":50.0,"turns":8.0},{"damage":22.0,"enemies":"Shield and Spear","floor":54.0,"turns":5.0},{"damage":25,"enemies":"The Heart","floor":55,"turns":8}],"seed_played":"8799033122346561406","potions_obtained":[{"floor":1.0,"key":"Weak Potion"},{"floor":5.0,"key":"Slimebound:SlimedPotion"},{"floor":6.0,"key":"Weak Potion"},{"floor":8.0,"key":"Weak Potion"},{"floor":10.0,"key":"Swift Potion"},{"floor":16.0,"key":"EntropicBrew"},{"floor":18.0,"key":"PowerPotion"},{"floor":27.0,"key":"Slimebound:SlimyTonguePotion"},{"floor":33.0,"key":"DistilledChaos"},{"floor":36.0,"key":"PowerPotion"}],"is_trial":false,"path_per_floor":["M","?","M","M","M","E","R","E","T","E","M","R","?","?","R","B",null,"M","$","M","?","?","E","$","R","T","E","?","T","E","$","R","B",null,"M","M","?","M","?","R","E","R","T","E","T","M","M","?","R","B",null,"R","$","E","B",null],"character_chosen":"SLIMEBOUND","items_purchased":["Bag of Preparation","Vajra","Slimebound:AcidTongue","Slimebound:LeechingTouch","Strawberry","Tiny Chest","Guardian:PocketSentry"],"campfire_rested":0,"item_purchase_floors":[0,0,0,0,19,19,31],"current_hp_per_floor":[34,27,29,33,39,36,36,30,30,36,40,40,40,45,45,47,64,70,77,77,77,77,77,77,77,77,77,77,77,77,77,77,77,77,77,77,73,73,73,73,73,73,73,73,73,73,73,73,73,51,68,68,68,73,57],"gold":120,"neow_bonus":"","is_daily":false,"chose_seed":false,"campfire_upgraded":8,"win_rate":0.0,"timestamp":1613144277,"path_taken":["M","?","M","M","M","E","R","E","T","E","M","R","?","?","R","BOSS","M","$","M","?","?","E","$","R","T","E","?","?","E","?","R","BOSS","M","M","?","M","?","R","E","R","T","E","?","M","M","?","R","BOSS","R","$","E","BOSS"],"items_purchased_type":["Relic","Relic","Card","Card","Relic","Relic","Relic"],"build_version":"2020-12-22","purchased_purges":4,"victory":true,"max_hp_per_floor":[65,65,65,65,65,65,65,65,65,65,65,65,65,70,70,70,70,70,77,77,77,77,77,77,77,77,77,77,77,77,77,77,77,77,77,77,73,73,73,73,73,73,73,73,73,73,73,73,73,73,73,73,73,73,73],"relic_stats":{"Happy Flower":[26],"Torii":52,"counters":[91,477],"Pen Nib":[6],"Bag of Preparation":[52],"Smiling Mask":175,"Nunchaku":[10],"Lizard Tail":0,"Bronze Scales":[248],"Tiny Chest":2,"Prayer Wheel":5,"obtain_stats":[{"Ice Cream":10,"champ:DuelingGlove":0,"Vajra":21,"Hammer of Thor":0,"Ginger":48,"Boot":23,"Sling":0,"Centennial Puzzle":54,"Lizard Tail":45,"HornCleat":29,"Sundial":26,"Strawberry":19,"Philosopher\u0027s Stone":34,"Prayer Wheel":26,"Toxic Egg 2":12,"Slimebound:AggressiveSlimeRelic":23,"Girya":0,"Pear":41,"Happy Flower":0,"Pen Nib":30,"Guardian:PocketSentry":31,"Question Card":9,"sneckomod:SneckoTalon":34,"Akabeko":26,"Anvil of the Gods":0,"Bronze Scales":27,"Molten Egg 2":9,"Black Star":17,"StrikeDummy":8,"Slimebound:SlimedTailRelic":0,"bronze:MakeshiftBattery":34,"Unceasing Top":0,"Lantern":39,"Torii":48,"SacredBark":17,"Enchiridion":22,"Incense Burner":24,"Bag of Preparation":46,"Smiling Mask":23,"ClockworkSouvenir":10,"Nunchaku":7,"Shovel":0,"Slimebound:MaxSlimesRelic":38,"Slimebound:StickyStick":28,"Gambling Chip":0,"Tiny Chest":19,"Red Mask":21,"Guardian:BottledAnomaly":30,"InkBottle":54,"Lee\u0027s Waffle":0,"hexamod:CandleOfCauterizing":9,"bronze:DecasWashers":24,"The Courier":42,"champ:DeflectingBracers":9,"Seething Fire":0,"Frozen Egg 2":0,"Turnip":0,"Slimebound:AbsorbEndCombat":0,"Art of War":13,"Slimebound:AbsorbEndCombatUpgraded":17,"Toy Ornithopter":26,"TungstenRod":41},{"Ice Cream":72,"champ:DuelingGlove":65,"Vajra":48,"Hammer of Thor":0,"Ginger":23,"Boot":37,"Sling":41,"Centennial Puzzle":25,"Lizard Tail":85,"HornCleat":78,"Sundial":50,"Strawberry":75,"Philosopher\u0027s Stone":55,"Prayer Wheel":77,"Toxic Egg 2":32,"Slimebound:AggressiveSlimeRelic":37,"Girya":65,"Pear":19,"Happy Flower":0,"Pen Nib":79,"Guardian:PocketSentry":79,"Question Card":30,"sneckomod:SneckoTalon":80,"Akabeko":12,"Anvil of the Gods":0,"Bronze Scales":78,"Molten Egg 2":5,"Black Star":35,"StrikeDummy":71,"Slimebound:SlimedTailRelic":0,"bronze:MakeshiftBattery":16,"Unceasing Top":65,"Lantern":18,"Torii":88,"SacredBark":8,"Enchiridion":11,"Incense Burner":12,"Bag of Preparation":22,"Smiling Mask":77,"ClockworkSouvenir":5,"Nunchaku":43,"Shovel":26,"Slimebound:MaxSlimesRelic":57,"Slimebound:StickyStick":13,"Gambling Chip":41,"Tiny Chest":75,"Red Mask":11,"Guardian:BottledAnomaly":14,"InkBottle":90,"Lee\u0027s Waffle":26,"hexamod:CandleOfCauterizing":43,"bronze:DecasWashers":50,"The Courier":60,"champ:DeflectingBracers":71,"Seething Fire":0,"Frozen Egg 2":41,"Turnip":26,"Slimebound:AbsorbEndCombat":0,"Art of War":46,"Slimebound:AbsorbEndCombatUpgraded":47,"Toy Ornithopter":38,"TungstenRod":84},{"Ice Cream":384,"champ:DuelingGlove":356,"Vajra":259,"Hammer of Thor":0,"Ginger":122,"Boot":207,"Sling":227,"Centennial Puzzle":136,"Lizard Tail":445,"HornCleat":408,"Sundial":269,"Strawberry":397,"Philosopher\u0027s Stone":294,"Prayer Wheel":404,"Toxic Egg 2":177,"Slimebound:AggressiveSlimeRelic":207,"Girya":356,"Pear":101,"Happy Flower":0,"Pen Nib":414,"Guardian:PocketSentry":414,"Question Card":165,"sneckomod:SneckoTalon":423,"Akabeko":61,"Anvil of the Gods":0,"Bronze Scales":408,"Molten Egg 2":20,"Black Star":196,"StrikeDummy":379,"Slimebound:SlimedTailRelic":0,"bronze:MakeshiftBattery":87,"Unceasing Top":356,"Lantern":94,"Torii":457,"SacredBark":40,"Enchiridion":52,"Incense Burner":61,"Bag of Preparation":118,"Smiling Mask":404,"ClockworkSouvenir":20,"Nunchaku":235,"Shovel":147,"Slimebound:MaxSlimesRelic":303,"Slimebound:StickyStick":66,"Gambling Chip":227,"Tiny Chest":397,"Red Mask":52,"Guardian:BottledAnomaly":72,"InkBottle":470,"Lee\u0027s Waffle":147,"hexamod:CandleOfCauterizing":235,"bronze:DecasWashers":269,"The Courier":322,"champ:DeflectingBracers":379,"Seething Fire":0,"Frozen Egg 2":227,"Turnip":147,"Slimebound:AbsorbEndCombat":0,"Art of War":248,"Slimebound:AbsorbEndCombatUpgraded":255,"Toy Ornithopter":211,"TungstenRod":439}],"TungstenRod":57,"Toy Ornithopter":0,"InkBottle":[3]},"card_choices":[{"not_picked":["Slimebound:ItLooksTasty","Slimebound:RollThrough","Slimebound:SplitAcid"],"picked":"SKIP","floor":1.0},{"not_picked":["Slimebound:LeechingTouch","Slimebound:SlimeBrawl"],"picked":"Slimebound:SplitMire","floor":3.0},{"not_picked":["Slimebound:GoopTackle","Slimebound:DisruptingSlam","Slimebound:LevelUp"],"picked":"SKIP","floor":4.0},{"not_picked":["Slimebound:LevelUp","Slimebound:PressTheAttack"],"picked":"Slimebound:GoopSpray","floor":5.0},{"not_picked":["Slimebound:ServeAndProtect","Slimebound:GoopSpray"],"picked":"Slimebound:SamplingLick","floor":6.0},{"not_picked":["Slimebound:FinishingTackle","Slimebound:ComboTackle"],"picked":"Slimebound:SlimeSpikes","floor":8.0},{"not_picked":["Slimebound:GoopTackle","Slimebound:ServeAndProtect"],"picked":"Slimebound:Darklings","floor":10.0},{"not_picked":["Slimebound:HauntingLick","Slimebound:RollThrough"],"picked":"Slimebound:ProtectTheBoss","floor":11.0},{"not_picked":["Blind","The Bomb"],"picked":"Flash of Steel","floor":13.0},{"not_picked":["Slimebound:Teamwork","Slimebound:LeechLife"],"picked":"Slimebound:TagTeam","floor":16.0},{"not_picked":["Slimebound:FinishingTackle","Slimebound:SamplingLick"],"picked":"Slimebound:LivingWall","floor":18.0},{"not_picked":["Slimebound:Equalize","Slimebound:FinishingTackle+1"],"picked":"Slimebound:Overexert","floor":20.0},{"not_picked":["Slimebound:Prepare","Slimebound:PressTheAttack"],"picked":"Slimebound:Recollect+1","floor":23.0},{"not_picked":["Slimebound:SlimeSlap","Slimebound:SplitBruiser"],"picked":"Slimebound:MegaLick+1","floor":27.0},{"not_picked":["Slimebound:HungryTackle","Slimebound:ProtectTheBoss"],"picked":"Slimebound:MegaLick+1","floor":30.0},{"not_picked":["Slimebound:OozeBath","Slimebound:CheckThePlaybook"],"picked":"Slimebound:DuplicatedForm","floor":33.0},{"not_picked":["Slimebound:Gluttony","Slimebound:SplitBruiser+1"],"picked":"Slimebound:GoopSpray+1","floor":35.0},{"not_picked":["Slimebound:GrowthPunch","Slimebound:RainOfGoop+1"],"picked":"Slimebound:LevelUp+1","floor":35.0},{"not_picked":["Slimebound:SlimeBrawl","Slimebound:AcidTongue+1"],"picked":"Slimebound:SpikyOuterGoop+1","floor":36.0},{"not_picked":["Slimebound:SlimeBrawl+1","Slimebound:BestDefense"],"picked":"Slimebound:MegaLick+1","floor":36.0},{"not_picked":["Slimebound:PressTheAttack","Slimebound:LeechingTouch+1"],"picked":"Slimebound:SamplingLick+1","floor":38.0},{"not_picked":["Slimebound:SlimeTap","Slimebound:LeadByExample"],"picked":"Slimebound:Dissolve+1","floor":38.0},{"not_picked":["Slimebound:LeechingTouch","Slimebound:RollThrough+1"],"picked":"Slimebound:ForwardTackle+1","floor":41.0},{"not_picked":["Slimebound:SlimeSpikes","Slimebound:GoopTackle+1","Slimebound:Prepare"],"picked":"SKIP","floor":44.0},{"not_picked":["Slimebound:SlimeBarrage","Slimebound:PressTheAttack+1"],"picked":"Slimebound:TongueLash","floor":46.0},{"not_picked":["Slimebound:SamplingLick","Slimebound:GoopTackle+1","Slimebound:RollThrough"],"picked":"SKIP","floor":46.0},{"not_picked":["Slimebound:Schlurp","Slimebound:ServeAndProtect+1"],"picked":"Slimebound:LeadByExample+1","floor":47.0},{"not_picked":["Slimebound:BestDefense","Slimebound:GoopTackle"],"picked":"Slimebound:MinionMaster","floor":47.0},{"not_picked":["Slimebound:ForwardTackle","Slimebound:ComboTackle","Slimebound:FinishingTackle"],"picked":"SKIP","floor":54.0}],"player_experience":1074485,"relics_obtained":[{"floor":6.0,"key":"Nunchaku"},{"floor":8.0,"key":"StrikeDummy"},{"floor":9.0,"key":"champ:DeflectingBracers"},{"floor":10.0,"key":"Ice Cream"},{"floor":23.0,"key":"Smiling Mask"},{"floor":26.0,"key":"Prayer Wheel"},{"floor":27.0,"key":"Bronze Scales"},{"floor":29.0,"key":"HornCleat"},{"floor":30.0,"key":"Pen Nib"},{"floor":41.0,"key":"TungstenRod"},{"floor":44.0,"key":"Toy Ornithopter"},{"floor":45.0,"key":"Lizard Tail"},{"floor":48.0,"key":"Torii"},{"floor":54.0,"key":"InkBottle"}],"event_choices":[{"cards_removed":["Slimebound:Defend_Slimebound"],"damage_healed":0.0,"max_hp_gain":0.0,"max_hp_loss":0.0,"gold_gain":0.0,"event_name":"Golden Wing","player_choice":"Card Removal","floor":2.0,"gold_loss":0.0,"damage_taken":7.0},{"damage_healed":0.0,"max_hp_gain":0.0,"max_hp_loss":0.0,"gold_gain":1.0,"event_name":"betterStone:BetterStone","player_choice":"1","floor":13.0,"gold_loss":0.0,"damage_taken":0.0},{"damage_healed":0.0,"max_hp_gain":5.0,"max_hp_loss":0.0,"gold_gain":0.0,"event_name":"Big Fish","player_choice":"Donut","floor":14.0,"gold_loss":0.0,"damage_taken":0.0},{"damage_healed":0.0,"max_hp_gain":0.0,"max_hp_loss":0.0,"gold_gain":0.0,"event_name":"WeMeetAgain","player_choice":"Paid Gold","floor":21.0,"gold_loss":63.0,"damage_taken":0.0,"relics_obtained":["Happy Flower"]},{"damage_healed":0.0,"max_hp_gain":0.0,"max_hp_loss":0.0,"gold_gain":0.0,"event_name":"Accursed Blacksmith","player_choice":"Forge","floor":22.0,"gold_loss":0.0,"damage_taken":0.0,"cards_upgraded":["Slimebound:TagTeam"]},{"damage_healed":0.0,"max_hp_gain":0.0,"max_hp_loss":0.0,"gold_gain":100.0,"event_name":"Golden Shrine","player_choice":"Pray","floor":28.0,"gold_loss":0.0,"damage_taken":0.0},{"damage_healed":0.0,"max_hp_gain":0.0,"max_hp_loss":4.0,"gold_gain":0.0,"event_name":"Winding Halls","player_choice":"Max HP","floor":37.0,"gold_loss":0.0,"damage_taken":0.0},{"damage_healed":0.0,"max_hp_gain":0.0,"max_hp_loss":0.0,"gold_gain":0.0,"event_name":"Tomb of Lord Red Mask","player_choice":"Paid","floor":39.0,"gold_loss":161.0,"damage_taken":0.0,"relics_obtained":["Red Mask"]},{"damage_healed":0.0,"max_hp_gain":0.0,"max_hp_loss":0.0,"gold_gain":0.0,"event_name":"MindBloom","player_choice":"Fight","floor":48.0,"gold_loss":0.0,"damage_taken":0.0}],"is_beta":false,"boss_relics":[{"not_picked":["Snecko Eye","Velvet Choker"],"picked":"Slimebound:AbsorbEndCombatUpgraded"},{"not_picked":["Coffee Dripper","Sozu"],"picked":"sneckomod:SneckoTalon"}],"items_purged_floors":[0,0,24,53],"is_endless":false,"potions_floor_spawned":[1,5,6,8,10,16,18,27,33,36,41,44],"ascension_level":9}}