{"host":"7sni158j623xchr2","time":1613159931,"event":{"mods":["BaseMod","Colored Map","Highlight Path","Minty Spire (QoL Compilation)","Permanent Neow","Potion Indicator Mod","Rare Cards Sparkle","Relic Sorter","Relic Stats","StSLib","everything is the same but u backflip on backflip"],"gold_per_floor":[117,131,131,155,166,166,176,201,224,253,263,438,438,438,438,535,535,547,547,566,11,28,28,55,15,94,94,18,45,45,59,59,164,164,181,181,200,211,230,230,265,265,289,314,333,333,349,359,359,359,359,359,19,52,52],"floor_reached":56,"language":"ENG","playtime":1690,"items_purged":["Strike_P","Parasite"],"score":1409,"play_id":"dee90320-16bc-421c-a1f7-d0c82d2d3f98","local_time":"20210212135851","is_ascension_mode":true,"campfire_choices":[{"data":"CrushJoints","floor":6,"key":"SMITH"},{"data":"Eruption","floor":13,"key":"SMITH"},{"data":"Scrawl","floor":15,"key":"SMITH"},{"data":"Adaptation","floor":23,"key":"SMITH"},{"data":"Adaptation","floor":27,"key":"SMITH"},{"data":"Shame","floor":32,"key":"PURGE"},{"data":"Parasite","floor":40,"key":"PURGE"},{"data":"Injury","floor":42,"key":"PURGE"},{"floor":46,"key":"RECALL"},{"data":"Scrawl","floor":49,"key":"SMITH"},{"data":"WaveOfTheHand","floor":52,"key":"SMITH"}],"circlet_count":0,"master_deck":["Strike_P","Strike_P","Strike_P","Defend_P","Defend_P","Defend_P","Eruption+1","Vigilance","Scrawl+1","BattleHymn","FearNoEvil","CrushJoints+1","EmptyBody","ThirdEye","Weave","Tantrum+1","Adaptation+1","FlurryOfBlows","Fasting2","Adaptation+1","Sanctity+1","Scrawl+1","JustLucky+1","ClearTheMind+1","WaveOfTheHand+1","DeceiveReality+1","ThirdEye"],"relics":["PureWater","Akabeko","Boot","PreservedInsect","Ancient Tea Set","Darkstone Periapt","Cursed Key","Incense Burner","Pen Nib","Matryoshka","Bag of Marbles","Anchor","Peace Pipe","Black Star","Nunchaku","Shuriken","Vajra","Orichalcum","The Courier","Dead Branch","TeardropLocket","Strawberry","Bronze Scales"],"acts_visited":["Exordium","TheCity","TheBeyond","TheEnding"],"potions_floor_usage":[8,11,16,16,29,29,48,50,55],"damage_taken":[{"damage":0,"enemies":"Small Slimes","floor":1,"turns":2},{"damage":3,"enemies":"Jaw Worm","floor":2,"turns":2},{"damage":0,"enemies":"Cultist","floor":5,"turns":2},{"damage":4,"enemies":"Blue Slaver","floor":7,"turns":2},{"damage":24,"enemies":"3 Sentries","floor":8,"turns":4},{"damage":0,"enemies":"Lagavulin","floor":10,"turns":4},{"damage":4,"enemies":"Exordium Wildlife","floor":11,"turns":3},{"damage":3,"enemies":"Hexaghost","floor":16,"turns":6},{"damage":3,"enemies":"3 Byrds","floor":18,"turns":6},{"damage":0,"enemies":"Chosen","floor":20,"turns":3},{"damage":3,"enemies":"Centurion and Healer","floor":22,"turns":3},{"damage":7,"enemies":"Slavers","floor":24,"turns":3},{"damage":7,"enemies":"Book of Stabbing","floor":29,"turns":2},{"damage":10,"enemies":"Chosen and Byrds","floor":31,"turns":2},{"damage":0,"enemies":"Champ","floor":33,"turns":5},{"damage":4,"enemies":"Orb Walker","floor":35,"turns":2},{"damage":28,"enemies":"3 Darklings","floor":37,"turns":3},{"damage":0,"enemies":"Transient","floor":38,"turns":5},{"damage":0,"enemies":"Writhing Mass","floor":39,"turns":3},{"damage":2,"enemies":"Reptomancer","floor":41,"turns":4},{"damage":0,"enemies":"Giant Head","floor":44,"turns":2},{"damage":0,"enemies":"Sphere and 2 Shapes","floor":45,"turns":2},{"damage":17,"enemies":"Jaw Worm Horde","floor":47,"turns":4},{"damage":0,"enemies":"Spire Growth","floor":48,"turns":1},{"damage":35,"enemies":"Awakened One","floor":50,"turns":7},{"damage":14,"enemies":"Shield and Spear","floor":54,"turns":4},{"damage":48,"enemies":"The Heart","floor":55,"turns":5}],"seed_played":"7492995819007110895","potions_obtained":[{"floor":2,"key":"SpeedPotion"},{"floor":5,"key":"FearPotion"},{"floor":7,"key":"ColorlessPotion"},{"floor":8,"key":"DuplicationPotion"},{"floor":20,"key":"ColorlessPotion"},{"floor":24,"key":"SneckoOil"},{"floor":37,"key":"GamblersBrew"},{"floor":38,"key":"ColorlessPotion"},{"floor":45,"key":"Fire Potion"},{"floor":48,"key":"Energy Potion"}],"is_trial":false,"path_per_floor":["M","M","?","T","M","R","M","E","T","E","M","?","R","T","R","B",null,"M","?","M","$","M","R","E","$","T","R","$","E","?","M","R","B",null,"M","?","M","M","M","R","E","R","T","E","M","R","M","M","R","B",null,"R","$","E","B",null],"character_chosen":"WATCHER","items_purchased":["Incense Burner","FlurryOfBlows","Pen Nib","Adaptation","Ancient Potion","TeardropLocket","DuplicationPotion"],"campfire_rested":0,"item_purchase_floors":[21,21,21,25,28,53,53],"current_hp_per_floor":[51,48,41,41,41,41,37,13,13,13,9,9,9,9,9,6,72,69,69,69,69,66,66,59,59,65,65,65,58,64,54,54,54,84,80,80,52,52,58,58,56,56,62,62,62,62,45,45,45,10,93,93,90,83,35],"gold":52,"neow_bonus":"THREE_RARE_CARDS","is_daily":false,"chose_seed":false,"campfire_upgraded":7,"win_rate":0.0,"timestamp":1613159931,"path_taken":["M","M","?","?","M","R","M","E","T","E","?","?","R","?","R","BOSS","M","?","M","$","M","R","E","?","T","R","$","E","?","?","R","BOSS","M","?","M","M","M","R","E","R","T","E","?","R","M","M","R","BOSS","R","$","E","BOSS"],"items_purchased_type":["Relic","Card","Relic","Card","Potion","Relic","Potion"],"build_version":"2020-12-22","purchased_purges":2,"victory":true,"max_hp_per_floor":[72,72,72,72,72,72,72,72,72,72,72,72,72,72,72,72,72,72,72,72,72,72,72,72,72,78,78,78,78,84,84,84,84,84,84,84,84,84,90,87,87,87,93,93,93,93,93,93,93,93,93,93,90,97,97],"relic_stats":{"Darkstone Periapt":24,"counters":[27,91],"Dead Branch":[27],"PreservedInsect":359,"Pen Nib":[20],"Orichalcum":[0],"Boot":[82],"Cursed Key":2,"Peace Pipe":3,"Nunchaku":[9],"Shuriken":[25],"Bronze Scales":[39],"Black Star":3,"obtain_stats":[{"Darkstone Periapt":14,"Dead Branch":44,"Vajra":43,"PreservedInsect":9,"Pen Nib":21,"The Courier":44,"Incense Burner":21,"TeardropLocket":53,"Orichalcum":43,"Boot":8,"Ancient Tea Set":10,"Cursed Key":17,"Akabeko":4,"Peace Pipe":30,"Anchor":29,"Nunchaku":41,"Matryoshka":24,"Shuriken":41,"Strawberry":54,"Bronze Scales":54,"Bag of Marbles":26,"Black Star":34,"PureWater":0},{"Darkstone Periapt":7,"Dead Branch":21,"Vajra":20,"PreservedInsect":5,"Pen Nib":10,"The Courier":21,"Incense Burner":10,"TeardropLocket":25,"Orichalcum":20,"Boot":5,"Ancient Tea Set":6,"Cursed Key":8,"Akabeko":2,"Peace Pipe":13,"Anchor":13,"Nunchaku":20,"Matryoshka":12,"Shuriken":20,"Strawberry":26,"Bronze Scales":26,"Bag of Marbles":12,"Black Star":15,"PureWater":0},{"Darkstone Periapt":19,"Dead Branch":68,"Vajra":66,"PreservedInsect":12,"Pen Nib":34,"The Courier":68,"Incense Burner":34,"TeardropLocket":82,"Orichalcum":66,"Boot":12,"Ancient Tea Set":16,"Cursed Key":25,"Akabeko":4,"Peace Pipe":42,"Anchor":42,"Nunchaku":66,"Matryoshka":40,"Shuriken":66,"Strawberry":86,"Bronze Scales":86,"Bag of Marbles":40,"Black Star":49,"PureWater":0}]},"card_choices":[{"not_picked":["Blasphemy","Alpha"],"picked":"Scrawl","floor":0},{"not_picked":["Prostrate","Sanctity"],"picked":"BattleHymn","floor":1},{"not_picked":["Vengeance","Prostrate"],"picked":"FearNoEvil","floor":2},{"not_picked":["JustLucky","CutThroughFate"],"picked":"CrushJoints","floor":5},{"not_picked":["Meditate","Vengeance"],"picked":"EmptyBody","floor":7},{"not_picked":["CutThroughFate","WaveOfTheHand"],"picked":"ThirdEye","floor":8},{"not_picked":["Omniscience","ReachHeaven","ClearTheMind"],"picked":"SKIP","floor":10},{"not_picked":["Protect","WindmillStrike"],"picked":"Weave","floor":11},{"not_picked":["Swivel","WindmillStrike+1"],"picked":"Tantrum+1","floor":18},{"not_picked":["WreathOfFlame+1","PathToVictory+1"],"picked":"Adaptation","floor":20},{"not_picked":["FlyingSleeves","Nirvana","Protect"],"picked":"SKIP","floor":22},{"not_picked":["CutThroughFate","Swivel"],"picked":"Fasting2","floor":24},{"not_picked":["WreathOfFlame","Fasting2+1"],"picked":"Sanctity+1","floor":29},{"not_picked":["CutThroughFate","FollowUp","Collect"],"picked":"SKIP","floor":31},{"not_picked":["Judgement","SpiritShield"],"picked":"Scrawl","floor":33},{"not_picked":["FlurryOfBlows+1","Crescendo"],"picked":"JustLucky+1","floor":35},{"not_picked":["FollowUp+1","Pray+1","CarveReality+1"],"picked":"SKIP","floor":37},{"not_picked":["ReachHeaven+1","JustLucky+1"],"picked":"ClearTheMind+1","floor":38},{"not_picked":["CrushJoints+1","BattleHymn"],"picked":"WaveOfTheHand","floor":39},{"not_picked":["Nirvana+1","Meditate+1","CutThroughFate"],"picked":"SKIP","floor":41},{"not_picked":["BowlingBash+1","FollowUp"],"picked":"DeceiveReality+1","floor":44},{"not_picked":["ForeignInfluence","FollowUp"],"picked":"ThirdEye","floor":45},{"not_picked":["Judgement","Crescendo+1","SignatureMove+1"],"picked":"SKIP","floor":47},{"not_picked":["Crescendo+1","ThirdEye","Conclude"],"picked":"SKIP","floor":48},{"not_picked":["EmptyFist","Worship","SashWhip"],"picked":"SKIP","floor":54}],"player_experience":1786208,"relics_obtained":[{"floor":4,"key":"Akabeko"},{"floor":8,"key":"Boot"},{"floor":9,"key":"PreservedInsect"},{"floor":10,"key":"Ancient Tea Set"},{"floor":14,"key":"Darkstone Periapt"},{"floor":24,"key":"Matryoshka"},{"floor":26,"key":"Bag of Marbles"},{"floor":29,"key":"Anchor"},{"floor":41,"key":"Nunchaku"},{"floor":41,"key":"Shuriken"},{"floor":43,"key":"Vajra"},{"floor":43,"key":"Orichalcum"},{"floor":44,"key":"The Courier"},{"floor":44,"key":"Dead Branch"},{"floor":54,"key":"Strawberry"},{"floor":54,"key":"Bronze Scales"}],"event_choices":[{"cards_removed":["Defend_P"],"damage_healed":0,"gold_gain":0,"player_choice":"Card Removal","damage_taken":7,"max_hp_gain":0,"max_hp_loss":0,"event_name":"Golden Wing","floor":3,"gold_loss":0},{"damage_healed":0,"gold_gain":175,"player_choice":"AGREE","damage_taken":0,"max_hp_gain":0,"max_hp_loss":0,"event_name":"Liars Game","floor":12,"gold_loss":0,"cards_obtained":["Doubt"]},{"cards_removed":["Doubt"],"damage_healed":0,"gold_gain":0,"player_choice":"Removed Curses","damage_taken":0,"max_hp_gain":0,"max_hp_loss":0,"event_name":"Fountain of Cleansing","floor":19,"gold_loss":0},{"damage_healed":0,"gold_gain":0,"player_choice":"Stole Relic","damage_taken":0,"relics_obtained":["Peace Pipe"],"max_hp_gain":0,"max_hp_loss":0,"event_name":"Addict","floor":30,"gold_loss":0,"cards_obtained":["Shame"]},{"damage_healed":0,"gold_gain":0,"player_choice":"Ignored","damage_taken":0,"max_hp_gain":0,"max_hp_loss":0,"event_name":"NoteForYourself","floor":36,"gold_loss":0}],"is_beta":false,"boss_relics":[{"not_picked":["Calling Bell","Fusion Hammer"],"picked":"Cursed Key"},{"not_picked":["Runic Dome","Velvet Choker"],"picked":"Black Star"}],"items_purged_floors":[21,53],"is_endless":false,"potions_floor_spawned":[2,5,7,8,20,24,37,38,45,47,48],"ascension_level":1}}