{"host":"fb3cqlxw9llnrhqy","time":1613112840,"event":{"mods":["BaseMod","Downfall","Minty Spire (QoL Compilation)","Quick Restart","StSLib"],"gold_per_floor":[111,111,91,55,30,30,7,7,7,7,17,68,68,143,143,246,246,263,223,30,30,30,30,49,49,49,49,49,49,12,64,64,64,64,64],"floor_reached":33,"language":"ZHS","playtime":1190,"items_purged":[],"score":273,"play_id":"1af4235f-985a-440c-b1fa-c16e23ba452d","local_time":"20210212145400","daily_mods":["Diverse","Time Dilation","Flight","downfall:Jewelcrafting","downfall:ChampStances","downfall:Improvised"],"is_ascension_mode":false,"campfire_choices":[{"data":"DevaForm","floor":13,"key":"SMITH"},{"floor":15,"key":"REST"},{"data":"bronze:Verify","floor":23,"key":"SMITH"},{"data":"sneckomod:SerpentMind","floor":25,"key":"SMITH"},{"floor":32,"key":"REST"}],"circlet_count":0,"master_deck":["Demon Form","Wraith Form v2+1","Echo Form","DevaForm+1","bronze:Verify+1","Guardian:ConstructionForm","Slimebound:DuplicatedForm","sneckomod:SerpentMind+1","hexamod:HexaLevel+1","champ:GladiatorForm","Slimebound:Strike_Slimebound","Slimebound:Strike_Slimebound","Slimebound:Strike_Slimebound","Slimebound:Tackle","Slimebound:Defend_Slimebound","Slimebound:Defend_Slimebound","Slimebound:Defend_Slimebound","Slimebound:Defend_Slimebound","Slimebound:Split","Slimebound:CorrosiveSpit","Guardian:ExploitGems","Guardian:ExploitGems","sneckomod:UnknownCommonAttack","sneckomod:UnknownCommonAttack","sneckomod:UnknownCommonAttack","sneckomod:UnknownCommonSkill","sneckomod:UnknownCommonSkill","sneckomod:UnknownCommonSkill","sneckomod:UnknownUncommonAttack","sneckomod:UnknownUncommonSkill","sneckomod:UnknownUncommonPower","sneckomod:Unknown","Slimebound:Prepare","sneckomod:DiceBoulder","bronze:Turbo","Halt","Guardian:Gem_Yellow","Guardian:Gem_Blue","champ:DefensiveShout","Ragnarok","Slimebound:ViciousTackle","sneckomod:ImprovisedAttack","Purity","sneckomod:UnknownRareAttack","Aggregate","Nirvana"],"relics":["Slimebound:AbsorbEndCombat","Guardian:PickAxe","champ:ChampStancesModRelic","Question Card","Bottled Flame","Runic Pyramid","Guardian:PocketSentry","MutagenicStrength","Slimebound:MaxSlimesRelic","Enchiridion","sneckomod:BabySnecko","Juzu Bracelet"],"acts_visited":["Exordium","TheCity"],"potions_floor_usage":[11,33],"damage_taken":[{"damage":24,"enemies":"Jaw Worm","floor":1,"turns":2},{"damage":1,"enemies":"Cultist","floor":11,"turns":4},{"damage":16,"enemies":"Hexaghost","floor":16,"turns":8},{"damage":31,"enemies":"Spheric Guardian","floor":18,"turns":5},{"damage":46,"enemies":"Shell Parasite","floor":24,"turns":7},{"damage":50,"enemies":"Champ","floor":33,"turns":11}],"seed_played":"-6473623447448827","potions_obtained":[{"floor":3,"key":"Swift Potion"},{"floor":11,"key":"Regen Potion"}],"is_trial":true,"path_per_floor":["M","?","?","$","$","R","$","R","T","R","M","?","R","?","R","B",null,"M","?","$","?","?","R","M","R","T","?","?","?","$","T","R","B"],"character_chosen":"SLIMEBOUND","items_purchased":["sneckomod:DiceBoulder","bronze:Turbo","Halt","Guardian:PocketSentry","sneckomod:ImprovisedAttack","Nirvana"],"campfire_rested":2,"item_purchase_floors":[4,5,7,20,20,30],"current_hp_per_floor":[51,18,18,18,18,18,18,18,18,18,21,21,21,21,40,52,65,49,49,49,49,49,49,22,22,22,6,6,6,6,6,25,0,0,0],"gold":64,"neow_bonus":"","is_daily":false,"chose_seed":false,"campfire_upgraded":3,"win_rate":0.0,"timestamp":1613112840,"path_taken":["M","?","?","$","$","R","$","R","T","R","?","?","R","?","R","BOSS","M","?","?","?","?","R","?","R","T","?","?","?","?","?","R","BOSS"],"items_purchased_type":["Card","Card","Card","Relic","Card","Card"],"build_version":"2020-12-22","purchased_purges":0,"victory":false,"max_hp_per_floor":[65,65,65,65,65,65,65,65,65,65,65,65,65,65,65,65,65,65,65,65,65,65,65,65,65,65,65,65,65,65,65,65,65,65,65],"card_choices":[{"not_picked":["Slimebound:ItLooksTasty","Tempest"],"picked":"Slimebound:Prepare","floor":1},{"not_picked":["Slimebound:SlimeBrawl","Flechettes","Slimebound:SplitLeeching"],"picked":"champ:DefensiveShout","floor":11},{"not_picked":["Echo Form","champ:IgnorePain","champ:Devastate"],"picked":"Ragnarok","floor":16},{"not_picked":["Heatsinks+1","sneckomod:WideSting","Riddle With Holes"],"picked":"Slimebound:ViciousTackle","floor":18},{"not_picked":["sneckomod:Memorize","Perfected Strike","bronze:WildBeam"],"picked":"Aggregate","floor":24}],"player_experience":142333,"relics_obtained":[{"floor":9,"key":"Bottled Flame"},{"floor":26,"key":"Slimebound:MaxSlimesRelic"},{"floor":27,"key":"Enchiridion"},{"floor":31,"key":"Juzu Bracelet"}],"event_choices":[{"damage_healed":0,"gold_gain":0,"player_choice":"Success","damage_taken":33,"relics_obtained":["Question Card"],"max_hp_gain":0,"max_hp_loss":0,"event_name":"Scrap Ooze","floor":2,"gold_loss":0},{"damage_healed":0,"gold_gain":0,"player_choice":"Bought 1 Potion","damage_taken":0,"max_hp_gain":0,"max_hp_loss":0,"event_name":"The Woman in Blue","floor":3,"gold_loss":0},{"damage_healed":0,"gold_gain":51,"player_choice":"Gained Gold","damage_taken":0,"max_hp_gain":0,"max_hp_loss":0,"event_name":"Golden Wing","floor":12,"gold_loss":0},{"damage_healed":0,"gold_gain":0,"player_choice":"Upgraded Two","damage_taken":0,"max_hp_gain":0,"max_hp_loss":0,"event_name":"Designer","floor":19,"gold_loss":40,"cards_upgraded":["hexamod:HexaLevel","Wraith Form v2"]},{"damage_healed":0,"gold_gain":0,"player_choice":"Inject Mutagens","damage_taken":0,"relics_obtained":["MutagenicStrength"],"max_hp_gain":0,"max_hp_loss":0,"event_name":"Drug Dealer","floor":21,"gold_loss":0},{"damage_healed":0,"gold_gain":0,"player_choice":"2 cards matched","damage_taken":0,"max_hp_gain":0,"max_hp_loss":0,"event_name":"Match and Keep!","floor":22,"gold_loss":0,"cards_obtained":["Purity","sneckomod:UnknownRareAttack"]},{"damage_healed":0,"gold_gain":0,"player_choice":"Obtained Book","damage_taken":16,"max_hp_gain":0,"max_hp_loss":0,"event_name":"Cursed Tome","floor":27,"gold_loss":0}],"is_beta":false,"boss_relics":[{"not_picked":["Cursed Key","Empty Cage"],"picked":"Runic Pyramid"}],"items_purged_floors":[],"is_endless":false,"potions_floor_spawned":[11],"killed_by":"Champ","ascension_level":0}}