{"host":"ou23awlgcm0pi7o1","time":1613169238,"event":{"mods":["BaseMod","Colored Map","Minty Spire (QoL Compilation)","StSLib","The Animator","Unceasing Turn Reminder"],"gold_per_floor":[113,113,113,26,26,26,43,43,70,70,395,395,433,62,62,167,167,183,108,120,120,137,177,177,210,210,210,75,75,75],"floor_reached":29,"language":"ENG","playtime":2531,"items_purged":["animator:Strike_MadokaMagica","animator:Defend_MadokaMagica+1"],"score":257,"play_id":"849fd4a4-6a36-4bfa-98ed-3623e3673c93","local_time":"20210212223358","is_ascension_mode":true,"campfire_choices":[{"data":"animator:GazelDwargon","floor":6,"key":"SMITH"},{"data":"animator:Saber","floor":8,"key":"SMITH"},{"data":"animator:IrohaTamaki","floor":10,"key":"SMITH"},{"data":"animator:IrohaTamaki","floor":15,"key":"SMITH"},{"data":"animator:YachiyoNanami","floor":24,"key":"SMITH"}],"circlet_count":0,"master_deck":["animator:IrohaTamaki+1","animator:YuiTsuruno","animator:Saber+1","animator:Shuna","animator:GazelDwargon+1","animator:Strike_GoblinSlayer","animator:Defend_OwariNoSeraph+1","animator:Defend_Elsword+1","animator:Defend_Fate+1","animator:NarberalGamma","animator:IrohaTamaki+1","animator:YachiyoNanami+1","animator:Kaijin+1","animator:Rimuru","animator:Sonic+1","animator:KyokoSakura+1","animator:Kaijin+1","animator:GazelDwargon+1","animator:SayakaMiki","animator:SayakaMiki"],"relics":["animator:LivingPicture","animator:TheMissingPiece","animator:WornHelmet","Old Coin","animator:HallowedScabbard","MealTicket","Frozen Egg 2","Coffee Dripper","Blood Vial","Red Mask","Gremlin Horn"],"acts_visited":["Exordium","TheCity"],"potions_floor_usage":[11,20,23],"damage_taken":[{"damage":0,"enemies":"2 Louse","floor":1,"turns":2},{"damage":0,"enemies":"Jaw Worm","floor":7,"turns":4},{"damage":1,"enemies":"Gremlin Nob","floor":11,"turns":5},{"damage":8,"enemies":"3 Sentries","floor":13,"turns":7},{"damage":22,"enemies":"Hexaghost","floor":16,"turns":11},{"damage":2,"enemies":"Shell Parasite","floor":18,"turns":7},{"damage":2,"enemies":"2 Thieves","floor":20,"turns":4},{"damage":0,"enemies":"Shelled Parasite and Fungi","floor":22,"turns":7},{"damage":27,"enemies":"Slavers","floor":23,"turns":8},{"damage":19,"enemies":"Masked Bandits","floor":25,"turns":6},{"damage":0,"enemies":"animator:HornedBat","floor":29,"turns":5}],"seed_played":"5300243888680267419","potions_obtained":[{"floor":7,"key":"SkillPotion"},{"floor":13,"key":"Fire Potion"},{"floor":22,"key":"EssenceOfSteel"}],"is_trial":false,"path_per_floor":["M","?","?","?","?","R","M","R","T","R","E","?","E","$","R","B",null,"M","?","M","?","M","E","R","?","T","?","$","E"],"character_chosen":"THE_ANIMATOR","items_purchased":["Frozen Egg 2","animator:Kaijin+1","animator:SayakaMiki"],"campfire_rested":0,"item_purchase_floors":[14,14,28],"current_hp_per_floor":[66,71,71,71,57,57,57,57,57,57,56,56,48,63,63,51,71,69,69,68,68,68,51,51,38,38,25,40,42,42],"gold":75,"neow_bonus":"ONE_RANDOM_RARE_CARD","is_daily":false,"chose_seed":false,"campfire_upgraded":5,"win_rate":0.0,"timestamp":1613169238,"path_taken":["M","?","?","?","?","R","M","R","T","R","E","?","E","?","R","BOSS","M","?","M","?","M","E","R","?","T","?","?","E"],"items_purchased_type":["Relic","Card","Card"],"build_version":"2020-12-22","purchased_purges":2,"victory":false,"max_hp_per_floor":[66,71,71,71,71,71,71,71,71,71,71,71,71,71,71,71,71,71,71,72,72,72,72,72,72,72,77,77,77,77],"card_choices":[{"not_picked":["animator:NagisaMomoe","animator:RinTohsaka"],"picked":"animator:Shuna","floor":1},{"not_picked":["animator:Shuna","animator:Tyuule"],"picked":"animator:NarberalGamma","floor":7},{"not_picked":["animator:GoblinSlayer","animator:TukaLunaMarceau"],"picked":"animator:IrohaTamaki","floor":11},{"not_picked":["animator:SayakaMiki","animator:IrohaTamaki"],"picked":"animator:YachiyoNanami","floor":13},{"not_picked":["animator:Gilgamesh","animator:HomuraAkemi"],"picked":"animator:Rimuru","floor":16},{"not_picked":["animator:Geryuganshoop","animator:TukaLunaMarceau"],"picked":"animator:Sonic+1","floor":18},{"not_picked":["animator:Shuna","animator:Illya+1"],"picked":"animator:KyokoSakura+1","floor":20},{"not_picked":["animator:Demiurge+1","animator:Alexander+1"],"picked":"animator:GazelDwargon+1","floor":22},{"not_picked":["animator:IrohaTamaki","animator:MamiTomoe"],"picked":"animator:SayakaMiki","floor":23}],"player_experience":138829,"relics_obtained":[{"floor":9,"key":"animator:WornHelmet"},{"floor":11,"key":"Old Coin"},{"floor":13,"key":"MealTicket"},{"floor":23,"key":"Blood Vial"},{"floor":25,"key":"Red Mask"},{"floor":26,"key":"Gremlin Horn"}],"event_choices":[{"damage_healed":0,"gold_gain":0,"player_choice":"Donut","damage_taken":0,"max_hp_gain":5,"max_hp_loss":0,"event_name":"Big Fish","floor":2,"gold_loss":0},{"damage_healed":0,"gold_gain":0,"cards_transformed":["animator:Strike"],"player_choice":"Change","damage_taken":0,"max_hp_gain":0,"max_hp_loss":0,"event_name":"Living Wall","floor":3,"gold_loss":0,"cards_obtained":["animator:GazelDwargon"]},{"damage_healed":0,"gold_gain":0,"player_choice":"Entered Light","damage_taken":14,"max_hp_gain":0,"max_hp_loss":0,"event_name":"Shining Light","floor":5,"gold_loss":0,"cards_upgraded":["animator:Defend_Fate","animator:Defend_OwariNoSeraph"]},{"damage_healed":0,"gold_gain":0,"player_choice":"Searched \u00272\u0027 times","damage_taken":0,"relics_obtained":["animator:HallowedScabbard"],"max_hp_gain":0,"max_hp_loss":0,"event_name":"Dead Adventurer","floor":12,"gold_loss":0},{"cards_removed":["animator:Strike_MadokaMagica"],"damage_healed":0,"gold_gain":0,"player_choice":"Gave Gold","damage_taken":0,"max_hp_gain":0,"max_hp_loss":0,"event_name":"Beggar","floor":19,"gold_loss":75},{"damage_healed":0,"gold_gain":0,"player_choice":"Read","damage_taken":0,"max_hp_gain":0,"max_hp_loss":0,"event_name":"The Library","floor":21,"gold_loss":0,"cards_obtained":["animator:Kaijin"]},{"damage_healed":0,"gold_gain":0,"player_choice":"Fought Bandits","damage_taken":0,"max_hp_gain":0,"max_hp_loss":0,"event_name":"Masked Bandits","floor":25,"gold_loss":0},{"damage_healed":0,"gold_gain":0,"player_choice":"Shed Blood","damage_taken":18,"max_hp_gain":5,"max_hp_loss":0,"event_name":"Forgotten Altar","floor":27,"gold_loss":0}],"is_beta":false,"boss_relics":[{"not_picked":["Cursed Key","Astrolabe"],"picked":"Coffee Dripper"}],"items_purged_floors":[14,28],"is_endless":false,"potions_floor_spawned":[7,13,22],"killed_by":"animator:HornedBat","ascension_level":1}}