{"host":"iy54rgx5egu9t31x","time":1613132482,"event":{"mods":["2.2 Compatiblity","Act Like it!","Always Whale","BaseMod","Downfall","Gensokyo","Marisa¡]Ãú«B¡@Å]²z¨F¡^","Minty Spire (QoL Compilation)","Quick Restart","StSLib","SuperFastMode"],"gold_per_floor":[199,213,213,213,231,258,281,339,49,61,73,99,211,251,275,584,596,408,437,461,473,36,73,85,382,414,443,494,533,945,969,1232,1244,1244,1244],"floor_reached":33,"language":"ZHS","playtime":1452,"items_purged":[],"score":420,"play_id":"7b8b7b02-103d-478e-996d-137688cc8057","local_time":"20210212202122","is_ascension_mode":true,"campfire_choices":[{"floor":1.0,"key":"RECALL"},{"data":"sneckomod:UnknownRarePower","floor":18.0,"key":"SMITH"}],"circlet_count":0,"master_deck":["sneckomod:Strike","sneckomod:Strike","sneckomod:Strike","sneckomod:Defend","sneckomod:Defend","sneckomod:Defend","sneckomod:TailWhip","sneckomod:SnekBite","sneckomod:Unknown","sneckomod:Unknown","sneckomod:UnendingSupply","Injury","Gensokyo:CrescentMoonSlash","sneckomod:Unknown1Cost","sneckomod:UnknownRarePower+1","Gensokyo:RPG","Pain","sneckomod:SlitherStrike","sneckomod:SerpentIdol","sneckomod:PureSnecko","sneckomod:Transmogrify","sneckomod:UnknownClassUrban Legend","sneckomod:UnlimitedRolls","sneckomod:TrashToTreasure+1","Gensokyo:AllTheWorldsEvil","sneckomod:UnlimitedRolls+1","sneckomod:UnknownCommonSkill+1","sneckomod:UnknownClassUrban Legend+1","sneckomod:SnekBeam+1","sneckomod:SnekBeam","PowerUp","sneckomod:UnknownUncommonSkill","sneckomod:GlitteringGambit","sneckomod:UnknownColorless","sneckomod:Unknown3Cost"],"relics":["sneckomod:SneckoSoul","Anchor","MawBank","Bag of Preparation","Toolbox","Gensokyo:LunaticRedEyes","Bottled Tornado","Philosopher\u0027s Stone","downfall:HeartBlessingRed","downfall:HeartBlessingGreen","The Courier","ClockworkSouvenir","OrangePellets","Lantern","Shovel","sneckomod:ConfusingCodex","Centennial Puzzle","sneckomod:LoadedDie"],"acts_visited":["Gensokyo:Gensokyo","Gensokyo:Gensokyoer"],"potions_floor_usage":[32,33,33],"damage_taken":[{"damage":6.0,"enemies":"Gensokyo:Gryphon","floor":2.0,"turns":4.0},{"damage":0.0,"enemies":"Gensokyo:3_Fairies","floor":5.0,"turns":3.0},{"damage":15.0,"enemies":"Gensokyo:Mamizou","floor":6.0,"turns":10.0},{"damage":9.0,"enemies":"Gensokyo:Aya","floor":8.0,"turns":4.0},{"damage":1.0,"enemies":"Gensokyo:2_Kodama","floor":12.0,"turns":3.0},{"damage":10.0,"enemies":"Gensokyo:Mamizou","floor":14.0,"turns":5.0},{"damage":1.0,"enemies":"Gensokyo:2_Rabbits","floor":15.0,"turns":2.0},{"damage":24.0,"enemies":"WA_ARCHETYPE_RETAIN","floor":16.0,"turns":7.0},{"damage":1.0,"enemies":"Gensokyo:CosmicMonolith","floor":19.0,"turns":2.0},{"damage":0.0,"enemies":"Gensokyo:3_Dogs","floor":20.0,"turns":3.0},{"damage":38.0,"enemies":"Gensokyo:Reisen","floor":23.0,"turns":7.0},{"damage":7.0,"enemies":"downfall:FleeingMerchant","floor":25.0,"turns":4.0},{"damage":16.0,"enemies":"Gensokyo:Swordslinger","floor":26.0,"turns":3.0},{"damage":10.0,"enemies":"Gensokyo:Mirror_and_Dog","floor":27.0,"turns":2.0},{"damage":9.0,"enemies":"Gensokyo:Monolith_and_Dog","floor":28.0,"turns":4.0},{"damage":2.0,"enemies":"Gensokyo:Tenshi","floor":29.0,"turns":2.0},{"damage":0.0,"enemies":"Gensokyo:Swordslinger","floor":31.0,"turns":1.0},{"damage":1,"enemies":"Gensokyo:Slime_Group","floor":32,"turns":3},{"damage":9,"enemies":"DF_ARCHETYPE_CLAW","floor":33,"turns":2}],"seed_played":"-6025663642396502608","potions_obtained":[{"floor":2.0,"key":"BlessingOfTheForge"},{"floor":6.0,"key":"ColorlessPotion"},{"floor":14.0,"key":"Fire Potion"},{"floor":23.0,"key":"Dexterity Potion"},{"floor":26.0,"key":"SmokeBomb"},{"floor":27.0,"key":"Weak Potion"},{"floor":31.0,"key":"Fire Potion"},{"floor":32,"key":"Fire Potion"}],"is_trial":false,"path_per_floor":["R","M","?","?","M","E","T","E","COS","T","?","M","?","E","M","B",null,"R","M","M","?","COS","E","T","$","M","M","M","E","?","M","M","B"],"character_chosen":"THE_SNECKO","items_purchased":[],"campfire_rested":0,"item_purchase_floors":[],"current_hp_per_floor":[90,84,84,71,71,56,56,47,47,47,47,46,46,36,35,11,90,90,89,89,89,89,51,51,44,28,18,9,7,7,7,6,0,0,0],"gold":1244,"neow_bonus":"HUNDRED_GOLD","is_daily":false,"chose_seed":false,"campfire_upgraded":1,"win_rate":0.0,"timestamp":1613132482,"path_taken":["R","M","?","?","?","E","T","E","COS","?","?","?","?","E","M","BOSS","R","M","M","?","COS","E","T","$","M","M","M","E","?","M","M","BOSS"],"items_purchased_type":[],"build_version":"2020-12-22","purchased_purges":0,"victory":false,"max_hp_per_floor":[90,90,90,90,90,90,90,90,90,90,90,90,90,90,90,90,90,90,90,90,90,90,90,90,90,90,90,90,90,90,90,90,90,90,90],"card_choices":[{"not_picked":["sneckomod:UnknownColorless","sneckomod:UnknownCommonAttack"],"picked":"sneckomod:UnendingSupply","floor":2.0},{"not_picked":["sneckomod:SoulRoll","sneckomod:UnknownClassSLIMEBOUND"],"picked":"sneckomod:Unknown1Cost","floor":5.0},{"not_picked":["sneckomod:UnknownClassSLIMEBOUND","sneckomod:ImprovisedGuard"],"picked":"sneckomod:Unknown0Cost","floor":6.0},{"not_picked":["sneckomod:UnknownExhaust","sneckomod:Unknown1Cost"],"picked":"sneckomod:UnknownRarePower","floor":8.0},{"not_picked":["sneckomod:IronFang","sneckomod:Unknown1Cost"],"picked":"sneckomod:SlitherStrike","floor":12.0},{"not_picked":["sneckomod:Nope","sneckomod:UnknownDraw"],"picked":"sneckomod:SerpentIdol","floor":14.0},{"not_picked":["sneckomod:UnknownClassMARISA_COLOR","sneckomod:SoulCleanse"],"picked":"sneckomod:PureSnecko","floor":15.0},{"not_picked":["sneckomod:DangerNoodle","sneckomod:GlitteringGambit"],"picked":"sneckomod:Transmogrify","floor":16.0},{"not_picked":["sneckomod:Unknown1Cost","sneckomod:MasterEye"],"picked":"sneckomod:UnknownClassUrban Legend","floor":19.0},{"not_picked":["sneckomod:Cheat","sneckomod:UnknownRarePower"],"picked":"sneckomod:UnlimitedRolls","floor":20.0},{"not_picked":["sneckomod:UnknownUncommonAttack","sneckomod:UnknownUncommonSkill+1"],"picked":"sneckomod:TrashToTreasure+1","floor":20.0},{"not_picked":["sneckomod:Unknown1Cost+1","sneckomod:Nope+1"],"picked":"sneckomod:UnlimitedRolls+1","floor":23.0},{"not_picked":["sneckomod:Unknown2Cost","sneckomod:MasterEye+1"],"picked":"sneckomod:UnknownCommonSkill+1","floor":23.0},{"not_picked":["sneckomod:PureSnecko","sneckomod:SnekBeam"],"picked":"sneckomod:UnknownClassUrban Legend+1","floor":25.0},{"not_picked":["sneckomod:UnknownExhaust","sneckomod:ImprovisedGuard"],"picked":"sneckomod:SnekBeam+1","floor":26.0},{"not_picked":["sneckomod:Nope","sneckomod:Unknown1Cost"],"picked":"sneckomod:SnekBeam","floor":27.0},{"not_picked":["sneckomod:ImprovisedAttack","sneckomod:SnekBeam"],"picked":"sneckomod:UnknownUncommonSkill","floor":28.0},{"not_picked":["sneckomod:SoulDraw","sneckomod:DefensiveFlair"],"picked":"sneckomod:GlitteringGambit","floor":29.0},{"not_picked":["sneckomod:DiceCrush","sneckomod:QuickMove"],"picked":"sneckomod:UnknownColorless","floor":31.0},{"not_picked":["sneckomod:RainOfDice+1","sneckomod:IronFang"],"picked":"sneckomod:Unknown3Cost","floor":32}],"player_experience":1087431,"relics_obtained":[{"floor":6.0,"key":"FossilizedHelix"},{"floor":7.0,"key":"MawBank"},{"floor":8.0,"key":"Bag of Preparation"},{"floor":10.0,"key":"PreservedInsect"},{"floor":14.0,"key":"Bottled Tornado"},{"floor":23.0,"key":"sneckomod:ConfusingCodex"},{"floor":23.0,"key":"Shovel"},{"floor":24.0,"key":"Lantern"},{"floor":25.0,"key":"Shovel"},{"floor":27.0,"key":"sneckomod:ConfusingCodex"},{"floor":29.0,"key":"Centennial Puzzle"},{"floor":32,"key":"sneckomod:LoadedDie"}],"event_choices":[],"is_beta":false,"boss_relics":[{"not_picked":["Empty Cage","SacredBark"],"picked":"Philosopher\u0027s Stone"}],"items_purged_floors":[],"is_endless":false,"potions_floor_spawned":[2,6,14,23,26,27,31,32],"killed_by":"DF_ARCHETYPE_CLAW","ascension_level":1}}