{"host":"yn8e34lr4ydjr5xp","time":1613123300,"event":{"mods":["100% Spire Juice","Act Like it!","Arknights","BaseMod","Decade(王小明)","Dota2Spire","Gensokyo","GungeonMod","Hallownest","KomeijiMod","Minty Spire (QoL Compilation)","MostiFishMod","Nova Terra(诺娃・泰拉)","Pale of the Ancients","Replay The Spire","SIMod","StSLib","The Blackbeard","The Bug Knight","The Gatherer","The Hierophant","The Servant 0.9.4"],"gold_per_floor":[116,116,129,143,143,178,192,37,37,50,50,73,73,88,88,192,192,208,228,7,7,19,50,50,80,80,80,140,152,152,167,167,272,272,291,356,176,190,65,65,77,103,183,183,212,212,224,224,224,224,224,234,234,-1166,-1166,-1166,-1166],"floor_reached":56,"language":"ZHS","playtime":10003,"items_purged":["CommonCold"],"score":1002,"play_id":"a121407e-feb6-44ce-b186-f741592982a8","local_time":"20210212174820","is_ascension_mode":false,"campfire_choices":[{"data":"HollowMod:CloakDash","floor":11.0,"key":"SMITH"},{"data":"HollowMod:CornifersMapStart","floor":13.0,"key":"SMITH"},{"data":"HollowMod:SoulMaster","floor":24,"key":"SMITH"},{"data":"HollowMod:DesolateDive","floor":27,"key":"SMITH"},{"data":"HollowMod:CloakDash","floor":32,"key":"SMITH"},{"data":"HollowMod:theNailsmith","floor":40,"key":"SMITH"},{"data":"HollowMod:SlysStrikes","floor":44,"key":"SMITH"},{"data":"HollowMod:SoulEater","floor":49,"key":"SMITH"},{"floor":55,"key":"REST"}],"circlet_count":0,"master_deck":["HollowMod:NailStrikeStart","HollowMod:NailStrikeStart","HollowMod:NailStrikeStart","HollowMod:NailStrikeStart","HollowMod:QuickDashStart","HollowMod:QuickDashStart","HollowMod:QuickDashStart","HollowMod:QuickDashStart","HollowMod:FocusHealStart","HollowMod:PogoStrike","HollowMod:VengefulSpirit","HollowMod:CornifersMapStart+1","HollowMod:HowlingWraiths","HollowMod:PureNailStrike+1","HollowMod:CloakDash+1","HollowMod:SoulStrike","HollowMod:SoulMaster+1","MostiFishMod:Neptune","MostiFishMod:TheEndOfMoonlight","MostiFishMod:SparklingWater","MostiFishMod:FantasySummer","MostiFishMod:NightSea","HollowMod:CornifersMapStart+1","HollowMod:SoulEater+1","HollowMod:Hiveblood","HollowMod:CycloneSlash+1","HollowMod:DesolateDive+1","HollowMod:SoulShaman","HollowMod:CloakDash+1","HollowMod:theNailsmith+1","HollowMod:CloakDash+1","HollowMod:GoodIntentions+1","HollowMod:SoulStrike+1","HollowMod:SoulEater+1","HollowMod:SlysStrikes+1","HollowMod:ChannelNail+1","HollowMod:CycloneSlash"],"relics":["HollowMod:VesselMask","DaveBox","JellyFishMachine","SynthV:TestCard","Hallownest:DreamNailRelic","Ring of Peace","Ring of Searing","Replay:Wax Seal","ChiLing","Chi","Ling","Dota2Spire:Desolator","Replay:Baseball","MoonlightInvasionPlan","SynthV","Hallownest:WatcherSealRelic","White Beast Statue","Calipers","Bag of Marbles","Toy Ornithopter","RhineSuit","Ice Cream","Hallownest:StagBellRelic1","HollowMod:LifeEnderRelic","Dota2Spire:AghanimScepter","Dota2Spire:MonkeyKingBar","HollowMod:MillibellesNoteRelic","paleoftheancients:Timepiece","CultistMask","paleoftheancients:SoulOfTheShowman","SynthV:MejaisSoulstealer"],"acts_visited":["Hallownest:Greenpath","Hallownest:CityofTears","Hallownest:KingdomsEdge","paleoftheancients:PaleOfTheAncients"],"potions_floor_usage":[33,33,33,50,50,50],"damage_taken":[{"damage":0.0,"enemies":"Hallownest:2_Tiktiks_and_1_Crawlid","floor":1.0,"turns":3.0},{"damage":0.0,"enemies":"Hallownest:monsterHuskWarrior","floor":3.0,"turns":3.0},{"damage":0.0,"enemies":"Hallownest:2_MossCreeps","floor":4.0,"turns":3.0},{"damage":15.0,"enemies":"Hallownest:eliteVengeflyKing","floor":6.0,"turns":5.0},{"damage":16.0,"enemies":"Hallownest:1_Ooma_and_2_Uuma","floor":7.0,"turns":7.0},{"damage":1.0,"enemies":"Hallownest:Wandering_and_Horned","floor":10.0,"turns":1.0},{"damage":1.0,"enemies":"Hallownest:monsterFoolEater","floor":14.0,"turns":2.0},{"damage":29.0,"enemies":"Hallownest:BossFalseKnight","floor":16.0,"turns":5.0},{"damage":0.0,"enemies":"Hallownest:3_Youths","floor":18.0,"turns":1.0},{"damage":8,"enemies":"Hallownest:2_Mistakes","floor":19,"turns":3},{"damage":14,"enemies":"Hallownest:monsterShrumalOgre","floor":22,"turns":3},{"damage":34,"enemies":"Hallownest:eliteWatcherKnight","floor":23,"turns":8},{"damage":27,"enemies":"Hallownest:Nosk","floor":25,"turns":8},{"damage":1,"enemies":"Hallownest:Master_and_Novice","floor":29,"turns":2},{"damage":10,"enemies":"Hallownest:2_Flukemon","floor":31,"turns":4},{"damage":44,"enemies":"Hallownest:BossMantisLord","floor":33,"turns":5},{"damage":22,"enemies":"Hallownest:Shield_Heavy","floor":35,"turns":3},{"damage":22,"enemies":"Hallownest:2_Primals","floor":36,"turns":4},{"damage":2,"enemies":"Hallownest:3_Siblings","floor":38,"turns":3},{"damage":6,"enemies":"Hallownest:monsterPrimalAspid","floor":41,"turns":2},{"damage":7,"enemies":"Hallownest:eliteCollector","floor":42,"turns":6},{"damage":2,"enemies":"Hallownest:eliteHiveKnight","floor":45,"turns":4},{"damage":0,"enemies":"Hallownest:2_Soldiers_and_1_Guardian","floor":47,"turns":2},{"damage":29,"enemies":"Hallownest:BossHollowKnight","floor":50,"turns":6},{"damage":126,"enemies":"Hallownest:BossHollowKnight","floor":51,"turns":8},{"damage":89,"enemies":"Hallownest:BossHollowKnight","floor":52,"turns":7},{"damage":488,"enemies":"Hallownest:BossHollowKnight","floor":56,"turns":3}],"seed_played":"6684263495052377079","potions_obtained":[{"floor":1.0,"key":"Explosive Potion"},{"floor":3.0,"key":"SkillPotion"},{"floor":7.0,"key":"Block Potion"},{"floor":25,"key":"Reflective Coating"},{"floor":28,"key":"PowerPotion"},{"floor":28,"key":"DistilledChaos"},{"floor":33,"key":"Flashbang"},{"floor":35,"key":"Strength Potion"},{"floor":36,"key":"Block Potion"},{"floor":38,"key":"Elixir"},{"floor":52,"key":"Adrenaline Potion"}],"is_trial":false,"path_per_floor":["M","?","M","M","?","E","M","$","T","M","R","T","R","M","R","B",null,"M","M","$","?","M","E","R","E","T","R","?","M","?","M","R","B",null,"M","?","?","M","?","R","M","E","T","R","E","?","M","?","R","B","M","M","?","$","R","M"],"character_chosen":"THE_BUGKNIGHT","items_purchased":["ChiLing","SynthV","SynthV:MejaisSoulstealer"],"campfire_rested":1,"item_purchase_floors":[8,20,54],"current_hp_per_floor":[82,82,82,82,82,67,57,57,57,56,56,56,56,55,79,56,82,82,74,74,74,60,53,53,62,62,62,41,40,40,36,36,19,87,70,66,66,70,70,70,69,62,62,62,60,60,60,75,75,87,87,53,53,53,79,0,0],"gold":-1166,"neow_bonus":"TEN_PERCENT_HP_BONUS","is_daily":false,"chose_seed":false,"campfire_upgraded":8,"win_rate":0.0,"timestamp":1613123300,"path_taken":["M","?","M","?","?","E","?","$","T","M","R","?","R","M","R","BOSS","M","M","$","?","M","E","R","E","T","R","?","M","?","M","R","BOSS","M","?","?","M","?","R","M","E","T","R","E","?","M","?","R","BOSS","M","M","?","$","R","M"],"items_purchased_type":["Relic","Relic","Relic"],"build_version":"2020-12-22","purchased_purges":1,"victory":false,"max_hp_per_floor":[82,82,82,82,82,82,82,82,82,82,82,82,82,82,82,82,82,82,82,82,82,82,82,82,87,87,87,87,87,87,87,87,87,87,87,87,87,87,87,87,87,87,87,87,87,87,87,87,87,87,87,87,87,87,87,87,87],"card_choices":[{"not_picked":["HollowMod:DescendingDark","HollowMod:TaintedHusks"],"picked":"HollowMod:VengefulSpirit","floor":1.0},{"not_picked":["HollowMod:MawleksShell","HollowMod:QuirrelsAssistance","HollowMod:SoulSplash","HollowMod:Grubsong"],"picked":"HollowMod:CornifersMapStart","floor":3.0},{"not_picked":["HollowMod:SiblingsSouls","HollowMod:ShadowDash","HollowMod:DescendingDark","HollowMod:SharpenedShadows"],"picked":"HollowMod:HowlingWraiths","floor":4.0},{"not_picked":["HollowMod:AbyssShriek","HollowMod:NewGlowingWomb","HollowMod:InfectedCysts","HollowMod:SoulSplash"],"picked":"HollowMod:PureNailStrike","floor":6.0},{"not_picked":["HollowMod:HowlingWraiths","HollowMod:ShadowDash","HollowMod:FallenFury","HollowMod:NewGlowingWomb","HollowMod:LifebloodCocoon"],"picked":"SKIP","floor":7.0},{"not_picked":["HollowMod:ShadowDash","HollowMod:RecoilStrike","HollowMod:CrystalDash","HollowMod:InfectedAttack"],"picked":"HollowMod:CloakDash","floor":10.0},{"not_picked":["HollowMod:VengefulVoid","HollowMod:GrimmsGift","HollowMod:FastStrike","HollowMod:FallenFury"],"picked":"HollowMod:SoulStrike","floor":14.0},{"not_picked":["HollowMod:ZotesMagnificence","HollowMod:VoidDash","HollowMod:NewInfectedGuardian","HollowMod:SlysStrikes"],"picked":"HollowMod:SoulMaster","floor":16.0},{"not_picked":["HollowMod:CloakDash","HollowMod:ShapeofUnn","HollowMod:SoulStrike","HollowMod:MonarchWings+1"],"picked":"HollowMod:CornifersMapStart+1","floor":18},{"not_picked":["HollowMod:Weaversong","HollowMod:DesolateDive+1","HollowMod:AbyssShriek","HollowMod:Grubsong"],"picked":"HollowMod:SoulEater+1","floor":19},{"not_picked":["HollowMod:ShadowDash+1","HollowMod:DescendingDark","HollowMod:HeavyBlow","HollowMod:HowlingWraiths+1"],"picked":"HollowMod:Hiveblood","floor":22},{"not_picked":["HollowMod:DungDefenderAura","HollowMod:CrystalDash","HollowMod:GreatSlash","HollowMod:InfectionAssault"],"picked":"HollowMod:CycloneSlash+1","floor":23},{"not_picked":["HollowMod:SoulVessel","HollowMod:PureNailStrike+1","HollowMod:SiblingsShadow","HollowMod:DungDefenderAura"],"picked":"HollowMod:DesolateDive","floor":25},{"not_picked":["HollowMod:MonarchWings","HollowMod:CornifersMapStart","HollowMod:NewLittleFool+1","HollowMod:SharpenedShadows"],"picked":"HollowMod:SoulShaman","floor":29},{"not_picked":["HollowMod:HowlingWraiths","HollowMod:MonarchWings","HollowMod:HornetsHelp","HollowMod:AbyssShriek+1"],"picked":"HollowMod:CloakDash","floor":31},{"not_picked":["HollowMod:MidwifesHunger","HollowMod:ElderbugsWisdom","HollowMod:SoulMaster","HollowMod:NewInfectedGuardian"],"picked":"HollowMod:theNailsmith","floor":33},{"not_picked":["HollowMod:NewJinnsSoul","HollowMod:NewGlowingWomb+1","HollowMod:CornifersMapStart+1","HollowMod:WraithStrike"],"picked":"HollowMod:CloakDash+1","floor":35},{"not_picked":["HollowMod:HeavyBlow","HollowMod:HowlingWraiths+1","HollowMod:TaintedHusks","HollowMod:MantisMark"],"picked":"HollowMod:GoodIntentions+1","floor":36},{"not_picked":["HollowMod:ShadowDash","HollowMod:PureNailStrike","HollowMod:PerfectDash+1","HollowMod:SoulSplash+1"],"picked":"HollowMod:SoulStrike+1","floor":38},{"not_picked":["HollowMod:Weaversong","HollowMod:GoodIntentions+1","HollowMod:BaldurShell","HollowMod:LifebloodCocoon+1"],"picked":"HollowMod:SoulEater","floor":41},{"not_picked":["HollowMod:DoubleDash","HollowMod:NewGlowingWomb+1","HollowMod:DungDefenderAura","HollowMod:CloakDash"],"picked":"HollowMod:SlysStrikes","floor":42},{"not_picked":["HollowMod:SharpenedNail","HollowMod:NewLittleFool+1","HollowMod:DoubleDash+1","HollowMod:DescendingDark","HollowMod:VengefulVoid+1"],"picked":"SKIP","floor":45},{"not_picked":["HollowMod:HornetsHelp","HollowMod:SiblingsShadow","HollowMod:SharpenedNail","HollowMod:DoubleDash"],"picked":"HollowMod:ChannelNail+1","floor":47},{"not_picked":["HollowMod:HowlingWraiths+1","HollowMod:GoodIntentions","HollowMod:NewLittleFool","HollowMod:SoulEater+1"],"picked":"HollowMod:CycloneSlash","floor":52}],"player_experience":178118,"relics_obtained":[{"floor":1.0,"key":"SynthV:TestCard"},{"floor":5.0,"key":"Ring of Peace"},{"floor":5.0,"key":"Ring of Searing"},{"floor":6.0,"key":"Replay:Wax Seal"},{"floor":9.0,"key":"Dota2Spire:Desolator"},{"floor":12.0,"key":"Replay:Baseball"},{"floor":23,"key":"White Beast Statue"},{"floor":25,"key":"Calipers"},{"floor":26,"key":"Bag of Marbles"},{"floor":28,"key":"Toy Ornithopter"},{"floor":36,"key":"Ice Cream"},{"floor":42,"key":"Dota2Spire:AghanimScepter"},{"floor":43,"key":"Dota2Spire:MonkeyKingBar"},{"floor":45,"key":"HollowMod:MillibellesNoteRelic"},{"floor":52,"key":"paleoftheancients:SoulOfTheShowman"}],"event_choices":[],"is_beta":false,"boss_relics":[{"not_picked":["EE1DDrone","Transparent"],"picked":"MoonlightInvasionPlan"},{"not_picked":["Coffee Dripper","Replay:Drink Me"],"picked":"RhineSuit"}],"items_purged_floors":[20],"is_endless":false,"potions_floor_spawned":[1,3,7,14,25,29,31,33,35,36,38,41,42,45,47,51,52],"killed_by":"Hallownest:BossHollowKnight","ascension_level":0}}