{"host":"pqs17sqrgflf4eqa","time":1613099680,"event":{"mods":["AchievementEnabler","BaseMod","Bestiary","Better Altar","Colored Map","Colored Powertips","Emptier Cage","Googly Eyes","Highlight Path","Minty Spire (QoL Compilation)","Quick Restart","StSLib","SuperFastMode","Transform Curses","slay the spire mod where everything is the same but ironclad has a cowboy hat"],"gold_per_floor":[113,128,148,159,8,8,26,58,58,90,90,90,109,134,134,134,134],"floor_reached":16,"language":"ENG","playtime":367,"items_purged":[],"score":153,"play_id":"209c2e68-8033-41e7-8b93-ec99e74f3e69","local_time":"20210211221440","is_ascension_mode":true,"campfire_choices":[{"data":"Eruption","floor":6,"key":"SMITH"},{"floor":11,"key":"REST"},{"floor":15,"key":"REST"}],"circlet_count":0,"master_deck":["Strike_P","Strike_P","Strike_P","Strike_P","Defend_P","Defend_P","Defend_P+1","Defend_P+1","Eruption+1","Vigilance","DevaForm","WindmillStrike","FollowUp","JustLucky","EmptyFist","Indignation","Brilliance","FearNoEvil","FlurryOfBlows","FlyingSleeves"],"relics":["PureWater","Membership Card","Unceasing Top","Pear","Thread and Needle","Yang"],"acts_visited":["Exordium"],"potions_floor_usage":[8,10,14,16],"damage_taken":[{"damage":0,"enemies":"Small Slimes","floor":1,"turns":2},{"damage":7,"enemies":"2 Louse","floor":2,"turns":2},{"damage":7,"enemies":"Cultist","floor":3,"turns":3},{"damage":13,"enemies":"Large Slime","floor":4,"turns":3},{"damage":7,"enemies":"Gremlin Gang","floor":7,"turns":3},{"damage":24,"enemies":"Gremlin Nob","floor":8,"turns":4},{"damage":13,"enemies":"Lagavulin","floor":10,"turns":5},{"damage":0,"enemies":"2 Fungi Beasts","floor":13,"turns":2},{"damage":6,"enemies":"3 Sentries","floor":14,"turns":6},{"damage":37,"enemies":"The Guardian","floor":16,"turns":8}],"seed_played":"8742831988736719339","potions_obtained":[{"floor":1,"key":"PowerPotion"},{"floor":8,"key":"ColorlessPotion"},{"floor":10,"key":"LiquidBronze"},{"floor":14,"key":"Strength Potion"}],"is_trial":false,"path_per_floor":["M","M","M","M","$","R","M","E","T","E","R","?","M","E","R","B"],"character_chosen":"WATCHER","items_purchased":["Membership Card"],"campfire_rested":2,"item_purchase_floors":[5],"current_hp_per_floor":[72,65,58,45,45,45,38,14,24,11,35,19,19,13,37,0,0],"gold":134,"neow_bonus":"ONE_RANDOM_RARE_CARD","is_daily":false,"chose_seed":false,"campfire_upgraded":1,"win_rate":0.0,"timestamp":1613099680,"path_taken":["M","M","M","M","$","R","M","E","T","E","R","?","M","E","R","BOSS"],"items_purchased_type":["Relic"],"build_version":"2020-12-22","purchased_purges":0,"victory":false,"max_hp_per_floor":[72,72,72,72,72,72,72,72,82,82,82,82,82,82,82,82,82],"card_choices":[{"not_picked":["SandsOfTime","ClearTheMind"],"picked":"WindmillStrike","floor":1},{"not_picked":["EmptyFist","EmptyBody"],"picked":"FollowUp","floor":2},{"not_picked":["Nirvana","ThirdEye"],"picked":"JustLucky","floor":3},{"not_picked":["FollowUp","ThirdEye"],"picked":"EmptyFist","floor":4},{"not_picked":["WreathOfFlame","Fasting2"],"picked":"Indignation","floor":7},{"not_picked":["JustLucky","CrushJoints"],"picked":"Brilliance","floor":8},{"not_picked":["Consecrate","FollowUp"],"picked":"FearNoEvil","floor":10},{"not_picked":["Evaluate","Conclude"],"picked":"FlurryOfBlows","floor":13},{"not_picked":["LessonLearned","Prostrate"],"picked":"FlyingSleeves","floor":14}],"player_experience":167570,"relics_obtained":[{"floor":8,"key":"Unceasing Top"},{"floor":9,"key":"Pear"},{"floor":10,"key":"Thread and Needle"},{"floor":14,"key":"Yang"}],"event_choices":[{"damage_healed":0,"gold_gain":0,"player_choice":"Entered Light","damage_taken":16,"max_hp_gain":0,"max_hp_loss":0,"event_name":"Shining Light","floor":12,"gold_loss":0,"cards_upgraded":["Defend_P","Defend_P"]}],"is_beta":false,"boss_relics":[],"items_purged_floors":[],"is_endless":false,"potions_floor_spawned":[1,8,10,14],"killed_by":"The Guardian","ascension_level":5}}