{"host":"bx54wbx1b8s5cm4v","time":1613170977,"event":{"mods":["BaseMod","Beaked The Cultist","GifTheSpireLib","Hubris","Marisa????????","Minty Spire (QoL Compilation)","StSLib","The Blackbeard","The Bladedancer","The Cursed","The Disciple","The Druid","The Forsaken","The Necromancer","The Runesmith","The Servant 0.9.4","TheBandit"],"gold_per_floor":[115,128,146,146,146,185,185,218,218,67,67,83,103,178,178,302,302,302],"floor_reached":17,"language":"ENG","playtime":586,"items_purged":["Strike_B"],"score":173,"play_id":"d931edc4-bf7a-4bad-bd1d-587ed7abd441","local_time":"20210212200257","is_ascension_mode":true,"campfire_choices":[{"floor":7,"key":"REST"},{"floor":15,"key":"REST"}],"circlet_count":0,"master_deck":["Strike_B","Strike_B","Strike_B","Defend_B","Defend_B","Defend_B","Zap+1","Dualcast","Hello World","Rip and Tear","Lockon","theForsaken:PlagueCurse","Cold Snap","Doom and Gloom","Lockon","Auto Shields","Multi-Cast"],"relics":["Cracked Core","Golden Idol","theForsaken:PlagueMask","Question Card","hubris:MysteriousPyramids","theForsaken:ScaryMask","hubris:ScarierMask"],"acts_visited":["Exordium","TheCity"],"potions_floor_usage":[],"damage_taken":[{"damage":0,"enemies":"2 Louse","floor":1,"turns":3},{"damage":0,"enemies":"Small Slimes","floor":2,"turns":3},{"damage":1,"enemies":"Jaw Worm","floor":3,"turns":2},{"damage":33,"enemies":"3 Sentries","floor":6,"turns":7},{"damage":17,"enemies":"Gremlin Nob","floor":8,"turns":3},{"damage":5,"enemies":"Large Slime","floor":12,"turns":5},{"damage":0,"enemies":"Blue Slaver","floor":13,"turns":3},{"damage":19,"enemies":"Slime Boss","floor":16,"turns":10}],"seed_played":"-2141142609496237437","potions_obtained":[{"floor":1,"key":"EssenceOfSteel"},{"floor":12,"key":"CultistPotion"},{"floor":13,"key":"Fire Potion"}],"is_trial":false,"path_per_floor":["M","M","M","?","?","E","R","E","T","$","?","M","M","?","R","B",null],"character_chosen":"DEFECT","items_purchased":["Lockon"],"campfire_rested":2,"item_purchase_floors":[10],"current_hp_per_floor":[75,75,74,56,56,23,45,28,28,28,28,23,23,12,34,15,75,75],"gold":302,"neow_bonus":"REMOVE_CARD","is_daily":false,"chose_seed":false,"campfire_upgraded":0,"win_rate":0.0,"timestamp":1613170977,"path_taken":["M","M","M","?","?","E","R","E","T","$","?","?","M","?","R","BOSS"],"items_purchased_type":["Card"],"build_version":"2020-12-22","purchased_purges":1,"victory":false,"max_hp_per_floor":[75,75,75,75,75,75,75,75,75,75,75,75,75,75,75,75,75,75],"card_choices":[{"not_picked":["Fusion","Beam Cell"],"picked":"Hello World","floor":1},{"not_picked":["Steam","Storm"],"picked":"Rip and Tear","floor":2},{"not_picked":["Hello World","Tempest"],"picked":"Lockon","floor":3},{"not_picked":["Hologram","Compile Driver"],"picked":"Cold Snap","floor":6},{"not_picked":["Undo","Buffer","Stack"],"picked":"Doom and Gloom","floor":8},{"not_picked":["Doom and Gloom","Storm","Compile Driver"],"picked":"Auto Shields","floor":12},{"not_picked":["Cold Snap","Compile Driver","Stack","Coolheaded"],"picked":"SKIP","floor":13},{"not_picked":["Fission","Echo Form","hubris:SpecializedCircuitry"],"picked":"Multi-Cast","floor":16}],"player_experience":43707,"relics_obtained":[{"floor":6,"key":"Question Card"},{"floor":8,"key":"hubris:MysteriousPyramids"},{"floor":9,"key":"theForsaken:ScaryMask"}],"event_choices":[{"damage_healed":0,"gold_gain":0,"player_choice":"Take Damage","damage_taken":18,"relics_obtained":["Golden Idol"],"max_hp_gain":0,"max_hp_loss":0,"event_name":"Golden Idol","floor":4,"gold_loss":0},{"damage_healed":0,"gold_gain":0,"player_choice":"Obtain Plague Curse","damage_taken":0,"max_hp_gain":0,"max_hp_loss":0,"event_name":"Plague Doctor","floor":5,"gold_loss":0,"cards_obtained":["theForsaken:PlagueCurse"]},{"damage_healed":0,"gold_gain":75,"player_choice":"Gather Gold","damage_taken":11,"max_hp_gain":0,"max_hp_loss":0,"event_name":"World of Goop","floor":14,"gold_loss":0}],"is_beta":false,"boss_relics":[{"not_picked":["Calling Bell","Empty Cage"],"picked":"hubris:ScarierMask"}],"items_purged_floors":[10],"is_endless":false,"potions_floor_spawned":[1,12,13],"ascension_level":1}}