{"host":"qbjtml023iza03hb","time":1613145516,"event":{"mods":["AchievementEnabler","BaseMod","Better Sensory Stone","Better Skull","Minty Spire (QoL Compilation)","StSLib"],"gold_per_floor":[118,193,219,229,245,245,170,170,170,170,170,201,24,41,41,144,144,159,183,58,58,70,70,101,118,165,181,215,233,233,28,28,132,132,148,164,164,180,192,192,207,224,297,317,332,361,321,331,331,331],"floor_reached":51,"language":"FRA","playtime":3293,"items_purged":["Defend_B","Strike_B","Defend_B"],"score":763,"play_id":"4d4cc581-4d4c-47fd-ba19-0619fde1ee01","local_time":"20210212165836","is_ascension_mode":true,"campfire_choices":[{"data":"Hologram","floor":6.0,"key":"SMITH"},{"data":"Zap","floor":8.0,"key":"SMITH"},{"data":"Dualcast","floor":10.0,"key":"SMITH"},{"data":"Barrage","floor":15.0,"key":"SMITH"},{"data":"Sunder","floor":23.0,"key":"SMITH"},{"data":"Defragment","floor":30.0,"key":"SMITH"},{"floor":32.0,"key":"REST"},{"data":"Reinforced Body","floor":40.0,"key":"SMITH"},{"floor":49.0,"key":"REST"}],"circlet_count":0,"master_deck":["Strike_B","Strike_B+1","Strike_B","Defend_B","Defend_B","Zap+1","Dualcast+1","Ball Lightning","Loop","Hologram+1","Reinforced Body+1","Sunder+1","Barrage+1","Machine Learning","CurseOfTheBell","Beam Cell+1","Capacitor","Coolheaded+1","Tempest","Core Surge","Steam Power+1","Cold Snap+1","Barrage+1","Defragment+1","Glacier","Reboot","Conserve Battery+1","Sweeping Beam+1","Recycle+1"],"relics":["Cracked Core","NeowsBlessing","Pen Nib","Incense Burner","Lantern","Calling Bell","Toy Ornithopter","Meat on the Bone","Calipers","Orichalcum","Bottled Flame","Regal Pillow","Sundial","Busted Crown","Shuriken","The Courier"],"acts_visited":["Exordium","TheCity","TheBeyond"],"potions_floor_usage":[50],"damage_taken":[{"damage":0.0,"enemies":"Jaw Worm","floor":1.0,"turns":1.0},{"damage":0.0,"enemies":"Cultist","floor":4.0,"turns":1.0},{"damage":0.0,"enemies":"2 Louse","floor":5.0,"turns":1.0},{"damage":28.0,"enemies":"Gremlin Nob","floor":12.0,"turns":4.0},{"damage":0.0,"enemies":"Red Slaver","floor":14.0,"turns":1.0},{"damage":23.0,"enemies":"Hexaghost","floor":16.0,"turns":9.0},{"damage":12.0,"enemies":"Chosen","floor":18.0,"turns":4.0},{"damage":6.0,"enemies":"2 Thieves","floor":22.0,"turns":3.0},{"damage":62.0,"enemies":"Slavers","floor":24.0,"turns":6.0},{"damage":4.0,"enemies":"Snecko","floor":25.0,"turns":3.0},{"damage":9.0,"enemies":"Snake Plant","floor":27.0,"turns":4.0},{"damage":12.0,"enemies":"Gremlin Leader","floor":28.0,"turns":6.0},{"damage":7.0,"enemies":"Cultist and Chosen","floor":29.0,"turns":4.0},{"damage":10.0,"enemies":"Automaton","floor":33.0,"turns":10.0},{"damage":18.0,"enemies":"3 Darklings","floor":35.0,"turns":5.0},{"damage":0.0,"enemies":"Orb Walker","floor":36.0,"turns":2.0},{"damage":10.0,"enemies":"Jaw Worm Horde","floor":38.0,"turns":3.0},{"damage":3.0,"enemies":"3 Darklings","floor":39.0,"turns":3.0},{"damage":7.0,"enemies":"Writhing Mass","floor":41.0,"turns":4.0},{"damage":3.0,"enemies":"Sphere and 2 Shapes","floor":42.0,"turns":2.0},{"damage":0.0,"enemies":"Transient","floor":44.0,"turns":5.0},{"damage":31.0,"enemies":"Writhing Mass","floor":45.0,"turns":5.0},{"damage":12.0,"enemies":"Nemesis","floor":46.0,"turns":7.0},{"damage":14.0,"enemies":"Spire Growth","floor":48.0,"turns":4.0},{"damage":25,"enemies":"Awakened One","floor":50,"turns":9}],"seed_played":"789692757004276766","potions_obtained":[{"floor":4.0,"key":"FocusPotion"},{"floor":12.0,"key":"LiquidMemories"},{"floor":16.0,"key":"ColorlessPotion"},{"floor":22.0,"key":"Fruit Juice"},{"floor":27.0,"key":"SpeedPotion"},{"floor":28.0,"key":"Explosive Potion"},{"floor":39.0,"key":"Weak Potion"},{"floor":44.0,"key":"Explosive Potion"},{"floor":45.0,"key":"Block Potion"},{"floor":46.0,"key":"GamblersBrew"}],"is_trial":false,"path_per_floor":["M","?","T","M","M","R","$","R","T","R","?","E","$","M","R","B",null,"M","T","$","?","M","R","E","M","T","M","E","M","R","$","R","B",null,"M","M","?","M","M","R","M","M","T","M","M","E","?","M","R","B",null],"character_chosen":"DEFECT","items_purchased":["Sunder","Capacitor","Coolheaded","Glacier"],"campfire_rested":2,"item_purchase_floors":[13,20,20,31],"current_hp_per_floor":[75,64,64,64,64,64,64,64,64,64,64,36,36,36,36,13,75,63,63,63,49,48,48,13,21,21,24,29,34,34,34,74,69,85,67,67,67,57,54,54,52,49,49,49,30,35,35,38,78,58],"gold":331,"neow_bonus":"THREE_ENEMY_KILL","is_daily":false,"chose_seed":false,"campfire_upgraded":7,"win_rate":0.0,"timestamp":1613145516,"path_taken":["M","?","?","M","?","R","$","R","T","R","?","E","$","M","R","BOSS","M","?","$","?","M","R","E","M","T","M","E","M","R","$","R","BOSS","M","M","?","M","M","R","M","M","T","?","M","E","?","?","R","BOSS"],"items_purchased_type":["Card","Card","Card","Card"],"build_version":"2020-12-22","purchased_purges":3,"victory":true,"max_hp_per_floor":[75,75,75,75,75,75,75,75,75,75,75,75,75,75,75,75,75,75,75,75,80,80,80,85,85,85,85,85,85,85,85,85,85,85,85,85,85,85,85,85,85,85,85,85,85,85,85,85,85,85],"card_choices":[{"not_picked":["Leap","Hologram"],"picked":"Ball Lightning","floor":1.0},{"not_picked":["Leap","Steam"],"picked":"Loop","floor":4.0},{"not_picked":["Gash","Darkness"],"picked":"Hologram","floor":5.0},{"not_picked":["Cold Snap","Steam"],"picked":"Reinforced Body","floor":12.0},{"not_picked":["Recycle","Darkness"],"picked":"Barrage","floor":14.0},{"not_picked":["Meteor Strike","All For One"],"picked":"Machine Learning","floor":16.0},{"not_picked":["Go for the Eyes","Streamline+1"],"picked":"Beam Cell+1","floor":18.0},{"not_picked":["Blizzard","Stack"],"picked":"Tempest","floor":22.0},{"not_picked":["Undo","Scrape"],"picked":"Core Surge","floor":24.0},{"not_picked":["Redo","Streamline"],"picked":"Steam Power+1","floor":25.0},{"not_picked":["Fusion","Heatsinks"],"picked":"Cold Snap+1","floor":27.0},{"not_picked":["Compile Driver+1","Hello World"],"picked":"Barrage+1","floor":28.0},{"not_picked":["Go for the Eyes","Coolheaded"],"picked":"Defragment","floor":29.0},{"not_picked":["Seek","Rainbow"],"picked":"Reboot","floor":33.0},{"not_picked":[],"picked":"Conserve Battery+1","floor":35.0},{"not_picked":["Redo"],"picked":"SKIP","floor":36.0},{"not_picked":[],"picked":"Sweeping Beam+1","floor":38.0},{"not_picked":["Skim"],"picked":"SKIP","floor":39.0},{"not_picked":["Ball Lightning"],"picked":"SKIP","floor":41.0},{"not_picked":["Compile Driver+1"],"picked":"SKIP","floor":42.0},{"not_picked":["Steam+1"],"picked":"SKIP","floor":44.0},{"not_picked":["Streamline+1"],"picked":"SKIP","floor":45.0},{"not_picked":["Fusion"],"picked":"SKIP","floor":46.0},{"not_picked":["Recycle+1"],"picked":"SKIP","floor":48.0},{"not_picked":[],"picked":"Recycle+1","floor":48.0}],"player_experience":280254,"relics_obtained":[{"floor":9.0,"key":"Pen Nib"},{"floor":12.0,"key":"Lantern"},{"floor":17.0,"key":"Toy Ornithopter"},{"floor":17.0,"key":"Meat on the Bone"},{"floor":17.0,"key":"Calipers"},{"floor":19.0,"key":"Orichalcum"},{"floor":24.0,"key":"Bottled Flame"},{"floor":26.0,"key":"Regal Pillow"},{"floor":28.0,"key":"Sundial"},{"floor":43.0,"key":"Shuriken"},{"floor":46.0,"key":"The Courier"}],"event_choices":[{"damage_healed":0.0,"max_hp_gain":0.0,"max_hp_loss":0.0,"gold_gain":75.0,"event_name":"World of Goop","player_choice":"Gather Gold","floor":2.0,"gold_loss":0.0,"damage_taken":11.0},{"damage_healed":0.0,"max_hp_gain":0.0,"max_hp_loss":0.0,"gold_gain":0.0,"event_name":"WeMeetAgain","player_choice":"Gave Potion","floor":11.0,"gold_loss":0.0,"damage_taken":0.0,"relics_obtained":["Incense Burner"]},{"damage_healed":0.0,"max_hp_gain":5.0,"max_hp_loss":0.0,"gold_gain":0.0,"event_name":"Forgotten Altar","player_choice":"Shed Blood","floor":21.0,"gold_loss":0.0,"damage_taken":19.0},{"damage_healed":0.0,"max_hp_gain":0.0,"max_hp_loss":0.0,"gold_gain":0.0,"event_name":"Match and Keep!","player_choice":"0 cards matched","floor":37.0,"gold_loss":0.0,"damage_taken":0.0,"cards_obtained":[]},{"damage_healed":0.0,"max_hp_gain":0.0,"max_hp_loss":0.0,"gold_gain":0.0,"event_name":"Designer","player_choice":"Upgraded Two","floor":47.0,"gold_loss":40.0,"damage_taken":0.0,"cards_upgraded":["Strike_B","Coolheaded"]}],"is_beta":false,"boss_relics":[{"not_picked":["Nuclear Battery","Sozu"],"picked":"Calling Bell"},{"not_picked":["SacredBark","Snecko Eye"],"picked":"Busted Crown"}],"items_purged_floors":[7,13,31],"is_endless":false,"potions_floor_spawned":[4,12,16,22,27,28,39,44,45,46],"ascension_level":2}}