{"host":"pqs17sqrgflf4eqa","time":1613101946,"event":{"mods":["AchievementEnabler","BaseMod","Bestiary","Better Altar","Colored Map","Colored Powertips","Emptier Cage","Googly Eyes","Highlight Path","Minty Spire (QoL Compilation)","Quick Restart","StSLib","SuperFastMode","Transform Curses","slay the spire mod where everything is the same but ironclad has a cowboy hat"],"gold_per_floor":[114,134,134,148,31,31,61,61,113,142,153,172,205,280,280,383,383,396,396,396,431,47,74,84,84,84],"floor_reached":25,"language":"ENG","playtime":448,"items_purged":[],"score":361,"play_id":"29713497-a358-465c-bb6f-7fea1fa54e2e","local_time":"20210211225226","is_ascension_mode":true,"campfire_choices":[{"data":"Eruption","floor":6,"key":"SMITH"},{"data":"FlyingSleeves","floor":8,"key":"SMITH"},{"floor":15,"key":"REST"}],"circlet_count":0,"master_deck":["Strike_P+1","Strike_P+1","Strike_P+1","Strike_P+1","Defend_P+1","Defend_P+1","Defend_P+1","Eruption+1","Vigilance","Consecrate","FlyingSleeves+1","FollowUp","Tantrum+1","Halt","Brilliance","ClearTheMind","Wallop","DevaForm","Halt+1","Protect","Indignation","Ragnarok","EmptyFist+1"],"relics":["PureWater","Omamori","Whetstone","MealTicket","Boot","Black Star","Red Mask","Bottled Flame","Orichalcum","TungstenRod"],"acts_visited":["Exordium","TheCity"],"potions_floor_usage":[13,16,21,21,23,23],"damage_taken":[{"damage":14,"enemies":"2 Louse","floor":1,"turns":2},{"damage":0,"enemies":"Cultist","floor":2,"turns":3},{"damage":0,"enemies":"Jaw Worm","floor":4,"turns":2},{"damage":0,"enemies":"Gremlin Nob","floor":7,"turns":2},{"damage":15,"enemies":"3 Sentries","floor":10,"turns":4},{"damage":0,"enemies":"Blue Slaver","floor":11,"turns":3},{"damage":0,"enemies":"Large Slime","floor":12,"turns":3},{"damage":0,"enemies":"Gremlin Nob","floor":13,"turns":2},{"damage":50,"enemies":"Hexaghost","floor":16,"turns":6},{"damage":11,"enemies":"2 Thieves","floor":18,"turns":3},{"damage":20,"enemies":"Masked Bandits","floor":21,"turns":4},{"damage":41,"enemies":"Book of Stabbing","floor":23,"turns":5},{"damage":0,"enemies":"3 Byrds","floor":24,"turns":3},{"damage":13,"enemies":"Slavers","floor":25,"turns":1}],"seed_played":"7927343449891496249","potions_obtained":[{"floor":1,"key":"DuplicationPotion"},{"floor":4,"key":"ColorlessPotion"},{"floor":7,"key":"Dexterity Potion"},{"floor":18,"key":"BottledMiracle"},{"floor":21,"key":"Explosive Potion"}],"is_trial":false,"path_per_floor":["M","M","?","M","$","R","E","R","T","E","M","M","E","?","R","B",null,"M","?","?","?","$","E","M","E"],"character_chosen":"WATCHER","items_purchased":["Tantrum","Strength Potion","Bottled Flame","Protect","Indignation","AttackPotion"],"campfire_rested":1,"item_purchase_floors":[5,5,22,22,22,22],"current_hp_per_floor":[65,65,65,65,65,65,65,65,65,50,50,50,50,39,62,12,62,51,51,51,31,46,5,5,0,0],"gold":84,"neow_bonus":"TEN_PERCENT_HP_BONUS","is_daily":false,"chose_seed":false,"campfire_upgraded":2,"win_rate":0.0,"timestamp":1613101946,"path_taken":["M","M","?","?","?","R","E","R","T","E","M","?","E","?","R","BOSS","M","?","?","?","$","E","M","E"],"items_purchased_type":["Card","Potion","Relic","Card","Card","Potion"],"build_version":"2020-12-22","purchased_purges":0,"victory":false,"max_hp_per_floor":[79,79,79,79,79,79,79,79,79,79,79,79,79,79,79,79,79,79,79,79,79,79,79,79,79,79],"card_choices":[{"not_picked":["Perseverance","ClearTheMind"],"picked":"Consecrate","floor":1},{"not_picked":["JustLucky","BowlingBash"],"picked":"FlyingSleeves","floor":2},{"not_picked":["Evaluate","EmptyMind"],"picked":"FollowUp","floor":4},{"not_picked":["Pray","Consecrate"],"picked":"Halt","floor":7},{"not_picked":["Halt","EmptyMind"],"picked":"Brilliance","floor":10},{"not_picked":["Nirvana","Conclude"],"picked":"ClearTheMind","floor":11},{"not_picked":["TalkToTheHand","Prostrate","Consecrate"],"picked":"SKIP","floor":12},{"not_picked":["ClearTheMind","EmptyBody"],"picked":"Wallop","floor":13},{"not_picked":["LessonLearned","MasterReality"],"picked":"DevaForm","floor":16},{"not_picked":["PathToVictory","Halt","FlyingSleeves"],"picked":"SKIP","floor":18},{"not_picked":["BowlingBash+1","Worship"],"picked":"Halt+1","floor":21},{"not_picked":["Worship","BowlingBash"],"picked":"Ragnarok","floor":23},{"not_picked":["JustLucky","SignatureMove"],"picked":"EmptyFist+1","floor":24}],"player_experience":167570,"relics_obtained":[{"floor":7,"key":"Omamori"},{"floor":9,"key":"Whetstone"},{"floor":10,"key":"MealTicket"},{"floor":13,"key":"Boot"},{"floor":21,"key":"Red Mask"},{"floor":23,"key":"Orichalcum"},{"floor":23,"key":"TungstenRod"}],"event_choices":[{"cards_removed":["Defend_P"],"damage_healed":0,"gold_gain":0,"player_choice":"Purged","damage_taken":0,"max_hp_gain":0,"max_hp_loss":0,"event_name":"Purifier","floor":3,"gold_loss":0},{"damage_healed":0,"gold_gain":75,"player_choice":"Gather Gold","damage_taken":11,"max_hp_gain":0,"max_hp_loss":0,"event_name":"World of Goop","floor":14,"gold_loss":0},{"damage_healed":0,"gold_gain":0,"player_choice":"Ignored","damage_taken":0,"max_hp_gain":0,"max_hp_loss":0,"event_name":"Ghosts","floor":19,"gold_loss":0},{"damage_healed":0,"gold_gain":0,"player_choice":"Simplicity","damage_taken":0,"max_hp_gain":0,"max_hp_loss":0,"event_name":"Back to Basics","floor":20,"gold_loss":0,"cards_upgraded":["Strike_P","Strike_P","Strike_P","Defend_P","Defend_P","Defend_P"]},{"damage_healed":0,"gold_gain":0,"player_choice":"Fought Bandits","damage_taken":0,"max_hp_gain":0,"max_hp_loss":0,"event_name":"Masked Bandits","floor":21,"gold_loss":0}],"is_beta":false,"boss_relics":[{"not_picked":["VioletLotus","Fusion Hammer"],"picked":"Black Star"}],"items_purged_floors":[],"is_endless":false,"potions_floor_spawned":[1,4,7,18,21],"killed_by":"Slavers","ascension_level":5}}