{"host":"zwb5naz29bygj01b","time":1613104220,"event":{"mods":["2.2 Compatiblity","AchievementEnabler","BaseMod","Bestiary","Better Altar","Better Match","Better Note","Better Sensory Stone","Better Skull","Better Third Choice","Better-Laid Plans","BetterRewards","Block Reminder","Card Forge","Colored Map","Colored Powertips","Custom Start","Dark Map","DeckTracker","Downfall","Filter the Spire","Hermit","Highlight Path","Minty Spire (QoL Compilation)","Practice Mode","Quick Restart","Random Character Button","Rare Cards Sparkle","Shade Mod","Spicy Shops","StSLib","The Bug Knight","The Cursed","The Disciple","The Hierophant","The IronCluck","Transform Curses"],"gold_per_floor":[119,133,133,98,108,108,137,137,137,153,253,253,19,35,35,130,130,142,142,159,54,2,2,33,47,47,78,3,18,34,34,34,34,34],"floor_reached":33,"language":"ENG","playtime":1890,"items_purged":[],"score":351,"play_id":"5c394946-ad6b-483c-a131-b0ae988fdcd8","local_time":"20210211223020","is_ascension_mode":true,"campfire_choices":[{"data":"ForeignInfluence","floor":6,"key":"SMITH"},{"data":"Alpha","floor":8,"key":"SMITH"},{"data":"Tantrum","floor":12,"key":"SMITH"},{"floor":15,"key":"REST"},{"data":"SandsOfTime","floor":23,"key":"SMITH"},{"floor":32,"key":"REST"}],"circlet_count":0,"master_deck":["Strike_P+1","Strike_P+1","Strike_P+1","Strike_P+1","Defend_P+1","Defend_P+1","Defend_P+1","Defend_P+1","Eruption","Vigilance","EmptyBody","ReachHeaven","InnerPeace","Perseverance","Alpha+1","EmptyMind","Tantrum+1","JustLucky","ForeignInfluence+1","JustLucky","Judgement+1","SandsOfTime+1","LessonLearned","EmptyFist+1","Worship","EmptyBody","FearNoEvil","Alpha","Nirvana+1","Wallop","Crescendo"],"relics":["HolyWater","Hammer of Thor","Seething Fire","Anvil of the Gods","Orrery","Lizard Tail","Oddly Smooth Stone","Question Card","Chemical X","Mango","Mummified Hand","Medical Kit","Damaru","Gremlin Horn","Bottled Flame","Frozen Egg 2","Regal Pillow"],"acts_visited":["Exordium","TheCity"],"potions_floor_usage":[0,18,24,27,29,33],"damage_taken":[{"damage":0,"enemies":"Small Slimes","floor":1,"turns":2},{"damage":11,"enemies":"Jaw Worm","floor":2,"turns":4},{"damage":6,"enemies":"Cultist","floor":5,"turns":3},{"damage":7,"enemies":"Gremlin Nob","floor":7,"turns":3},{"damage":0,"enemies":"2 Fungi Beasts","floor":10,"turns":3},{"damage":8,"enemies":"Blue Slaver","floor":14,"turns":3},{"damage":41,"enemies":"Hexaghost","floor":16,"turns":7},{"damage":12,"enemies":"2 Thieves","floor":18,"turns":2},{"damage":8,"enemies":"Shell Parasite","floor":20,"turns":5},{"damage":25,"enemies":"HollowMod:Nosk","floor":24,"turns":6},{"damage":46,"enemies":"Shelled Parasite and Fungi","floor":25,"turns":5},{"damage":68,"enemies":"Slavers","floor":27,"turns":5},{"damage":28,"enemies":"Snake Plant","floor":29,"turns":5},{"damage":0,"enemies":"Centurion and Healer","floor":30,"turns":1},{"damage":120,"enemies":"Automaton","floor":33,"turns":6}],"seed_played":"3615457093589697100","potions_obtained":[{"floor":2,"key":"FairyPotion"},{"floor":10,"key":"Weak Potion"},{"floor":18,"key":"PowerPotion"},{"floor":24,"key":"Regen Potion"},{"floor":30,"key":"Fruit Juice"}],"is_trial":false,"path_per_floor":["M","M","?","?","M","R","E","R","T","M","?","R","$","M","R","B",null,"M","?","M","?","$","R","E","M","T","E","$","M","M","?","R","B"],"character_chosen":"WATCHER","items_purchased":["EmptyBody","ReachHeaven","Orrery","Lizard Tail","Oddly Smooth Stone","Question Card","Chemical X","Fruit Juice","Medical Kit","Damaru","EmptyBody","DuplicationPotion"],"campfire_rested":2,"item_purchase_floors":[0,0,0,0,0,0,0,0,13,13,22,28],"current_hp_per_floor":[45,34,39,59,53,53,60,60,60,60,60,60,60,52,80,39,96,84,84,76,76,76,76,51,5,5,37,37,9,9,9,52,0,0],"gold":34,"neow_bonus":"","is_daily":false,"chose_seed":false,"campfire_upgraded":4,"win_rate":0.0,"timestamp":1613104220,"path_taken":["M","M","?","?","M","R","E","R","T","?","?","R","$","?","R","BOSS","M","?","M","?","$","R","E","?","T","E","$","M","M","?","R","BOSS"],"items_purchased_type":["Card","Card","Relic","Relic","Relic","Relic","Relic","Potion","Relic","Relic","Card","Potion"],"build_version":"2020-12-22","purchased_purges":0,"victory":false,"max_hp_per_floor":[77,77,82,82,82,82,96,96,96,96,96,96,96,96,96,96,96,96,96,96,96,96,96,96,96,96,96,96,96,96,96,96,101,101],"card_choices":[{"not_picked":["ThirdEye","Meditate"],"picked":"InnerPeace","floor":0},{"not_picked":["ClearTheMind","Weave"],"picked":"Perseverance","floor":0},{"not_picked":["FollowUp","Vengeance"],"picked":"Alpha","floor":0},{"not_picked":["DeceiveReality","Consecrate"],"picked":"EmptyMind","floor":0},{"not_picked":["Swivel","Fasting2","CrushJoints"],"picked":"Tantrum","floor":1},{"not_picked":["ClearTheMind","TalkToTheHand","CrushJoints"],"picked":"JustLucky","floor":2},{"not_picked":["FlyingSleeves","FearNoEvil","BowlingBash"],"picked":"ForeignInfluence","floor":5},{"not_picked":["EmptyFist","ThirdEye","Worship"],"picked":"JustLucky","floor":7},{"not_picked":["WreathOfFlame","BowlingBash","LikeWater"],"picked":"Judgement","floor":10},{"not_picked":["PathToVictory","WindmillStrike","CrushJoints"],"picked":"SandsOfTime","floor":14},{"not_picked":["Establishment","Devotion","SpiritShield"],"picked":"LessonLearned","floor":16},{"not_picked":["Consecrate","EmptyBody","WheelKick"],"picked":"EmptyFist+1","floor":18},{"not_picked":["Evaluate","Consecrate+1","TalkToTheHand+1"],"picked":"Worship","floor":20},{"not_picked":["WindmillStrike","BowlingBash","Perseverance+1"],"picked":"FearNoEvil","floor":24},{"not_picked":["EmptyBody","PathToVictory","FollowUp"],"picked":"Alpha","floor":25},{"not_picked":["Consecrate","BattleHymn+1","FollowUp"],"picked":"Nirvana+1","floor":27},{"not_picked":["JustLucky+1","Indignation","CarveReality"],"picked":"Wallop","floor":29},{"not_picked":["JustLucky","FlyingSleeves","ReachHeaven+1"],"picked":"Crescendo","floor":30}],"player_experience":43404,"relics_obtained":[{"floor":7,"key":"Mango"},{"floor":9,"key":"Mummified Hand"},{"floor":24,"key":"Bottled Flame"},{"floor":26,"key":"Frozen Egg 2"},{"floor":27,"key":"Regal Pillow"}],"event_choices":[{"damage_healed":0,"gold_gain":0,"player_choice":"Donut","damage_taken":0,"max_hp_gain":5,"max_hp_loss":0,"event_name":"Big Fish","floor":3,"gold_loss":0},{"damage_healed":20,"gold_gain":0,"player_choice":"Healed","damage_taken":0,"max_hp_gain":0,"max_hp_loss":0,"event_name":"The Cleric","floor":4,"gold_loss":35},{"damage_healed":0,"gold_gain":100,"player_choice":"Pray","damage_taken":0,"max_hp_gain":0,"max_hp_loss":0,"event_name":"Golden Shrine","floor":11,"gold_loss":0},{"damage_healed":0,"gold_gain":0,"player_choice":"Ignored","damage_taken":0,"max_hp_gain":0,"max_hp_loss":0,"event_name":"Ghosts","floor":19,"gold_loss":0},{"damage_healed":0,"gold_gain":0,"player_choice":"Paid Gold","damage_taken":0,"relics_obtained":["Gremlin Horn"],"max_hp_gain":0,"max_hp_loss":0,"event_name":"WeMeetAgain","floor":21,"gold_loss":105},{"damage_healed":0,"gold_gain":0,"player_choice":"Simplicity","damage_taken":0,"max_hp_gain":0,"max_hp_loss":8,"event_name":"betterThird:BetterWriting","floor":31,"gold_loss":0}],"is_beta":false,"boss_relics":[{"not_picked":["SacredBark","Sozu"],"picked":"HolyWater"}],"items_purged_floors":[],"is_endless":false,"potions_floor_spawned":[2,10,18,24,25,30],"killed_by":"Automaton","ascension_level":1}}