{"host":"32dedufnxebqtmo3","time":1613166314,"event":{"mods":["AchievementEnabler","BaseMod","Better Third Choice","Card Filter","Colored Powertips","Defuse TimeMaze Blight","Fireblade Mod","GifTheSpireLib","Minty Spire (QoL Compilation)","Permanent Neow","Relic Filter","Relic Stats","Remove Card Discount Mod","Shop Mod","StSLib","The Cursed","Unceasing Turn Reminder"],"gold_per_floor":[117,117,137,56,70,100,100,130,130,130,98,108,108,137,137,241,241,253,253,168,184,200,200,228,68,68,68,86,98,98,127,127,232,232,249,299,139,139,152,166,218,247,247,247,257,257,48,61,61,61],"floor_reached":51,"language":"ENG","playtime":4224,"items_purged":["FireBladeMod:DefendFireBlade","FireBladeMod:StrikeFireBlade","FireBladeMod:StrikeFireBlade","FireBladeMod:StrikeFireBlade","FireBladeMod:StrikeFireBlade","FireBladeMod:DefendFireBlade","FireBladeMod:DefendFireBlade","FireBladeMod:DefendFireBlade"],"score":833,"play_id":"3cfbeb16-e214-494e-aad4-43d6559e99ae","local_time":"20210212134514","is_ascension_mode":false,"campfire_choices":[{"data":"FireBladeMod:FireBarrier","floor":7.0,"key":"SMITH"},{"data":"FireBladeMod:Speed","floor":10,"key":"SMITH"},{"floor":13,"key":"REST"},{"data":"FireBladeMod:Robust","floor":15,"key":"SMITH"},{"data":"FireBladeMod:BattleMage","floor":23,"key":"SMITH"},{"data":"FireBladeMod:ThirstForBlood","floor":27,"key":"SMITH"},{"data":"FireBladeMod:Speed","floor":30,"key":"SMITH"},{"data":"FireBladeMod:Speed","floor":32,"key":"SMITH"},{"data":"Regret","floor":46,"key":"PURGE"},{"data":"FireBladeMod:SoulSword","floor":49,"key":"SMITH"}],"circlet_count":0,"master_deck":["FireBladeMod:FlamingSword","FireBladeMod:FireBarrier+1","FireBladeMod:RapidDodges","FireBladeMod:ThirdDegree","FireBladeMod:Robust+1","FireBladeMod:Speed+1","FireBladeMod:ScorchingStrike","FireBladeMod:SmashingEndurance","FireBladeMod:Robust","FireBladeMod:Turtle","FireBladeMod:BattleMage+1","FireBladeMod:ScorchingStrike","FireBladeMod:Tempo","FireBladeMod:ThirstForBlood+1","FireBladeMod:Speed+1","FireBladeMod:HealthyEndurance","FireBladeMod:Speed+1","FireBladeMod:LearnTells","FireBladeMod:ScorchingStrike+1","FireBladeMod:ScorchingStrike","FireBladeMod:FlamingSword","Panacea","FireBladeMod:Arson+1","FireBladeMod:RapidDodges","FireBladeMod:SmokeScreen+1","Writhe","FireBladeMod:SoulSword+1","FireBladeMod:IronEndurance"],"relics":["FireBladeMod:DuelistLocket","Peace Pipe","Pantograph","Juzu Bracelet","Anchor","betterThird:SlimedRelic","Lizard Tail","Philosopher\u0027s Stone","Darkstone Periapt","Meat on the Bone","Gremlin Horn","Question Card","Cursed Key","Du-Vu Doll","DollysMirror","Mango","FireBladeMod:WheyBottle","FireBladeMod:Chakram","HandDrill"],"acts_visited":["Exordium","TheCity","TheBeyond"],"potions_floor_usage":[16,24,40,42,50],"damage_taken":[{"damage":0.0,"enemies":"Small Slimes","floor":1.0,"turns":3.0},{"damage":0.0,"enemies":"Cultist","floor":3.0,"turns":3.0},{"damage":0.0,"enemies":"Jaw Worm","floor":5.0,"turns":5.0},{"damage":14.0,"enemies":"3 Sentries","floor":6.0,"turns":12.0},{"damage":32,"enemies":"Lagavulin","floor":8,"turns":7},{"damage":5,"enemies":"Red Slaver","floor":12,"turns":5},{"damage":0,"enemies":"3 Sentries","floor":14,"turns":10},{"damage":22,"enemies":"Hexaghost","floor":16,"turns":11},{"damage":5,"enemies":"Spheric Guardian","floor":18,"turns":8},{"damage":19,"enemies":"Shell Parasite","floor":21,"turns":5},{"damage":12,"enemies":"3 Cultists","floor":22,"turns":6},{"damage":26,"enemies":"Gremlin Leader","floor":24,"turns":7},{"damage":0,"enemies":"Snake Plant","floor":28,"turns":6},{"damage":0,"enemies":"Centurion and Healer","floor":29,"turns":9},{"damage":27,"enemies":"Slavers","floor":31,"turns":9},{"damage":0,"enemies":"Automaton","floor":33,"turns":12},{"damage":0,"enemies":"3 Darklings","floor":35,"turns":8},{"damage":17,"enemies":"Mind Bloom Boss Battle","floor":36,"turns":7},{"damage":0,"enemies":"Orb Walker","floor":39,"turns":4},{"damage":0,"enemies":"3 Darklings","floor":40,"turns":6},{"damage":18,"enemies":"2 Orb Walkers","floor":41,"turns":6},{"damage":3,"enemies":"Reptomancer","floor":42,"turns":7},{"damage":24,"enemies":"Writhing Mass","floor":45,"turns":5},{"damage":30,"enemies":"Jaw Worm Horde","floor":48,"turns":5},{"damage":77,"enemies":"Time Eater","floor":50,"turns":11}],"seed_played":"7065152541541349552","potions_obtained":[{"floor":1.0,"key":"DistilledChaos"},{"floor":6.0,"key":"Ancient Potion"},{"floor":8,"key":"PowerPotion"},{"floor":19,"key":"Regen Potion"},{"floor":19,"key":"FairyPotion"},{"floor":24,"key":"SneckoOil"},{"floor":31,"key":"ColorlessPotion"},{"floor":39,"key":"LiquidMemories"},{"floor":40,"key":"DistilledChaos"},{"floor":45,"key":"FairyPotion"}],"is_trial":false,"path_per_floor":["M","?","M","$","M","E","R","E","T","R","?","M","R","E","R","B",null,"M","?","?","M","M","R","E","$","T","R","M","M","R","E","R","B",null,"M","?","$","?","M","M","?","E","T","?","M","R","$","M","R","B",null],"character_chosen":"THE_FIREBLADE","items_purchased":["FireBladeMod:Robust","FireBladeMod:Speed","FireBladeMod:Speed","FireBladeMod:HealthyEndurance","DollysMirror","FireBladeMod:IronEndurance","HandDrill"],"campfire_rested":1,"item_purchase_floors":[4,4,25,25,37,47,47],"current_hp_per_floor":[77,77,77,77,77,63,63,31,31,31,20,15,38,38,38,41,77,72,72,72,53,41,41,30,30,30,30,48,54,54,45,45,76,77,77,66,66,66,72,77,76,73,79,103,85,85,85,61,61,27],"gold":61,"neow_bonus":"TEN_PERCENT_HP_BONUS","is_daily":false,"chose_seed":false,"campfire_upgraded":8,"win_rate":0.0,"timestamp":1613166314,"path_taken":["M","?","M","?","M","E","R","E","T","R","?","M","R","E","R","BOSS","M","?","?","M","M","R","E","$","T","R","M","M","R","E","R","BOSS","M","?","$","?","M","M","?","E","T","?","M","R","?","M","R","BOSS"],"items_purchased_type":["Card","Card","Card","Card","Relic","Card","Relic"],"build_version":"2020-12-22","purchased_purges":8,"victory":true,"max_hp_per_floor":[77,77,77,77,77,77,77,77,77,77,77,77,77,77,77,77,77,77,77,77,77,77,77,77,77,77,77,77,77,77,77,77,77,77,77,77,77,77,77,77,91,91,97,103,103,103,103,103,103,103],"relic_stats":{"Peace Pipe":1,"Darkstone Periapt":12,"Lizard Tail":0,"Gremlin Horn":[17,17],"counters":[25,177],"Pantograph":75,"Juzu Bracelet":2,"HandDrill":[4],"Question Card":10,"Cursed Key":1,"obtain_stats":[{"Darkstone Periapt":20,"Gremlin Horn":26,"FireBladeMod:DuelistLocket":0,"Mango":41,"FireBladeMod:Chakram":43,"Juzu Bracelet":8,"Question Card":31,"Cursed Key":34,"Peace Pipe":2,"Du-Vu Doll":36,"Anchor":9,"Lizard Tail":14,"DollysMirror":37,"Pantograph":6,"betterThird:SlimedRelic":11,"Philosopher\u0027s Stone":17,"HandDrill":47,"FireBladeMod:WheyBottle":42,"Meat on the Bone":24},{"Darkstone Periapt":9,"Gremlin Horn":12,"FireBladeMod:DuelistLocket":0,"Mango":21,"FireBladeMod:Chakram":22,"Juzu Bracelet":5,"Question Card":15,"Cursed Key":16,"Peace Pipe":1,"Du-Vu Doll":18,"Anchor":5,"Lizard Tail":7,"DollysMirror":18,"Pantograph":4,"betterThird:SlimedRelic":5,"Philosopher\u0027s Stone":8,"HandDrill":23,"FireBladeMod:WheyBottle":22,"Meat on the Bone":12},{"Darkstone Periapt":64,"Gremlin Horn":82,"FireBladeMod:DuelistLocket":0,"Mango":149,"FireBladeMod:Chakram":156,"Juzu Bracelet":30,"Question Card":106,"Cursed Key":118,"Peace Pipe":3,"Du-Vu Doll":133,"Anchor":30,"Lizard Tail":45,"DollysMirror":133,"Pantograph":23,"betterThird:SlimedRelic":30,"Philosopher\u0027s Stone":56,"HandDrill":161,"FireBladeMod:WheyBottle":156,"Meat on the Bone":82}],"Meat on the Bone":36},"card_choices":[{"not_picked":["FireBladeMod:ScorchingCleave","FireBladeMod:SoulStrike"],"picked":"FireBladeMod:RapidDodges","floor":1.0},{"not_picked":["FireBladeMod:WellPrepared","FireBladeMod:ScorchingStrike"],"picked":"FireBladeMod:ThirdDegree","floor":3.0},{"not_picked":["FireBladeMod:HealthyEndurance","FireBladeMod:StingingSlash"],"picked":"FireBladeMod:ScorchingStrike","floor":5.0},{"not_picked":["FireBladeMod:IronEndurance","FireBladeMod:ComplexDefense"],"picked":"FireBladeMod:SmashingEndurance","floor":6.0},{"not_picked":["FireBladeMod:MomentumStrikes","FireBladeMod:ComboCleave"],"picked":"FireBladeMod:Robust","floor":8},{"not_picked":["FireBladeMod:DoubleDash","FireBladeMod:Flames"],"picked":"FireBladeMod:Turtle","floor":12},{"not_picked":["FireBladeMod:HellFire","FireBladeMod:BasicSmash","FireBladeMod:SmokySwing"],"picked":"SKIP","floor":14},{"not_picked":["FireBladeMod:AntiMagic","FireBladeMod:Improvise"],"picked":"FireBladeMod:BattleMage","floor":16},{"not_picked":["FireBladeMod:TorsoSmash+1","FireBladeMod:ComplexAttack"],"picked":"FireBladeMod:ScorchingStrike","floor":18},{"not_picked":["FireBladeMod:FerventSlash","FireBladeMod:ComplexAttack"],"picked":"FireBladeMod:Tempo","floor":21},{"not_picked":["FireBladeMod:IronEndurance","FireBladeMod:SmokySwing","FireBladeMod:ComplexAttack"],"picked":"SKIP","floor":22},{"not_picked":["FireBladeMod:Flames","FireBladeMod:OverCharge"],"picked":"FireBladeMod:ThirstForBlood","floor":24},{"not_picked":["FireBladeMod:DoubleDash","FireBladeMod:BattleMage","FireBladeMod:FerventSlash"],"picked":"SKIP","floor":28},{"not_picked":["FireBladeMod:HealthyEndurance+1","FireBladeMod:DoubleDash"],"picked":"FireBladeMod:Speed","floor":29},{"not_picked":["FireBladeMod:StingingSlash","FireBladeMod:ComboSlashes","FireBladeMod:SmokeInTheEyes"],"picked":"SKIP","floor":31},{"not_picked":["FireBladeMod:Blitzkreig","FireBladeMod:EternalEndurance","FireBladeMod:DeathBlade"],"picked":"FireBladeMod:LearnTells","floor":33},{"not_picked":["FireBladeMod:SoulStrike","FireBladeMod:ComplexDefense","FireBladeMod:SpiritEndurance"],"picked":"FireBladeMod:ScorchingStrike+1","floor":35},{"not_picked":["FireBladeMod:Robust+1","FireBladeMod:SteadyEndurance+1","FireBladeMod:ComboSlashes"],"picked":"FireBladeMod:ScorchingStrike","floor":36},{"not_picked":["Magnetism","Dark Shackles","Purity"],"picked":"Panacea","floor":38},{"not_picked":["FireBladeMod:ComplexAttack+1","FireBladeMod:FerventSlash+1","FireBladeMod:FlashBang+1"],"picked":"FireBladeMod:Arson+1","floor":39},{"not_picked":["FireBladeMod:BasicSmash","FireBladeMod:StingingSlash","FireBladeMod:ComboSlashes"],"picked":"FireBladeMod:RapidDodges","floor":40},{"not_picked":["FireBladeMod:Feint","FireBladeMod:Shove+1","FireBladeMod:HealthyEndurance+1"],"picked":"FireBladeMod:SmokeScreen+1","floor":42},{"not_picked":["FireBladeMod:FerventSlash","FireBladeMod:Robust+1","FireBladeMod:Shove"],"picked":"FireBladeMod:SoulSword","floor":45},{"not_picked":["FireBladeMod:OverCharge","FireBladeMod:Flames","FireBladeMod:TorsoSmash+1","FireBladeMod:Wildfire+1"],"picked":"SKIP","floor":48}],"player_experience":704900,"relics_obtained":[{"floor":6.0,"key":"Pantograph"},{"floor":8,"key":"Juzu Bracelet"},{"floor":9,"key":"Anchor"},{"floor":14,"key":"Lizard Tail"},{"floor":24,"key":"Meat on the Bone"},{"floor":26,"key":"Gremlin Horn"},{"floor":31,"key":"Question Card"},{"floor":36,"key":"Du-Vu Doll"},{"floor":41,"key":"Mango"},{"floor":42,"key":"FireBladeMod:WheyBottle"},{"floor":43,"key":"FireBladeMod:Chakram"}],"event_choices":[{"damage_healed":0.0,"max_hp_gain":0.0,"max_hp_loss":0.0,"gold_gain":0.0,"event_name":"WeMeetAgain","player_choice":"Gave Potion","floor":2.0,"gold_loss":0.0,"damage_taken":0.0,"relics_obtained":["Peace Pipe"]},{"damage_healed":0,"gold_gain":0,"player_choice":"Slimed","damage_taken":11,"max_hp_gain":0,"max_hp_loss":0,"event_name":"betterThird:BetterGoop","floor":11,"gold_loss":32},{"damage_healed":0,"gold_gain":0,"player_choice":"Got Potions","damage_taken":0,"max_hp_gain":0,"max_hp_loss":0,"event_name":"Lab","floor":19,"gold_loss":0},{"damage_healed":0,"gold_gain":0,"player_choice":"Obtained Relic","damage_taken":0,"relics_obtained":["Darkstone Periapt"],"max_hp_gain":0,"max_hp_loss":0,"event_name":"Addict","floor":20,"gold_loss":85},{"damage_healed":0,"gold_gain":0,"player_choice":"Fight","damage_taken":0,"max_hp_gain":0,"max_hp_loss":0,"event_name":"MindBloom","floor":36,"gold_loss":0},{"damage_healed":0,"gold_gain":0,"player_choice":"Memory 1","damage_taken":0,"max_hp_gain":0,"max_hp_loss":0,"event_name":"SensoryStone","floor":38,"gold_loss":0},{"damage_healed":0,"gold_gain":0,"player_choice":"Fight","damage_taken":0,"max_hp_gain":0,"max_hp_loss":0,"event_name":"Mysterious Sphere","floor":41,"gold_loss":0},{"damage_healed":24,"gold_gain":0,"player_choice":"Writhe","damage_taken":0,"max_hp_gain":0,"max_hp_loss":0,"event_name":"Winding Halls","floor":44,"gold_loss":0,"cards_obtained":["Writhe"]}],"is_beta":false,"boss_relics":[{"not_picked":["Runic Dome","Coffee Dripper"],"picked":"Philosopher\u0027s Stone"},{"not_picked":["Empty Cage","Tiny House"],"picked":"Cursed Key"}],"items_purged_floors":[4,25,25,25,25,37,37,47],"is_endless":false,"potions_floor_spawned":[1,6,8,24,29,31,35,39,40,45,48],"ascension_level":0}}