{"host":"xo0glkmxta74xh34","time":1613109551,"event":{"mods":["BaseMod","Downfall","Minty Spire (QoL Compilation)","Reliquary","Replay The Spire","StSLib"],"gold_per_floor":[99,116,216,59,71,71,94,104,116,116,150,135,135,155,170,271,271,271,281,135,148,148,167,167,167,183,211,55,55,55,55,74,170,170,170,184,203,60,80,80,106,123,135,162,162,162,162],"floor_reached":45,"language":"ENG","playtime":1763,"items_purged":["champ:Defend"],"score":591,"play_id":"2ba290e4-28cf-42d0-a939-9ed736227fa5","local_time":"20210211235911","is_ascension_mode":true,"campfire_choices":[{"data":"champ:StrikeOfGenius","floor":1.0,"key":"SMITH"},{"floor":10.0,"key":"REST"},{"floor":13.0,"key":"REST"},{"data":"champ:CheapShot","floor":18.0,"key":"SMITH"},{"floor":30.0,"key":"REST"},{"data":"champ:LastStand","floor":35,"key":"SMITH"},{"floor":40,"key":"REST"}],"circlet_count":0,"master_deck":["champ:Strike","champ:Strike","champ:Strike","champ:Strike","champ:Defend","champ:Defend","champ:Defend","champ:Execute","champ:Taunt","champ:StrikeOfGenius+1","champ:CheapShot+1","champ:BladeFlurry","champ:BladeFlurry","champ:BladeFlurry","champ:PerfectedStrike","champ:BladeFlurry","champ:MurderStrike","champ:PerfectedStrike","champ:MurderStrike","champ:RapidStrikes","champ:LastStand+1","champ:BladeFlurry","champ:PerfectedStrike+1","champ:StrikeOfGenius+1","Parasite","champ:MurderStrike","champ:EnchantSword"],"relics":["champ:ChampionCrown","downfall:ShatteredFragment","champ:SignatureFinisher","reliquary:PartyBalloon","Black Star","HornCleat","Pear","Mirror","Pen Nib","downfall:RedIOU","ChewingGum","DollysMirror","champ:DefensiveTrainingManual","reliquary:QuartzCube","Gremlin Food"],"acts_visited":["Exordium","TheCity","TheBeyond"],"potions_floor_usage":[33,44],"damage_taken":[{"damage":17.0,"enemies":"Jaw Worm","floor":2.0,"turns":2.0},{"damage":20.0,"enemies":"downfall:FleeingMerchant","floor":4.0,"turns":4.0},{"damage":12.0,"enemies":"2 Louse","floor":5.0,"turns":4.0},{"damage":17.0,"enemies":"Cultist","floor":8.0,"turns":4.0},{"damage":10.0,"enemies":"Red Slaver","floor":9.0,"turns":3.0},{"damage":20.0,"enemies":"3 Sentries","floor":11.0,"turns":5.0},{"damage":20.0,"enemies":"downfall:FleeingMerchant","floor":12.0,"turns":5.0},{"damage":20.0,"enemies":"Gremlin Gang","floor":14.0,"turns":4.0},{"damage":7.0,"enemies":"3 Louse","floor":15.0,"turns":3.0},{"damage":13.0,"enemies":"WA_ARCHETYPE_RETAIN","floor":16.0,"turns":4.0},{"damage":21.0,"enemies":"Chosen","floor":19.0,"turns":4.0},{"damage":0.0,"enemies":"downfall:FleeingMerchant","floor":20.0,"turns":5.0},{"damage":12.0,"enemies":"3 Byrds","floor":21.0,"turns":4.0},{"damage":0.0,"enemies":"3 Cultists","floor":23.0,"turns":3.0},{"damage":14.0,"enemies":"Shelled Parasite and Fungi","floor":26.0,"turns":3.0},{"damage":21.0,"enemies":"Gremlin Leader","floor":27.0,"turns":5.0},{"damage":12.0,"enemies":"Chosen and Byrds","floor":32.0,"turns":3.0},{"damage":60,"enemies":"DF_ARCHETYPE_CLAW","floor":33,"turns":4},{"damage":11,"enemies":"Orb Walker","floor":36,"turns":2},{"damage":6,"enemies":"3 Shapes","floor":37,"turns":3},{"damage":35,"enemies":"Sphere and 2 Shapes","floor":39,"turns":4},{"damage":0,"enemies":"Writhing Mass","floor":42,"turns":3},{"damage":46,"enemies":"Jaw Worm Horde","floor":43,"turns":4},{"damage":17,"enemies":"Nemesis","floor":44,"turns":3},{"damage":13,"enemies":"Spire Growth","floor":45,"turns":1}],"seed_played":"-8536094034740067065","potions_obtained":[{"floor":2.0,"key":"Block Potion"},{"floor":5.0,"key":"Ancient Potion"},{"floor":9.0,"key":"champ:TechniquePotion"},{"floor":11.0,"key":"AttackPotion"},{"floor":14.0,"key":"Strength Potion"},{"floor":21.0,"key":"DistilledChaos"},{"floor":23.0,"key":"champ:TechniquePotion"},{"floor":25.0,"key":"CultistPotion"},{"floor":37,"key":"bronze:BurnAndBuffPotion"},{"floor":42,"key":"Energy Potion"},{"floor":43,"key":"PowerPotion"}],"is_trial":false,"path_per_floor":["R","M","?","$","M","?","T","M","M","R","E","$","R","M","M","B",null,"R","M","$","M","$","M","T","?","M","E","$","?","R","?","M","B",null,"R","M","M","$","M","R","T","M","M","E","M"],"character_chosen":"THE_CHAMP","items_purchased":["champ:CheapShot","HornCleat","champ:MurderStrike","Pen Nib","DollysMirror"],"campfire_rested":4,"item_purchase_floors":[4,20,20,28,38],"current_hp_per_floor":[81,74,74,74,72,45,45,38,38,62,52,42,66,56,49,36,81,81,70,70,58,58,58,68,68,54,33,33,33,60,60,48,23,91,91,80,74,74,49,76,76,76,30,13,0,0,0],"gold":162,"neow_bonus":"THREE_RARE_CARDS","is_daily":false,"chose_seed":false,"campfire_upgraded":3,"win_rate":0.0,"timestamp":1613109551,"path_taken":["R","M","?","$","M","?","T","M","M","R","E","?","R","?","M","BOSS","R","M","$","M","?","?","T","?","M","E","$","?","R","?","M","BOSS","R","M","M","$","M","R","T","M","M","E","M"],"items_purchased_type":["Card","Relic","Card","Relic","Relic"],"build_version":"2020-12-22","purchased_purges":1,"victory":false,"max_hp_per_floor":[81,81,81,81,81,81,81,81,81,81,81,81,81,81,81,81,81,81,81,81,81,81,81,91,91,91,91,91,91,91,91,91,91,91,91,91,91,91,91,91,91,91,91,91,91,91,91],"card_choices":[{"not_picked":["champ:ShieldThrow","champ:HoldFirm"],"picked":"champ:StrikeOfGenius","floor":0.0},{"not_picked":["champ:IronFortress","champ:ShieldSigil","champ:ShieldSlam"],"picked":"SKIP","floor":2.0},{"not_picked":["champ:CalledShot","champ:PreciseThrust","champ:FocusedDefense"],"picked":"SKIP","floor":4.0},{"not_picked":["champ:RapidStrikes","champ:FanOfKnives"],"picked":"champ:BladeFlurry","floor":5.0},{"not_picked":["champ:FaceSlap","champ:Endure"],"picked":"champ:BladeFlurry","floor":8.0},{"not_picked":["champ:CrownThrow","champ:FancyFootwork"],"picked":"champ:BladeFlurry","floor":9.0},{"not_picked":["champ:ViciousMockery","champ:SkillfulDodge","champ:AdrenalArmor"],"picked":"SKIP","floor":11.0},{"not_picked":["champ:DancingMaster","champ:BerserkersShout"],"picked":"champ:PerfectedStrike","floor":12.0},{"not_picked":["champ:BerserkersShout","champ:Backstep","champ:ViciousMockery"],"picked":"SKIP","floor":14.0},{"not_picked":["champ:CalledShot","champ:BringItOn"],"picked":"champ:BladeFlurry","floor":15.0},{"not_picked":["champ:EnchantSword","champ:UltimateStance"],"picked":"champ:MurderStrike","floor":16.0},{"not_picked":["champ:RecklessLeap+1","champ:FanOfKnives+1","champ:RageSigil"],"picked":"SKIP","floor":19.0},{"not_picked":["champ:BerserkersShout","champ:DefensiveShout+1"],"picked":"champ:PerfectedStrike","floor":20.0},{"not_picked":["champ:StanceDance","champ:CrownThrow","champ:FancyFootwork+1"],"picked":"SKIP","floor":21.0},{"not_picked":["champ:Shatter","champ:Backstep","champ:FaceSlap"],"picked":"SKIP","floor":23.0},{"not_picked":["champ:PreciseThrust","champ:SwordSigil+1"],"picked":"champ:RapidStrikes","floor":26.0},{"not_picked":["champ:BerserkersShout","champ:TornadoPunch","champ:SetATrap"],"picked":"SKIP","floor":27.0},{"not_picked":["champ:ShieldSigil","champ:FocusedDefense","champ:TornadoPunch"],"picked":"SKIP","floor":32.0},{"not_picked":["champ:GladiatorForm","champ:VampiricStrike"],"picked":"champ:LastStand","floor":33},{"not_picked":["champ:StanceDance+1","champ:GutPunch"],"picked":"champ:BladeFlurry","floor":36},{"not_picked":["champ:GladiatorStyle","champ:FancyFootwork"],"picked":"champ:PerfectedStrike+1","floor":37},{"not_picked":["champ:DefensiveShout+1","champ:StanceDance","champ:BerserkerStyle+1"],"picked":"SKIP","floor":39},{"not_picked":["champ:Parry+1","champ:Endure","champ:Circumvent+1"],"picked":"SKIP","floor":42},{"not_picked":["champ:Shatter","champ:BringItOn+1"],"picked":"champ:MurderStrike","floor":43},{"not_picked":["champ:EnGarde+1","champ:FocusedDefense"],"picked":"champ:EnchantSword","floor":44}],"player_experience":470591,"relics_obtained":[{"floor":7.0,"key":"reliquary:FerryPass"},{"floor":8.0,"key":"champ:SignatureFinisher"},{"floor":11.0,"key":"reliquary:PartyBalloon"},{"floor":24.0,"key":"Pear"},{"floor":27.0,"key":"CeramicFish"},{"floor":27.0,"key":"Mirror"},{"floor":41,"key":"champ:DefensiveTrainingManual"},{"floor":44,"key":"reliquary:QuartzCube"},{"floor":44,"key":"Gremlin Food"}],"event_choices":[{"damage_healed":0.0,"max_hp_gain":0.0,"max_hp_loss":0.0,"gold_gain":0.0,"event_name":"Vampires","player_choice":"Ignored","floor":31.0,"gold_loss":0.0,"damage_taken":0.0}],"is_beta":false,"boss_relics":[{"not_picked":["SlaversCollar","Cursed Key"],"picked":"Black Star"},{"not_picked":["Runic Dome","Ring of Chaos"],"picked":"ChewingGum"}],"items_purged_floors":[20],"is_endless":false,"potions_floor_spawned":[2,5,9,11,14,21,23,26,37,42,43],"killed_by":"Spire Growth","ascension_level":2}}