{"host":"pqs17sqrgflf4eqa","time":1613160474,"event":{"mods":["AchievementEnabler","BaseMod","Bestiary","Better Altar","Colored Map","Colored Powertips","Emptier Cage","Googly Eyes","Highlight Path","Minty Spire (QoL Compilation)","Quick Restart","StSLib","SuperFastMode","Transform Curses","slay the spire mod where everything is the same but ironclad has a cowboy hat"],"gold_per_floor":[109,127,140,159,159,186,19,45,45,71,71,81,100,119,119,215,215,225,225,3,14,26,56,56,2,2,2,2,30,40,74,74,174,174,185,204,204,224,224,224],"floor_reached":39,"language":"ENG","playtime":1018,"items_purged":[],"score":629,"play_id":"18d4c45c-ecd5-48e8-8e2f-9278d0ee7096","local_time":"20210212150754","is_ascension_mode":true,"campfire_choices":[{"floor":11,"key":"REST"},{"data":"Crescendo","floor":15,"key":"SMITH"},{"floor":24,"key":"REST"},{"data":"Ragnarok","floor":27,"key":"SMITH"},{"floor":32,"key":"REST"}],"circlet_count":0,"master_deck":["Strike_P","Strike_P+1","Strike_P+1","Defend_P+1","Defend_P+1","Defend_P","Defend_P+1","Eruption+1","Vigilance+1","LessonLearned+1","ClearTheMind","BowlingBash","Consecrate+1","CrushJoints","EmptyFist+1","Ragnarok+1","Evaluate","Crescendo+1","FlyingSleeves+1","SpiritShield+1","FlyingSleeves","Halt+1","Crescendo+1","Protect+1","Crescendo+1","Prostrate+1","Establishment"],"relics":["PureWater","Ancient Tea Set","Boot","TungstenRod","PreservedInsect","Runic Pyramid","Sling","Gremlin Horn","TeardropLocket","MutagenicStrength","Dead Branch","White Beast Statue","Coffee Dripper"],"acts_visited":["Exordium","TheCity","TheBeyond"],"potions_floor_usage":[6,10,12,18,23,33,33,33,35,38,39,39],"damage_taken":[{"damage":8,"enemies":"2 Louse","floor":1,"turns":2},{"damage":0,"enemies":"Cultist","floor":2,"turns":2},{"damage":16,"enemies":"Jaw Worm","floor":3,"turns":5},{"damage":18,"enemies":"Red Slaver","floor":4,"turns":3},{"damage":26,"enemies":"Lagavulin","floor":6,"turns":3},{"damage":0,"enemies":"Gremlin Nob","floor":10,"turns":2},{"damage":5,"enemies":"Exordium Thugs","floor":12,"turns":2},{"damage":11,"enemies":"Lots of Slimes","floor":13,"turns":3},{"damage":0,"enemies":"2 Fungi Beasts","floor":14,"turns":1},{"damage":4,"enemies":"Slime Boss","floor":16,"turns":7},{"damage":0,"enemies":"3 Byrds","floor":18,"turns":3},{"damage":10,"enemies":"Chosen","floor":21,"turns":3},{"damage":15,"enemies":"Snake Plant","floor":22,"turns":4},{"damage":6,"enemies":"Book of Stabbing","floor":23,"turns":4},{"damage":0,"enemies":"Gremlin Leader","floor":29,"turns":3},{"damage":0,"enemies":"Chosen and Byrds","floor":30,"turns":1},{"damage":8,"enemies":"Book of Stabbing","floor":31,"turns":4},{"damage":57,"enemies":"Champ","floor":33,"turns":12},{"damage":26,"enemies":"3 Shapes","floor":35,"turns":3},{"damage":0,"enemies":"Orb Walker","floor":36,"turns":2},{"damage":12,"enemies":"Jaw Worm Horde","floor":38,"turns":3},{"damage":22,"enemies":"Transient","floor":39,"turns":3}],"seed_played":"-2757159774750515840","potions_obtained":[{"floor":2,"key":"LiquidBronze"},{"floor":3,"key":"Dexterity Potion"},{"floor":10,"key":"SneckoOil"},{"floor":12,"key":"Dexterity Potion"},{"floor":16,"key":"Energy Potion"},{"floor":21,"key":"GamblersBrew"},{"floor":29,"key":"ColorlessPotion"},{"floor":33,"key":"ColorlessPotion"},{"floor":35,"key":"ColorlessPotion"},{"floor":36,"key":"BlessingOfTheForge"},{"floor":38,"key":"Dexterity Potion"}],"is_trial":false,"path_per_floor":["M","M","M","M","?","E","$","T","T","E","R","M","M","M","R","B",null,"M","?","$","M","M","E","R","$","T","R","?","E","M","E","R","B",null,"M","M","?","M","M"],"character_chosen":"WATCHER","items_purchased":["Ragnarok","Ambrosia","Sling","Block Potion","FlyingSleeves","Protect"],"campfire_rested":3,"item_purchase_floors":[7,7,20,20,20,25],"current_hp_per_floor":[64,64,48,30,30,4,4,4,4,4,25,20,9,9,9,5,55,55,55,55,45,30,24,45,45,45,45,45,45,45,37,58,1,54,28,28,28,16,0,0],"gold":224,"neow_bonus":"ONE_RANDOM_RARE_CARD","is_daily":false,"chose_seed":false,"campfire_upgraded":2,"win_rate":0.0,"timestamp":1613160474,"path_taken":["M","M","M","M","?","E","?","?","T","E","R","?","M","M","R","BOSS","M","?","$","M","?","E","R","$","T","R","?","E","M","E","R","BOSS","M","M","?","M","M"],"items_purchased_type":["Card","Potion","Relic","Potion","Card","Card"],"build_version":"2020-12-22","purchased_purges":0,"victory":false,"max_hp_per_floor":[72,72,72,72,72,72,72,72,72,72,72,72,72,72,72,72,72,72,72,72,72,72,72,72,72,72,72,72,72,72,72,72,72,72,72,72,68,68,68,68],"card_choices":[{"not_picked":["Halt","Weave"],"picked":"ClearTheMind","floor":1},{"not_picked":["Evaluate","CutThroughFate"],"picked":"BowlingBash","floor":2},{"not_picked":["Nirvana","ThirdEye"],"picked":"Consecrate","floor":3},{"not_picked":["Worship","FlurryOfBlows"],"picked":"CrushJoints","floor":4},{"not_picked":["Halt","MentalFortress"],"picked":"EmptyFist","floor":6},{"not_picked":["Wallop","JustLucky","Meditate"],"picked":"SKIP","floor":10},{"not_picked":["EmptyMind","FlurryOfBlows"],"picked":"Evaluate","floor":12},{"not_picked":["Ragnarok","Consecrate"],"picked":"Crescendo","floor":13},{"not_picked":["Evaluate","WaveOfTheHand"],"picked":"FlyingSleeves","floor":14},{"not_picked":["Ragnarok","Alpha"],"picked":"SpiritShield","floor":16},{"not_picked":["ClearTheMind","BowlingBash","SignatureMove"],"picked":"SKIP","floor":18},{"not_picked":["CarveReality","ClearTheMind"],"picked":"Halt+1","floor":21},{"not_picked":["FollowUp","SashWhip+1"],"picked":"Crescendo+1","floor":22},{"not_picked":["SignatureMove","Scrawl","CarveReality"],"picked":"SKIP","floor":23},{"not_picked":["Fasting2","Weave+1"],"picked":"Crescendo+1","floor":29},{"not_picked":["BowlingBash","CutThroughFate"],"picked":"Prostrate+1","floor":30},{"not_picked":["Study","Worship","DeceiveReality"],"picked":"SKIP","floor":31},{"not_picked":["ConjureBlade","MasterReality"],"picked":"Establishment","floor":33},{"not_picked":["ThirdEye","EmptyMind+1","ClearTheMind"],"picked":"SKIP","floor":35},{"not_picked":["EmptyBody+1","ClearTheMind","Perseverance"],"picked":"SKIP","floor":36},{"not_picked":["Evaluate","EmptyBody","Crescendo"],"picked":"SKIP","floor":38}],"player_experience":175570,"relics_obtained":[{"floor":6,"key":"Ancient Tea Set"},{"floor":8,"key":"Boot"},{"floor":9,"key":"TungstenRod"},{"floor":10,"key":"PreservedInsect"},{"floor":23,"key":"Gremlin Horn"},{"floor":26,"key":"TeardropLocket"},{"floor":29,"key":"Dead Branch"},{"floor":31,"key":"White Beast Statue"}],"event_choices":[{"damage_healed":0,"gold_gain":0,"player_choice":"Ignored","damage_taken":0,"max_hp_gain":0,"max_hp_loss":0,"event_name":"Purifier","floor":5,"gold_loss":0},{"cards_removed":["Strike_P"],"damage_healed":0,"gold_gain":0,"player_choice":"Purged","damage_taken":0,"max_hp_gain":0,"max_hp_loss":0,"event_name":"Purifier","floor":19,"gold_loss":0},{"damage_healed":0,"gold_gain":0,"player_choice":"Inject Mutagens","damage_taken":0,"relics_obtained":["MutagenicStrength"],"max_hp_gain":0,"max_hp_loss":0,"event_name":"Drug Dealer","floor":28,"gold_loss":0},{"damage_healed":0,"gold_gain":0,"player_choice":"Max HP","damage_taken":0,"max_hp_gain":0,"max_hp_loss":4,"event_name":"Winding Halls","floor":37,"gold_loss":0}],"is_beta":false,"boss_relics":[{"not_picked":["SlaversCollar","Black Star"],"picked":"Runic Pyramid"},{"not_picked":["Velvet Choker","Snecko Eye"],"picked":"Coffee Dripper"}],"items_purged_floors":[],"is_endless":false,"potions_floor_spawned":[2,3,10,12,16,21,29,33,35,36,38],"killed_by":"Transient","ascension_level":5}}