{"host":"3hzk4hwwdropes3d","time":1613112865,"event":{"mods":["BaseMod","Downfall","Hermit","Minty Spire (QoL Compilation)","StSLib"],"gold_per_floor":[99,113,125,138,138,3,3,37,37,75,94,121,21,21,48,159,159,159,184,184,184,184],"floor_reached":20,"language":"ENG","playtime":1202,"items_purged":[],"score":212,"play_id":"430c3224-90b2-47a6-a1a7-5c42983a3d96","local_time":"20210211225425","is_ascension_mode":true,"campfire_choices":[{"data":"champ:Taunt","floor":1,"key":"SMITH"},{"floor":9,"key":"REST"},{"floor":13,"key":"REST"},{"floor":18,"key":"RECALL"}],"circlet_count":0,"master_deck":["champ:Strike","champ:Strike","champ:Strike","champ:Strike","champ:Defend","champ:Defend","champ:Defend","champ:Defend","champ:Execute","champ:Taunt+1","champ:ShieldSigil","champ:Haymaker","champ:FanOfKnives","champ:BerserkerStyle","champ:PreciseThrust","champ:DeathBlow","champ:AdrenalArmor","champ:BerserkersShout","champ:PreciseThrust","champ:ShieldSlam","champ:TripleStrike","champ:SwordSigil"],"relics":["champ:ChampionCrown","CeramicFish","Regal Pillow","Gremlin Horn","downfall:HeartBlessingGreen","downfall:BrokenWingStatue","SacredBark"],"acts_visited":["Exordium","TheCity"],"potions_floor_usage":[10,10,16,16,20],"damage_taken":[{"damage":16,"enemies":"Cultist","floor":2,"turns":4},{"damage":32,"enemies":"Jaw Worm","floor":3,"turns":4},{"damage":16,"enemies":"Small Slimes","floor":4,"turns":3},{"damage":40,"enemies":"downfall:FleeingMerchant","floor":6,"turns":4},{"damage":47,"enemies":"Gremlin Nob","floor":8,"turns":4},{"damage":60,"enemies":"Lagavulin","floor":10,"turns":6},{"damage":13,"enemies":"Exordium Wildlife","floor":11,"turns":3},{"damage":25,"enemies":"3 Louse","floor":12,"turns":2},{"damage":26,"enemies":"2 Fungi Beasts","floor":15,"turns":2},{"damage":97,"enemies":"DF_ARCHETYPE_STREAMLINE","floor":16,"turns":9},{"damage":83,"enemies":"Spheric Guardian","floor":19,"turns":4},{"damage":155,"enemies":"Spheric Guardian","floor":20,"turns":8}],"seed_played":"-6101471712007461256","potions_obtained":[{"floor":2,"key":"CultistPotion"},{"floor":4,"key":"champ:CounterPotion"},{"floor":8,"key":"EssenceOfSteel"},{"floor":11,"key":"Dexterity Potion"},{"floor":15,"key":"Weak Potion"}],"is_trial":false,"path_per_floor":["R","M","M","M","?","$","T","E","R","E","M","M","R","?","M","B",null,"R","M","?"],"character_chosen":"THE_CHAMP","items_purchased":["champ:BerserkerStyle","champ:PreciseThrust"],"campfire_rested":2,"item_purchase_floors":[6,6],"current_hp_per_floor":[99,93,86,80,80,75,75,43,87,59,46,40,84,84,80,39,99,99,72,0,0,0],"gold":184,"neow_bonus":"TEN_PERCENT_HP_BONUS","is_daily":false,"chose_seed":false,"campfire_upgraded":1,"win_rate":0.0,"timestamp":1613112865,"path_taken":["R","M","M","?","?","$","T","E","R","E","?","?","R","?","M","BOSS","R","M","?"],"items_purchased_type":["Card","Card"],"build_version":"2020-12-22","purchased_purges":0,"victory":false,"max_hp_per_floor":[99,99,99,99,99,99,99,99,99,99,99,99,99,99,99,99,99,99,99,99,99,99],"card_choices":[{"not_picked":["champ:Shatter","champ:CrownThrow"],"picked":"champ:ShieldSigil","floor":2},{"not_picked":["champ:EnGarde","champ:GladiatorStyle"],"picked":"champ:Haymaker","floor":3},{"not_picked":["champ:ViciousMockery","champ:SetATrap"],"picked":"champ:FanOfKnives","floor":4},{"not_picked":["champ:DefensiveShout","champ:BladeFlurry","champ:EnchantShield"],"picked":"SKIP","floor":6},{"not_picked":["champ:Parry","champ:FlashCut"],"picked":"champ:DeathBlow","floor":8},{"not_picked":["champ:ShieldSigil","champ:RapidStrikes"],"picked":"champ:AdrenalArmor","floor":10},{"not_picked":["champ:TornadoPunch","champ:CrownThrow"],"picked":"champ:BerserkersShout","floor":11},{"not_picked":["champ:SkillfulDodge","champ:PerfectedStrike"],"picked":"champ:PreciseThrust","floor":12},{"not_picked":["champ:DefensiveShout","champ:PreciseThrust"],"picked":"champ:ShieldSlam","floor":15},{"not_picked":["champ:IgnorePain","champ:MurderStrike"],"picked":"champ:TripleStrike","floor":16},{"not_picked":["champ:DefensiveShout","champ:CalledShot"],"picked":"champ:SwordSigil","floor":19}],"player_experience":386678,"relics_obtained":[{"floor":7,"key":"CeramicFish"},{"floor":8,"key":"Regal Pillow"},{"floor":10,"key":"Gremlin Horn"}],"event_choices":[],"is_beta":false,"boss_relics":[{"not_picked":["Runic Dome","Runic Pyramid"],"picked":"SacredBark"}],"items_purged_floors":[],"is_endless":false,"potions_floor_spawned":[2,4,8,11,15],"killed_by":"Spheric Guardian","ascension_level":3}}