{"host":"Jinnai","time":1613145160,"event":{"mods":["BaseMod","Block Reminder","Colored Map","Colored Powertips","Curses Come First","Highlight Path","Minty Spire (QoL Compilation)","Permanent Neow","Potion Indicator Mod","Quick Restart","Relic Stats","StSLib","ojb\u0027s Info Mod"],"gold_per_floor":[109,109,109,133,151,190,203,247,274,294,313,313,357,357,357,357,357],"floor_reached":16,"language":"ENG","playtime":553,"items_purged":[],"score":244,"play_id":"d2679f42-ca74-48c1-820d-eda08dcf4c61","local_time":"20210212105240","is_ascension_mode":true,"campfire_choices":[{"floor":12,"key":"REST"},{"floor":15,"key":"REST"}],"circlet_count":0,"master_deck":["AscendersBane","Strike_R","Strike_R","Strike_R","Strike_R","Strike_R","Defend_R","Defend_R","Defend_R","Bash","Pommel Strike","Carnage","Twin Strike","Iron Wave","Pommel Strike","Dark Embrace","Second Wind","Fiend Fire","Disarm"],"relics":["Burning Blood","Golden Idol","StrikeDummy","Akabeko","Happy Flower","CeramicFish"],"acts_visited":["Exordium"],"potions_floor_usage":[],"damage_taken":[{"damage":12,"enemies":"2 Louse","floor":1,"turns":3},{"damage":4,"enemies":"Small Slimes","floor":4,"turns":3},{"damage":7,"enemies":"Jaw Worm","floor":5,"turns":2},{"damage":27,"enemies":"Gremlin Nob","floor":6,"turns":4},{"damage":0,"enemies":"Large Slime","floor":7,"turns":2},{"damage":40,"enemies":"Lagavulin","floor":8,"turns":4},{"damage":4,"enemies":"Red Slaver","floor":10,"turns":2},{"damage":1,"enemies":"Looter","floor":11,"turns":2},{"damage":20,"enemies":"3 Sentries","floor":13,"turns":6},{"damage":53,"enemies":"The Guardian","floor":16,"turns":11}],"seed_played":"1891340177663449676","potions_obtained":[{"floor":5,"key":"LiquidBronze"},{"floor":6,"key":"SpeedPotion"},{"floor":7,"key":"SteroidPotion"}],"is_trial":false,"path_per_floor":["M","?","?","M","M","E","M","E","T","M","M","R","E","T","R","B"],"character_chosen":"IRONCLAD","items_purchased":[],"campfire_rested":2,"item_purchase_floors":[],"current_hp_per_floor":[58,58,58,60,59,38,44,10,10,12,17,41,27,27,51,0,0],"gold":357,"neow_bonus":"TWENTY_PERCENT_HP_BONUS","is_daily":false,"chose_seed":false,"campfire_upgraded":0,"win_rate":0.0,"timestamp":1613145160,"path_taken":["M","?","?","M","M","E","M","E","T","M","M","R","E","?","R","BOSS"],"items_purchased_type":[],"build_version":"2020-12-18","purchased_purges":0,"victory":false,"max_hp_per_floor":[89,81,81,81,81,81,81,81,81,81,81,81,81,81,81,81,81],"relic_stats":{"Happy Flower":[7],"counters":[10,39],"Golden Idol":46,"CeramicFish":0,"obtain_stats":[{"Happy Flower":9,"Golden Idol":2,"CeramicFish":13,"StrikeDummy":6,"Burning Blood":0,"Akabeko":8},{"Happy Flower":6,"Golden Idol":1,"CeramicFish":9,"StrikeDummy":4,"Burning Blood":0,"Akabeko":6},{"Happy Flower":18,"Golden Idol":3,"CeramicFish":28,"StrikeDummy":12,"Burning Blood":0,"Akabeko":18}],"Burning Blood":54},"card_choices":[{"not_picked":["Combust","Twin Strike"],"picked":"Pommel Strike","floor":1},{"not_picked":["Sever Soul","Sword Boomerang"],"picked":"Twin Strike","floor":4},{"not_picked":["Pummel","Clash"],"picked":"Iron Wave","floor":5},{"not_picked":["Second Wind","Barricade"],"picked":"Pommel Strike","floor":6},{"not_picked":["Anger","Sword Boomerang"],"picked":"Dark Embrace","floor":7},{"not_picked":["Entrench","Armaments"],"picked":"Second Wind","floor":8},{"not_picked":["Cleave","Burning Pact"],"picked":"Fiend Fire","floor":10},{"not_picked":["Body Slam","Thunderclap"],"picked":"Disarm","floor":11},{"not_picked":["Wild Strike","Armaments","Thunderclap"],"picked":"SKIP","floor":13}],"player_experience":1722240,"relics_obtained":[{"floor":6,"key":"StrikeDummy"},{"floor":8,"key":"Akabeko"},{"floor":9,"key":"Happy Flower"},{"floor":13,"key":"CeramicFish"}],"event_choices":[{"damage_healed":0,"gold_gain":0,"player_choice":"Lose Max HP","damage_taken":0,"relics_obtained":["Golden Idol"],"max_hp_gain":0,"max_hp_loss":8,"event_name":"Golden Idol","floor":2,"gold_loss":0},{"damage_healed":0,"gold_gain":0,"cards_transformed":["Defend_R"],"player_choice":"Change","damage_taken":0,"max_hp_gain":0,"max_hp_loss":0,"event_name":"Living Wall","floor":3,"gold_loss":0,"cards_obtained":["Carnage"]}],"is_beta":true,"boss_relics":[],"items_purged_floors":[],"is_endless":false,"potions_floor_spawned":[5,6,7,11],"killed_by":"The Guardian","ascension_level":20}}