{"host":"1vqon1dbpr5c1qll","time":1613121863,"event":{"mods":["2.2 Compatiblity","AchievementEnabler","BaseMod","BetterRewards","Colored Map","DeckTracker","Hermit","Highlight Path","Lobotomy","Minty Spire (QoL Compilation)","Permanent Neow","Quick Restart","Random Character Button","Replay The Spire","StSLib","SuperFastMode","The Cursed","The Servant 0.9.4","everything is the same but u backflip on backflip"],"gold_per_floor":[114,114,129,144,159,159,189,36,36,51,51,81,96,126,126,226,226,241,63,63,78,93,123,123,123,173,188,200,242,254,266,278,390,402,429,456,546,558,570,612,144,159,159,189,218,18,18,33,33,33],"floor_reached":51,"language":"KOR","playtime":2413,"items_purged":[],"score":938,"play_id":"b8d1d75b-05a2-4f5b-909f-5033943c2615","local_time":"20210212182423","daily_mods":["Allstar","Vintage","Binary"],"is_ascension_mode":false,"campfire_choices":[{"data":"Panacea","floor":6.0,"key":"SMITH"},{"data":"1","floor":15,"key":"LIFT"},{"data":"2","floor":24,"key":"LIFT"},{"data":"3","floor":28,"key":"LIFT"},{"floor":32,"key":"REST"},{"floor":49,"key":"DIG"}],"circlet_count":0,"master_deck":["Strike_B+1","Strike_B+1","Strike_B+1","Strike_B+1","Defend_B+1","Defend_B+1","Defend_B+1","Defend_B+1","Zap","Dualcast","Flash of Steel","Dark Shackles","The Bomb+1","Panacea+1","FTL","Genetic Algorithm","Turbo","Self Repair","Secret Weapon","Sunder+1","Capacitor","Beam Cell","Beam Cell","FTL","Ball Lightning","Turbo","RitualDagger","Cold Snap","Streamline","Biased Cognition","Pot Of Greed","Pot Of Greed","Pot Of Greed","Compile Driver+1","Hologram+1","Stack+1","Capacitor","Stack","Madness","Madness","Pot Of Greed"],"relics":["Cracked Core","Meat on the Bone","Strawberry","Pen Nib","Anchor","Bronze Scales","The Courier","War Paint","Mirror","Vajra","Girya","Fusion Hammer","Gremlin Horn","Juzu Bracelet","Garlic","Replay:Bottled Flurry","Dream Catcher","MawBank","Art of War","Nuclear Battery","WingedGreaves","Mercury Hourglass","Grinning Jar","Replay:Bottled Steam","ReplayFunnel","Orichalcum","Centennial Puzzle","TungstenRod","Replay:Rubber Ducky","Symbiotic Virus","DataDisk","Thread and Needle","Mummified Hand","Sundial","Gremlin Food"],"acts_visited":["Exordium","TheCity","TheBeyond"],"potions_floor_usage":[7,12,12,16,29,33,33,50,50],"damage_taken":[{"damage":5.0,"enemies":"2 Louse","floor":1.0,"turns":2.0},{"damage":0.0,"enemies":"Jaw Worm","floor":3.0,"turns":3.0},{"damage":1.0,"enemies":"Cultist","floor":4.0,"turns":3.0},{"damage":18.0,"enemies":"Exordium Wildlife","floor":5.0,"turns":3.0},{"damage":14,"enemies":"3 Sentries","floor":7,"turns":4},{"damage":0,"enemies":"Looter","floor":10,"turns":3},{"damage":14,"enemies":"Lagavulin","floor":12,"turns":4},{"damage":0,"enemies":"Large Slime","floor":13,"turns":3},{"damage":6,"enemies":"Replay:BlueRogue","floor":14,"turns":6},{"damage":3,"enemies":"Slime Boss","floor":16,"turns":8},{"damage":1,"enemies":"Spheric Guardian","floor":18,"turns":3},{"damage":5,"enemies":"2 Thieves","floor":21,"turns":3},{"damage":5,"enemies":"Cultist and Chosen","floor":22,"turns":4},{"damage":2,"enemies":"Replay:Snechameleon","floor":23,"turns":5},{"damage":0,"enemies":"Shelled Parasite and Fungi","floor":27,"turns":3},{"damage":0,"enemies":"Book of Stabbing","floor":29,"turns":2},{"damage":19,"enemies":"Champ","floor":33,"turns":7},{"damage":0,"enemies":"3 Darklings","floor":35,"turns":4},{"damage":0,"enemies":"Orb Walker","floor":36,"turns":2},{"damage":6,"enemies":"R_Hoarder","floor":40,"turns":5},{"damage":0,"enemies":"3 Darklings","floor":42,"turns":3},{"damage":0,"enemies":"Reptomancer","floor":44,"turns":4},{"damage":0,"enemies":"2 Orb Walkers","floor":45,"turns":2},{"damage":0,"enemies":"Sphere and 2 Shapes","floor":48,"turns":4},{"damage":8,"enemies":"Donu and Deca","floor":50,"turns":7}],"seed_played":"-587577638262706789","potions_obtained":[{"floor":1.0,"key":"EntropicBrew"},{"floor":5.0,"key":"FearPotion"},{"floor":10,"key":"Strength Potion"},{"floor":12,"key":"Venom Potion"},{"floor":14,"key":"FairyPotion"},{"floor":18,"key":"EssenceOfSteel"},{"floor":23,"key":"FearPotion"},{"floor":29,"key":"DistilledChaos"},{"floor":40,"key":"SteroidPotion"},{"floor":44,"key":"FearPotion"},{"floor":45,"key":"Block Potion"}],"is_trial":false,"path_per_floor":["M","?","M","M","M","R","E","$","T","M","?","E","M","E","R_BF","B",null,"M","$","?","M","M","E","R","?","T","M","R","E","?","?","R","B",null,"M","M","?","?","?","E","$","M","T","E","?","$","?","M","R_BF","B",null],"character_chosen":"DEFECT","items_purchased":["Genetic Algorithm","Turbo","Self Repair","Beam Cell","Beam Cell","FTL","Ball Lightning","Orichalcum","Centennial Puzzle","TungstenRod","Mummified Hand"],"campfire_rested":1,"item_purchase_floors":[8,8,8,19,19,19,19,41,41,41,46],"current_hp_per_floor":[70,70,77,76,58,58,44,44,44,51,51,56,63,64,64,68,82,82,82,82,82,82,80,80,74,74,81,81,81,81,81,82,63,82,82,82,82,82,82,82,82,82,82,82,82,82,73,80,80,79],"gold":33,"neow_bonus":"","is_daily":true,"chose_seed":false,"campfire_upgraded":1,"win_rate":0.0,"timestamp":1613121863,"path_taken":["M","?","M","M","M","R","E","$","T","M","?","E","M","E","R_BF","BOSS","M","$","?","M","M","E","R","?","T","M","R","E","?","?","R","BOSS","M","M","?","?","?","E","?","M","T","E","?","$","?","M","R_BF","BOSS"],"items_purchased_type":["Card","Card","Card","Card","Card","Card","Card","Relic","Relic","Relic","Relic"],"build_version":"2020-12-22","purchased_purges":0,"victory":true,"max_hp_per_floor":[75,75,82,82,82,82,82,82,82,82,82,82,82,82,82,82,82,82,82,82,82,82,82,82,82,82,82,82,82,82,82,82,82,82,82,82,82,82,82,82,82,82,82,82,82,82,82,82,82,82],"card_choices":[{"not_picked":["BasicCrystalCard"],"picked":"FTL","floor":7},{"not_picked":["Reprogram"],"picked":"Sunder","floor":12},{"not_picked":["Redo"],"picked":"Capacitor","floor":14},{"not_picked":["BasicCrystalCard"],"picked":"Turbo","floor":23},{"not_picked":["Hologram"],"picked":"Cold Snap","floor":29},{"not_picked":["Panic Button"],"picked":"Streamline","floor":32},{"not_picked":["Buffer"],"picked":"Biased Cognition","floor":33},{"not_picked":["Capacitor+1"],"picked":"Compile Driver+1","floor":37},{"not_picked":["Auto Shields"],"picked":"Hologram+1","floor":37},{"not_picked":["Lockon"],"picked":"Stack+1","floor":40},{"not_picked":["Turbo+1"],"picked":"Capacitor","floor":44},{"not_picked":["Rebound"],"picked":"Stack","floor":45}],"player_experience":974793,"relics_obtained":[{"floor":1.0,"key":"Meat on the Bone"},{"floor":3.0,"key":"Strawberry"},{"floor":4.0,"key":"Pen Nib"},{"floor":5.0,"key":"Anchor"},{"floor":7,"key":"Bronze Scales"},{"floor":9,"key":"The Courier"},{"floor":10,"key":"War Paint"},{"floor":12,"key":"Mirror"},{"floor":13,"key":"Vajra"},{"floor":14,"key":"Girya"},{"floor":18,"key":"Gremlin Horn"},{"floor":21,"key":"Juzu Bracelet"},{"floor":22,"key":"Garlic"},{"floor":23,"key":"Replay:Bottled Flurry"},{"floor":26,"key":"Dream Catcher"},{"floor":27,"key":"MawBank"},{"floor":29,"key":"Art of War"},{"floor":35,"key":"WingedGreaves"},{"floor":36,"key":"Mercury Hourglass"},{"floor":37,"key":"Grinning Jar"},{"floor":40,"key":"ReplayFunnel"},{"floor":42,"key":"Replay:Rubber Ducky"},{"floor":43,"key":"Symbiotic Virus"},{"floor":44,"key":"DataDisk"},{"floor":45,"key":"Thread and Needle"},{"floor":48,"key":"Sundial"},{"floor":49,"key":"Gremlin Food"}],"event_choices":[{"damage_healed":0,"gold_gain":0,"cards_transformed":["Metamorphosis"],"player_choice":"Change","damage_taken":0,"max_hp_gain":0,"max_hp_loss":0,"event_name":"Living Wall","floor":11,"gold_loss":0,"cards_obtained":["Secret Weapon"]},{"damage_healed":0,"gold_gain":0,"player_choice":"Upgraded","damage_taken":0,"max_hp_gain":0,"max_hp_loss":0,"event_name":"Upgrade Shrine","floor":20,"gold_loss":0,"cards_upgraded":["Sunder"]},{"damage_healed":0,"gold_gain":0,"player_choice":"Joined the Cult","damage_taken":6,"max_hp_gain":0,"max_hp_loss":0,"event_name":"Nest","floor":25,"gold_loss":0,"cards_obtained":["RitualDagger"]},{"damage_healed":0,"gold_gain":0,"player_choice":"Simplicity","damage_taken":0,"max_hp_gain":0,"max_hp_loss":0,"event_name":"Back to Basics","floor":30,"gold_loss":0,"cards_upgraded":["Strike_B","Strike_B","Strike_B","Strike_B","Defend_B","Defend_B"]},{"damage_healed":0,"gold_gain":0,"player_choice":"Ignored","damage_taken":0,"max_hp_gain":0,"max_hp_loss":0,"event_name":"Vampires","floor":31,"gold_loss":0},{"damage_healed":0,"gold_gain":0,"player_choice":"Ignored","damage_taken":0,"max_hp_gain":0,"max_hp_loss":0,"event_name":"Tomb of Lord Red Mask","floor":38,"gold_loss":0},{"damage_healed":0,"gold_gain":0,"player_choice":"Gave Potion","damage_taken":0,"relics_obtained":["Replay:Bottled Steam"],"max_hp_gain":0,"max_hp_loss":0,"event_name":"WeMeetAgain","floor":39,"gold_loss":0},{"damage_healed":0,"gold_gain":0,"player_choice":"Fight","damage_taken":0,"max_hp_gain":0,"max_hp_loss":0,"event_name":"Mysterious Sphere","floor":45,"gold_loss":0},{"damage_healed":0,"gold_gain":0,"player_choice":"Embrace Madness","damage_taken":10,"max_hp_gain":0,"max_hp_loss":0,"event_name":"Winding Halls","floor":47,"gold_loss":0,"cards_obtained":["Madness","Madness"]}],"is_beta":false,"boss_relics":[{"not_picked":["Empty Cage","Replay:Bronze Core"],"picked":"Fusion Hammer"},{"not_picked":["FrozenCore","Painkiller Herb"],"picked":"Nuclear Battery"}],"items_purged_floors":[],"is_endless":false,"potions_floor_spawned":[1,5,10,12,14,18,21,23,29,40,44,45],"ascension_level":0}}