{"host":"2rbn7ywmirq5y689","time":1613141064,"event":{"mods":["BaseMod","Colored Map","Colored Powertips","Highlight Path","Minty Spire (QoL Compilation)","Rare Cards Sparkle","Relic Stats","StSLib"],"gold_per_floor":[113,188,200,69,88,88,119,119,119,119,219,238,255,290,290,389,389,404,414,329,429,441,441,366,383,383,383,394,406,406,406],"floor_reached":30,"language":"ENG","playtime":1280,"items_purged":["Strike_B"],"score":242,"play_id":"761e7ef5-1bf6-46b7-a808-7b944ee8645b","local_time":"20210212224424","is_ascension_mode":false,"campfire_choices":[{"data":"Zap","floor":6,"key":"SMITH"},{"data":"Hologram","floor":8,"key":"SMITH"},{"data":"Hologram","floor":10,"key":"SMITH"},{"floor":15,"key":"REST"},{"data":"Biased Cognition","floor":23,"key":"SMITH"},{"floor":27,"key":"REST"}],"circlet_count":0,"master_deck":["Strike_B","Strike_B","Strike_B","Defend_B+1","Defend_B","Defend_B","Defend_B","Zap+1","Dualcast+1","Compile Driver","Leap","Biased Cognition+1","Ball Lightning","Hologram+1","Hologram+1","Barrage","Beam Cell","Darkness","All For One","Melter+1","Consume","Gash+1","Cold Snap","Normality","Streamline","Gash"],"relics":["Cracked Core","Peace Pipe","Mummified Hand","StrikeDummy","War Paint","Cursed Key","Pocketwatch","Unceasing Top"],"acts_visited":["Exordium","TheCity"],"potions_floor_usage":[16],"damage_taken":[{"damage":6,"enemies":"Jaw Worm","floor":1,"turns":3},{"damage":0,"enemies":"Small Slimes","floor":3,"turns":2},{"damage":0,"enemies":"Cultist","floor":5,"turns":3},{"damage":14,"enemies":"Gremlin Nob","floor":7,"turns":3},{"damage":5,"enemies":"Looter","floor":12,"turns":2},{"damage":2,"enemies":"3 Louse","floor":13,"turns":2},{"damage":13,"enemies":"3 Sentries","floor":14,"turns":5},{"damage":17,"enemies":"Hexaghost","floor":16,"turns":7},{"damage":18,"enemies":"Shell Parasite","floor":18,"turns":3},{"damage":5,"enemies":"Chosen","floor":19,"turns":3},{"damage":15,"enemies":"Snake Plant","floor":22,"turns":3},{"damage":5,"enemies":"Snecko","floor":25,"turns":3},{"damage":12,"enemies":"3 Cultists","floor":28,"turns":6},{"damage":28,"enemies":"Snake Plant","floor":29,"turns":3},{"damage":10,"enemies":"Sentry and Sphere","floor":30,"turns":2}],"seed_played":"8337371500884254858","potions_obtained":[{"floor":3,"key":"SpeedPotion"},{"floor":7,"key":"LiquidMemories"},{"floor":12,"key":"ColorlessPotion"},{"floor":19,"key":"CultistPotion"}],"is_trial":false,"path_per_floor":["M","?","M","$","M","R","E","R","T","R","?","M","M","E","R","B",null,"M","M","?","?","M","R","$","M","T","R","M","M","M"],"character_chosen":"DEFECT","items_purchased":["Biased Cognition","Ball Lightning"],"campfire_rested":2,"item_purchase_floors":[4,4],"current_hp_per_floor":[62,51,51,51,51,51,37,37,37,37,37,32,30,17,37,20,68,50,45,45,45,30,30,30,25,25,45,33,5,0,0],"gold":406,"neow_bonus":"ONE_RARE_RELIC","is_daily":false,"chose_seed":false,"campfire_upgraded":4,"win_rate":0.0,"timestamp":1613141064,"path_taken":["M","?","M","$","M","R","E","R","T","R","?","M","?","E","R","BOSS","M","M","?","?","M","R","$","M","T","R","M","M","?"],"items_purchased_type":["Card","Card"],"build_version":"2020-12-22","purchased_purges":1,"victory":false,"max_hp_per_floor":[68,68,68,68,68,68,68,68,68,68,68,68,68,68,68,68,68,68,68,68,68,68,68,68,68,68,68,68,68,68,68],"relic_stats":{"Peace Pipe":0,"counters":[15,50],"Mummified Hand":[9],"War Paint":["Defend_B","Dualcast"],"Cursed Key":1,"obtain_stats":[{"Peace Pipe":0,"Mummified Hand":7,"War Paint":14,"Cracked Core":0,"StrikeDummy":9,"Cursed Key":17,"Unceasing Top":26,"Pocketwatch":20},{"Peace Pipe":0,"Mummified Hand":4,"War Paint":7,"Cracked Core":0,"StrikeDummy":4,"Cursed Key":8,"Unceasing Top":12,"Pocketwatch":10},{"Peace Pipe":0,"Mummified Hand":11,"War Paint":20,"Cracked Core":0,"StrikeDummy":11,"Cursed Key":27,"Unceasing Top":39,"Pocketwatch":33}],"Unceasing Top":[3],"Pocketwatch":[9]},"card_choices":[{"not_picked":["Steam Power","Go for the Eyes"],"picked":"Compile Driver","floor":1},{"not_picked":["Turbo","Beam Cell"],"picked":"Leap","floor":3},{"not_picked":["Go for the Eyes","Turbo"],"picked":"Hologram","floor":5},{"not_picked":["Rip and Tear","Tempest"],"picked":"Hologram","floor":7},{"not_picked":["Genetic Algorithm","Gash"],"picked":"Barrage","floor":12},{"not_picked":["Chaos","Genetic Algorithm"],"picked":"Beam Cell","floor":13},{"not_picked":["Reprogram","Tempest"],"picked":"Darkness","floor":14},{"not_picked":["Core Surge","Rainbow"],"picked":"All For One","floor":16},{"not_picked":["Doom and Gloom","Leap"],"picked":"Melter+1","floor":18},{"not_picked":["Compile Driver+1","Rip and Tear"],"picked":"Consume","floor":19},{"not_picked":["Steam Power","Steam"],"picked":"Gash+1","floor":22},{"not_picked":["Turbo","Skim"],"picked":"Cold Snap","floor":25},{"not_picked":["Consume","Ball Lightning+1"],"picked":"Streamline","floor":28},{"not_picked":["Tempest","Hello World"],"picked":"Gash","floor":29}],"player_experience":221904,"relics_obtained":[{"floor":7,"key":"Mummified Hand"},{"floor":9,"key":"StrikeDummy"},{"floor":14,"key":"War Paint"},{"floor":26,"key":"Unceasing Top"}],"event_choices":[{"damage_healed":0,"gold_gain":75,"player_choice":"Gather Gold","damage_taken":11,"max_hp_gain":0,"max_hp_loss":0,"event_name":"World of Goop","floor":2,"gold_loss":0},{"damage_healed":0,"gold_gain":100,"player_choice":"Gold","damage_taken":0,"max_hp_gain":0,"max_hp_loss":0,"event_name":"Wheel of Change","floor":11,"gold_loss":0},{"damage_healed":0,"gold_gain":0,"player_choice":"Obtained Relic","damage_taken":0,"relics_obtained":["Pocketwatch"],"max_hp_gain":0,"max_hp_loss":0,"event_name":"Addict","floor":20,"gold_loss":85},{"damage_healed":0,"gold_gain":100,"player_choice":"Pray","damage_taken":0,"max_hp_gain":0,"max_hp_loss":0,"event_name":"Golden Shrine","floor":21,"gold_loss":0}],"is_beta":false,"boss_relics":[{"not_picked":["Pandora\u0027s Box","Velvet Choker"],"picked":"Cursed Key"}],"items_purged_floors":[24],"is_endless":false,"potions_floor_spawned":[3,7,12,19,22,29],"killed_by":"Sentry and Sphere","ascension_level":0}}