{"host":"k6d6vy172g6ium25","time":1613092651,"event":{"mods":["Act Like it!","BaseMod","Bossed Relics","Custom Start","Downfall","Friendly Minions","Kiyohime????","Marisa????????","Minty Spire (QoL Compilation)","Prisma Mod","Rare Cards Sparkle","Relic Filter","StSLib","The Alterego","Transform Curses","Waifu the Spire","Wide Potions","Yakumo Yukari mod","Yohane!"],"gold_per_floor":[111,125,31,44,64,81,81,97,107,127,153,145,145,164,164,275,275,294,317,317,340,128,128,128,28,40,70,70,90,90,75,75,176,176,190,208,208,208,227,213,213,233,266,290,301,301,101,136,136,136,136,166,16,16,16,16],"floor_reached":57,"language":"ENG","playtime":6398,"items_purged":["hexamod:Strike"],"score":1363,"play_id":"8c2128a5-e586-45ac-815c-d08e44e7cf1b","local_time":"20210212021731","is_ascension_mode":false,"campfire_choices":[{"data":"hexamod:Rewind","floor":15,"key":"SMITH"},{"floor":25,"key":"REST"},{"floor":30,"key":"RECALL"},{"data":"hexamod:GhostOfSpirePast","floor":32,"key":"SMITH"},{"floor":47,"key":"REST"},{"data":"expansioncontent:StudyTheSpire","floor":49,"key":"SMITH"},{"data":"hexamod:HexaLevel","floor":54,"key":"SMITH"}],"circlet_count":0,"master_deck":["hexamod:Strike+1","hexamod:Strike","hexamod:Strike+1","hexamod:Defend","hexamod:Defend","hexamod:Defend+1","hexamod:Defend","hexamod:Sear","hexamod:Float","hexamod:Rewind+1","hexamod:FlamesFromBeyond","hexamod:FastForward+1","hexamod:FourthSeal","hexamod:GhostflameBarrier","hexamod:FastForward","hexamod:GhostOfSpirePast+1","hexamod:RadiantFlame+1","hexamod:ForkedFlame+1","hexamod:InspiringFlames+1","hexamod:GhostShield","hexamod:HexaLevel+1","hexamod:ShieldOfDarkness","hexamod:FastForward+1","hexamod:SkipABeat+1","hexamod:GhostShield+1","hexamod:BacktrackSmack+1","expansioncontent:StudyTheSpire+1","hexamod:Haunt","hexamod:NecessarySacrifice+1","hexamod:AdvancingGuard+1","hexamod:HexaLevel","hexamod:RetreatToShadows+1","hexamod:NightmareGuise+1","hexamod:Rewind+1","hexamod:TimeOfNeed","hexamod:PhantomCloak","hexamod:GhostOfSpirePast+1","hexamod:SixthSeal","hexamod:RetreatToShadows","expansioncontent:Chronoboost","hexamod:NightmareGuise+1","hexamod:TimeWarp+1","hexamod:TimeOfNeed"],"relics":["hexamod:SpiritBrand","Whetstone","Mummified Hand","SlaversCollar","sneckomod:BabySnecko","hexamod:TheBrokenSeal","Ginger","downfall:HeartBlessingGreen","Question Card","Tiny House","Blue Candle","Molten Egg 2","Mango","hexamod:InflammatoryLetter","Pen Nib","downfall:HeartBlessingRed","downfall:HeartBlessingBlue","Mercury Hourglass","DollysMirror"],"acts_visited":["Exordium","TheCity","TheBeyond","TheEnding"],"potions_floor_usage":[5,6,8,8,9,10,11,14,14,14,16,19,21,21,21,21,29,36,40,43,43,56,56],"damage_taken":[{"damage":1,"enemies":"Jaw Worm","floor":1,"turns":5},{"damage":0,"enemies":"Small Slimes","floor":2,"turns":3},{"damage":0,"enemies":"downfall:FleeingMerchant","floor":3,"turns":4},{"damage":0,"enemies":"2 Louse","floor":4,"turns":2},{"damage":4,"enemies":"Blue Slaver","floor":5,"turns":3},{"damage":9,"enemies":"3 Louse","floor":6,"turns":4},{"damage":4,"enemies":"Large Slime","floor":8,"turns":5},{"damage":2,"enemies":"Blue Slaver","floor":9,"turns":3},{"damage":5,"enemies":"Exordium Thugs","floor":10,"turns":5},{"damage":0,"enemies":"Lagavulin","floor":11,"turns":2},{"damage":6,"enemies":"3 Louse","floor":14,"turns":3},{"damage":6,"enemies":"SI_SHIV_ARCHETYPE","floor":16,"turns":6},{"damage":2,"enemies":"Shell Parasite","floor":18,"turns":3},{"damage":13,"enemies":"Spheric Guardian","floor":19,"turns":6},{"damage":28,"enemies":"Shelled Parasite and Fungi","floor":21,"turns":4},{"damage":1,"enemies":"downfall:FleeingMerchant","floor":22,"turns":4},{"damage":0,"enemies":"Snecko","floor":26,"turns":5},{"damage":0,"enemies":"Book of Stabbing","floor":27,"turns":6},{"damage":0,"enemies":"Centurion and Healer","floor":29,"turns":6},{"damage":0,"enemies":"downfall:FleeingMerchant","floor":31,"turns":4},{"damage":1,"enemies":"IC_MUSHROOM_ARCHETYPE","floor":33,"turns":7},{"damage":3,"enemies":"3 Shapes","floor":35,"turns":4},{"damage":0,"enemies":"3 Darklings","floor":36,"turns":5},{"damage":0,"enemies":"Sphere and 2 Shapes","floor":39,"turns":6},{"damage":9,"enemies":"downfall:FleeingMerchant","floor":40,"turns":3},{"damage":12,"enemies":"Writhing Mass","floor":42,"turns":5},{"damage":0,"enemies":"Giant Head","floor":43,"turns":6},{"damage":24,"enemies":"Spire Growth","floor":45,"turns":5},{"damage":14,"enemies":"Nemesis","floor":48,"turns":7},{"damage":23,"enemies":"WA_ARCHETYPE_DIVINITY","floor":50,"turns":13},{"damage":18,"enemies":"downfall:CharBossMerchant","floor":52,"turns":7},{"damage":19,"enemies":"downfall:NeowBoss","floor":55,"turns":14},{"damage":63,"enemies":"downfall:NeowBossFinal","floor":56,"turns":10}],"seed_played":"-236675294909228499","potions_obtained":[{"floor":4,"key":"Dexterity Potion"},{"floor":4,"key":"hexamod:EctoCoolerPotion"},{"floor":5,"key":"SpeedPotion"},{"floor":6,"key":"PanachePotion"},{"floor":6,"key":"SkillPotion"},{"floor":8,"key":"EntropicBrew"},{"floor":8,"key":"SkillPotion"},{"floor":9,"key":"hexamod:DoubleChargePotion"},{"floor":10,"key":"SmokeBomb"},{"floor":11,"key":"EntropicBrew"},{"floor":11,"key":"Slimebound:ThreeZeroPotion"},{"floor":14,"key":"hexamod:EctoCoolerPotion"},{"floor":16,"key":"ColorlessPotion"},{"floor":16,"key":"LiquidMemories"},{"floor":19,"key":"FearPotion"},{"floor":21,"key":"AttackPotion"},{"floor":26,"key":"EntropicBrew"},{"floor":29,"key":"PowerPotion"},{"floor":36,"key":"hexamod:DoubleChargePotion"},{"floor":43,"key":"PowerPotion"},{"floor":43,"key":"Explosive Potion"},{"floor":45,"key":"CultistPotion"}],"is_trial":false,"path_per_floor":["M","M","$","M","M","M","T","M","M","M","E","?","T","M","R","B",null,"M","M","?","M","$","?","T","R","M","E","?","M","R","$","R","B",null,"M","M","?","?","M","$","T","M","E","?","M","?","R","E","R","B",null,"E","$","R","B","B",null],"character_chosen":"THE_SPIRIT","items_purchased":["hexamod:FourthSeal","expansioncontent:StudyTheSpire","hexamod:PhantomCloak","Molten Egg 2","DollysMirror"],"campfire_rested":2,"item_purchase_floors":[3,22,40,40,53],"current_hp_per_floor":[76,76,76,76,72,63,63,59,57,52,52,45,45,46,46,47,77,77,71,71,71,70,53,53,80,80,80,80,80,80,80,80,79,92,89,89,89,84,84,75,89,77,77,77,53,53,97,83,83,60,116,98,98,98,79,16],"gold":16,"neow_bonus":"TEN_PERCENT_HP_BONUS","is_daily":false,"chose_seed":false,"campfire_upgraded":4,"win_rate":0.0,"timestamp":1613092651,"path_taken":["M","M","$","M","M","M","T","M","M","M","E","?","?","M","R","BOSS","M","M","?","M","$","?","T","R","M","E","?","M","R","?","R","BOSS","M","M","?","?","M","$","T","M","E","?","M","?","R","E","R","BOSS","E","$","R","BOSS","BOSS"],"items_purchased_type":["Card","Card","Card","Relic","Relic"],"build_version":"2020-12-22","purchased_purges":1,"victory":true,"max_hp_per_floor":[77,77,77,77,77,77,77,77,77,77,77,77,77,77,77,77,77,77,77,77,87,87,92,92,92,92,92,92,92,92,92,92,92,92,92,92,92,92,92,92,106,106,106,106,106,106,116,116,116,116,116,116,116,116,116,116],"card_choices":[{"not_picked":["hexamod:SuperheatedStrike","hexamod:RecurringNightmare"],"picked":"hexamod:Rewind","floor":1},{"not_picked":["hexamod:PhantomCloak","hexamod:Firestarter"],"picked":"hexamod:FlamesFromBeyond","floor":2},{"not_picked":["hexamod:DynamicBlow","hexamod:BurningTouch"],"picked":"hexamod:FastForward","floor":3},{"not_picked":["hexamod:HeatMetal","hexamod:CatchUp"],"picked":"hexamod:FourthSeal","floor":4},{"not_picked":["hexamod:SpectersWail","hexamod:BacktrackSmack"],"picked":"hexamod:GhostflameBarrier","floor":5},{"not_picked":["hexamod:HeatCrush","hexamod:BacktrackSmack"],"picked":"hexamod:FastForward","floor":6},{"not_picked":["hexamod:InspiringFlames","hexamod:HeatMetal"],"picked":"hexamod:GhostOfSpirePast","floor":8},{"not_picked":["hexamod:PhantomCloak","hexamod:SuperheatedStrike"],"picked":"hexamod:RadiantFlame","floor":9},{"not_picked":["hexamod:FourthSeal","hexamod:SpectersWail"],"picked":"hexamod:AdvancingGuard","floor":10},{"not_picked":["hexamod:NightmareStrike","hexamod:Hexaguard"],"picked":"hexamod:ForkedFlame","floor":11},{"not_picked":["hexamod:BacktrackSmack","hexamod:CatchUp"],"picked":"hexamod:InspiringFlames","floor":14},{"not_picked":["hexamod:BurningTouch","hexamod:FlamesFromBeyond"],"picked":"hexamod:GhostShield","floor":14},{"not_picked":["hexamod:GhostOfSpirePresent","hexamod:HexaLevel"],"picked":"hexamod:FifthSeal","floor":16},{"not_picked":["hexamod:TimeOfNeed","hexamod:UnlimitedPower"],"picked":"hexamod:HexaLevel","floor":16},{"not_picked":["hexamod:GhostLash","hexamod:AdvancingGuard"],"picked":"hexamod:ShieldOfDarkness","floor":18},{"not_picked":["hexamod:ThirdSeal","hexamod:SecondSeal"],"picked":"hexamod:SixthSeal","floor":19},{"not_picked":["hexamod:SpectralAdrenaline","hexamod:BacktrackSmack"],"picked":"hexamod:FastForward+1","floor":19},{"not_picked":["hexamod:FastForward","hexamod:HauntingEcho"],"picked":"hexamod:SkipABeat+1","floor":19},{"not_picked":["hexamod:NecessarySacrifice","hexamod:Hexaguard"],"picked":"hexamod:GhostShield+1","floor":21},{"not_picked":["hexamod:HeatMetal","hexamod:GiftsFromTheDead"],"picked":"hexamod:BacktrackSmack+1","floor":22},{"not_picked":["hexamod:FlamesFromBeyond","hexamod:Firestarter+1"],"picked":"hexamod:Haunt","floor":26},{"not_picked":["hexamod:SuperheatedStrike","hexamod:BurningTouch","hexamod:Incineration"],"picked":"SKIP","floor":27},{"not_picked":["hexamod:ParanormalForm","hexamod:NightmareStrike","hexamod:SwordOfDarkness"],"picked":"hexamod:NecessarySacrifice","floor":29},{"not_picked":["hexamod:SwordOfDarkness","hexamod:BacktrackSmack+1","hexamod:FlamesFromBeyond"],"picked":"hexamod:AdvancingGuard+1","floor":31},{"not_picked":["hexamod:WildfireWeapon","hexamod:SearingWound","hexamod:UnleashSpirits"],"picked":"hexamod:HexaLevel","floor":33},{"not_picked":["hexamod:SwordOfDarkness+1","hexamod:HauntingEcho+1","hexamod:GhostLash"],"picked":"hexamod:RetreatToShadows","floor":35},{"not_picked":["hexamod:GhostflameBarrier","hexamod:FlamesFromBeyond+1","hexamod:BacktrackSmack+1"],"picked":"hexamod:NightmareGuise+1","floor":36},{"not_picked":["hexamod:Firestarter+1","hexamod:ThirdSeal","hexamod:HauntingEcho+1"],"picked":"hexamod:Rewind+1","floor":39},{"not_picked":["hexamod:Hexaguard","hexamod:NightmareStrike","hexamod:BurningTouch+1"],"picked":"hexamod:TimeOfNeed","floor":40},{"not_picked":["hexamod:SuperheatedStrike+1","hexamod:HeatShield","hexamod:AdvancingGuard+1"],"picked":"hexamod:GhostOfSpirePast+1","floor":42},{"not_picked":["hexamod:RecurringNightmare+1","hexamod:ThermalTransfer+1","hexamod:NightmareGuise"],"picked":"hexamod:SixthSeal","floor":43},{"not_picked":["hexamod:SwordOfDarkness+1","hexamod:FourthSeal","hexamod:HeatMetal+1"],"picked":"hexamod:RetreatToShadows","floor":45},{"not_picked":["expansioncontent:GuardianWhirl","expansioncontent:YouAreMine"],"picked":"expansioncontent:Chronoboost","floor":46},{"not_picked":["hexamod:SwordOfDarkness+1","hexamod:DynamicBlow+1","hexamod:SpectersWail+1"],"picked":"hexamod:NightmareGuise+1","floor":48},{"not_picked":["hexamod:SecondSeal","hexamod:PhantomCloak+1","hexamod:ShieldOfDarkness"],"picked":"hexamod:TimeWarp+1","floor":52}],"player_experience":103284,"relics_obtained":[{"floor":11,"key":"Whetstone"},{"floor":13,"key":"Mummified Hand"},{"floor":24,"key":"Ginger"},{"floor":27,"key":"Question Card"},{"floor":41,"key":"Mango"},{"floor":43,"key":"hexamod:InflammatoryLetter"},{"floor":44,"key":"Pen Nib"},{"floor":52,"key":"Mercury Hourglass"}],"event_choices":[],"is_beta":false,"boss_relics":[{"not_picked":["hexamod:IceCube","Fusion Hammer"],"picked":"SlaversCollar"},{"not_picked":["bronze:MakeshiftBattery","Velvet Choker"],"picked":"Tiny House"}],"items_purged_floors":[40],"is_endless":false,"potions_floor_spawned":[4,6,8,9,16,21,26,27,35,43,48,52],"ascension_level":0}}