{"host":"zk2wr01vh49shv6l","time":1613126879,"event":{"mods":["BaseMod","Hermit","Minty Spire (QoL Compilation)","Replay The Spire","StSLib","The Bug Knight"],"gold_per_floor":[112,129,129,142,154,185,185,218,270,270,270,22,22,39,39,135,135,155,165,180,194,38,38,218,218,218,253,269,288,288,288,301,301,301,301,301],"floor_reached":35,"language":"PTB","playtime":30896,"items_purged":[],"score":339,"play_id":"19f1dd4f-5be2-4564-bc43-02d318217d73","local_time":"20210212084759","is_ascension_mode":false,"campfire_choices":[{"floor":7,"key":"REST"},{"floor":10,"key":"REST"},{"floor":15,"key":"REST"},{"floor":23,"key":"REST"},{"floor":25,"key":"REST"},{"floor":34,"key":"REST"}],"circlet_count":0,"master_deck":["Strike_R","Strike_R","Strike_R","Strike_R","Strike_R","Defend_R","Defend_R","Defend_R","Defend_R","Iron Wave","Carnage","Pommel Strike","Sword Boomerang","Cleave","Pot Of Greed","Pot Of Greed","Inflame","Anger","Cleave","Good Instincts","Carnage","Twin Strike","Headbutt","Pot Of Greed","Reaper","CurseOfTheBell","Headbutt","Flex+1","Iron Wave","ReplayTheSpireMod:Limb From Limb","Wild Strike","Flame Barrier","Ghostly Armor","Havoc","Sadistic Nature","Pot Of Greed"],"relics":["Burning Blood","Replay:PocketPolymizer","Bottled Flame","Bronze Scales","Grinning Jar","Calling Bell","Orichalcum","Self Forming Clay","Charon\u0027s Ashes","Replay:Baseball","Shuriken","Quantum Egg"],"acts_visited":["Exordium","TheCity"],"potions_floor_usage":[4,16,16,18,19,29,29,32,35],"damage_taken":[{"damage":6,"enemies":"Jaw Worm","floor":1,"turns":4},{"damage":0,"enemies":"Small Slimes","floor":2,"turns":3},{"damage":1,"enemies":"Cultist","floor":4,"turns":4},{"damage":11,"enemies":"Red Slaver","floor":5,"turns":3},{"damage":22,"enemies":"Gremlin Nob","floor":6,"turns":5},{"damage":60,"enemies":"3 Sentries","floor":8,"turns":11},{"damage":0,"enemies":"3 Louse","floor":14,"turns":2},{"damage":53,"enemies":"Fading Forest","floor":16,"turns":11},{"damage":7,"enemies":"Spheric Guardian","floor":18,"turns":4},{"damage":29,"enemies":"Shell Parasite","floor":19,"turns":4},{"damage":16,"enemies":"Cultist and Chosen","floor":20,"turns":5},{"damage":33,"enemies":"Centurion and Healer","floor":21,"turns":6},{"damage":41,"enemies":"Book of Stabbing","floor":27,"turns":5},{"damage":21,"enemies":"Snecko","floor":28,"turns":4},{"damage":40,"enemies":"3 Cultists","floor":29,"turns":4},{"damage":16,"enemies":"Snake Plant","floor":32,"turns":2},{"damage":86,"enemies":"Champ","floor":35,"turns":9}],"seed_played":"2197319129456661275","potions_obtained":[{"floor":2,"key":"Weak Potion"},{"floor":6,"key":"LifebloodPotion"},{"floor":14,"key":"Energy Potion"},{"floor":16,"key":"Block Potion"},{"floor":18,"key":"DuplicationPotion"},{"floor":27,"key":"Milkshake"},{"floor":28,"key":"Languid Potion"},{"floor":29,"key":"Strength Potion"},{"floor":32,"key":"Dexterity Potion"}],"is_trial":false,"path_per_floor":["M","M","?","M","M","E","R","E","T","R","?","$","?","M","R","B",null,"M","M","M","M","$","R","?","R","T","E","M","M","PTL","PTL","M","?","R","B"],"character_chosen":"IRONCLAD","items_purchased":["Inflame","Anger","Cleave","Good Instincts","Replay:Baseball"],"campfire_rested":6,"item_purchase_floors":[12,12,12,12,22],"current_hp_per_floor":[88,88,70,75,70,54,80,26,26,52,52,52,52,58,84,47,88,87,68,64,49,49,75,44,70,70,46,39,23,23,23,20,49,75,0,0],"gold":301,"neow_bonus":"TEN_PERCENT_HP_BONUS","is_daily":false,"chose_seed":false,"campfire_upgraded":0,"win_rate":0.0,"timestamp":1613126879,"path_taken":["M","M","?","M","M","E","R","E","T","R","?","?","?","M","R","BOSS","M","M","?","M","?","R","?","R","T","E","?","M","PTL","PTL","M","?","R","BOSS"],"items_purchased_type":["Card","Card","Card","Card","Relic"],"build_version":"2020-12-22","purchased_purges":0,"victory":false,"max_hp_per_floor":[88,88,88,88,88,88,88,88,88,88,88,88,88,88,88,88,88,88,88,88,88,88,88,88,88,88,88,88,88,88,88,88,88,88,88,88],"card_choices":[{"not_picked":["Pommel Strike","Evolve"],"picked":"Iron Wave","floor":1},{"not_picked":["Twin Strike","Armaments"],"picked":"Carnage","floor":2},{"not_picked":["Thunderclap","Wild Strike"],"picked":"Pommel Strike","floor":4},{"not_picked":["Demon Form","ReplayTheSpireMod:Corrosion Curse"],"picked":"Sword Boomerang","floor":5},{"not_picked":["Massacre","Rage"],"picked":"ReplayReversal","floor":6},{"not_picked":["Searing Blow","True Grit"],"picked":"Cleave","floor":8},{"not_picked":["Wild Strike","Burning Pact"],"picked":"Twin Strike","floor":14},{"not_picked":["Impervious","Barricade"],"picked":"Reaper","floor":16},{"not_picked":["Wild Strike","Clash+1"],"picked":"Headbutt","floor":18},{"not_picked":["Burning Pact","Heavy Blade"],"picked":"Flex+1","floor":19},{"not_picked":["Body Slam","Sever Soul"],"picked":"Iron Wave","floor":20},{"not_picked":["Thunderclap+1","Clothesline"],"picked":"ReplayTheSpireMod:Limb From Limb","floor":21},{"not_picked":["Barricade","Havoc"],"picked":"Wild Strike","floor":27},{"not_picked":["Wild Strike","Blood for Blood"],"picked":"Flame Barrier","floor":28},{"not_picked":["Pummel","Perfected Strike"],"picked":"Ghostly Armor","floor":29},{"not_picked":["ReplayReversal+1","Warcry+1"],"picked":"Havoc","floor":32}],"player_experience":167605,"relics_obtained":[{"floor":6,"key":"Bottled Flame"},{"floor":8,"key":"Bronze Scales"},{"floor":9,"key":"Grinning Jar"},{"floor":17,"key":"Orichalcum"},{"floor":17,"key":"Self Forming Clay"},{"floor":17,"key":"Charon\u0027s Ashes"},{"floor":26,"key":"Shuriken"},{"floor":27,"key":"Quantum Egg"}],"event_choices":[{"damage_healed":0,"gold_gain":0,"player_choice":"Success","damage_taken":18,"relics_obtained":["Replay:PocketPolymizer"],"max_hp_gain":0,"max_hp_loss":0,"event_name":"Scrap Ooze","floor":3,"gold_loss":0},{"damage_healed":0,"gold_gain":0,"cards_transformed":["Rupture"],"player_choice":"Change","damage_taken":0,"max_hp_gain":0,"max_hp_loss":0,"event_name":"Living Wall","floor":11,"gold_loss":0,"cards_obtained":["Double Tap"]},{"damage_healed":0,"gold_gain":0,"cards_transformed":["Bash"],"player_choice":"Transformed","damage_taken":0,"max_hp_gain":0,"max_hp_loss":0,"event_name":"Transmorgrifier","floor":13,"gold_loss":0,"cards_obtained":["Carnage"]},{"damage_healed":0,"gold_gain":180,"player_choice":"CARD POTION GOLD GOLD ","damage_taken":31,"max_hp_gain":0,"max_hp_loss":0,"event_name":"Knowing Skull","floor":24,"potions_obtained":["Venom Potion"],"gold_loss":0,"cards_obtained":["Specialist"]},{"damage_healed":29,"gold_gain":0,"player_choice":"Heal","damage_taken":0,"max_hp_gain":0,"max_hp_loss":0,"event_name":"The Library","floor":33,"gold_loss":0}],"is_beta":false,"boss_relics":[{"not_picked":["Runic Cube","Replay:Ancient Bell"],"picked":"Calling Bell"}],"items_purged_floors":[],"is_endless":false,"potions_floor_spawned":[2,6,14,16,18,27,28,29,32],"killed_by":"Champ","ascension_level":0}}