{"host":"ap8nepptd6icxyz7","time":1613128638,"event":{"mods":["2.2 Compatiblity","AchievementEnabler","BaseMod","Bestiary","Better Altar","Better Match","Better Note","Better Sensory Stone","Better Skull","Better Third Choice","Better Vampires","Colored Powertips","Colorless Booster Pack","Displayed Cursed Tome","Faster Ascension Climbing","Hermit","Highlight Path","Hubris","Marked Mod","Mimic Mod","Minty Spire (QoL Compilation)","Permanent Neow","Quick Restart","RRrroohrrRGHHhhh!!","Random Character Button","Rare Cards Sparkle","Relic Sorter","Relic Stats","SacredBarkPlus","Spikes Relics","StSLib","Uncapped"],"gold_per_floor":[111,129,22,22,40,66,86,115,115,144,159,171,171,190,190,289,289,308,248,248],"floor_reached":19,"language":"ENG","playtime":808,"items_purged":[],"score":281,"play_id":"fbdcd6a4-846d-4b5e-9124-627f601cc975","local_time":"20210212051718","is_ascension_mode":true,"campfire_choices":[{"data":"Demon Form","floor":13,"key":"SMITH"},{"data":"Dual Wield","floor":15,"key":"SMITH"}],"circlet_count":0,"master_deck":["Strike_R","Strike_R","Strike_R","Strike_R","Strike_R","Defend_R","Defend_R","Defend_R","Defend_R","Bash","Demon Form+1","Clash","Headbutt","Second Wind","Rampage","Dual Wield+1","Flex","Heavy Blade","Dropkick","rorgmod:Immolate","Clash","Pommel Strike","Reaper","Iron Wave"],"relics":["Burning Blood","PreservedInsect","Du-Vu Doll","ShockBauble","SnailShell","HailfireSword"],"acts_visited":["Exordium","TheCity"],"potions_floor_usage":[10,16,16],"damage_taken":[{"damage":11.0,"enemies":"Small Slimes","floor":1.0,"turns":5.0},{"damage":5.0,"enemies":"Cultist","floor":2.0,"turns":4.0},{"damage":1.0,"enemies":"2 Louse","floor":5.0,"turns":2.0},{"damage":20.0,"enemies":"Gremlin Nob","floor":6.0,"turns":4.0},{"damage":10.0,"enemies":"2 Fungi Beasts","floor":7.0,"turns":3.0},{"damage":20,"enemies":"3 Sentries","floor":8,"turns":5},{"damage":0,"enemies":"Lagavulin","floor":10,"turns":4},{"damage":0,"enemies":"Exordium Wildlife","floor":11,"turns":2},{"damage":2,"enemies":"3 Louse","floor":12,"turns":2},{"damage":0,"enemies":"Large Slime","floor":14,"turns":4},{"damage":39,"enemies":"Hexaghost","floor":16,"turns":6},{"damage":55,"enemies":"3 Byrds","floor":18,"turns":5},{"damage":30,"enemies":"2 Thieves","floor":19,"turns":2}],"seed_played":"742534701618841549","potions_obtained":[{"floor":2.0,"key":"Dexterity Potion"},{"floor":4.0,"key":"ElixirPotion"},{"floor":4.0,"key":"Ancient Potion"},{"floor":4.0,"key":"Fire Potion"},{"floor":8,"key":"DuplicationPotion"},{"floor":12,"key":"SkillPotion"},{"floor":14,"key":"Strength Potion"}],"is_trial":false,"path_per_floor":["M","M","$","?","M","E","M","E","T","E","M","M","R","M","R","B",null,"M","M"],"character_chosen":"IRONCLAD","items_purchased":["Second Wind","Rampage"],"campfire_rested":0,"item_purchase_floors":[3,3],"current_hp_per_floor":[67,68,68,68,73,59,55,41,41,47,53,57,57,63,63,30,68,29,0,0],"gold":248,"neow_bonus":"ONE_RANDOM_RARE_CARD","is_daily":false,"chose_seed":false,"campfire_upgraded":2,"win_rate":0.0,"timestamp":1613128638,"path_taken":["M","M","$","?","M","E","M","E","T","E","M","M","R","M","R","BOSS","M","M"],"items_purchased_type":["Card","Card"],"build_version":"2020-12-22","purchased_purges":0,"victory":false,"max_hp_per_floor":[80,80,80,80,80,80,80,80,80,80,80,80,80,80,80,80,80,80,80,80],"relic_stats":{"counters":[13,48],"PreservedInsect":59,"obtain_stats":[{"Du-Vu Doll":8,"HailfireSword":17,"SnailShell":10,"ShockBauble":9,"PreservedInsect":6,"Burning Blood":0},{"Du-Vu Doll":6,"HailfireSword":11,"SnailShell":7,"ShockBauble":6,"PreservedInsect":4,"Burning Blood":0},{"Du-Vu Doll":23,"HailfireSword":41,"SnailShell":27,"ShockBauble":23,"PreservedInsect":15,"Burning Blood":0}],"Burning Blood":72},"card_choices":[{"not_picked":["Wild Strike","Iron Wave"],"picked":"Clash","floor":1.0},{"not_picked":["Reckless Charge","Flame Barrier"],"picked":"Headbutt","floor":2.0},{"not_picked":["Body Slam","Intimidate","Headbutt"],"picked":"SKIP","floor":5.0},{"not_picked":["Heavy Blade","Inflame"],"picked":"Dual Wield","floor":6.0},{"not_picked":["Infernal Blade","hubris:CleavingFinish"],"picked":"Flex","floor":7.0},{"not_picked":["Armaments","Wild Strike"],"picked":"Heavy Blade","floor":8},{"not_picked":["Cleave","True Grit"],"picked":"Dropkick","floor":10},{"not_picked":["Clothesline","Heavy Blade"],"picked":"rorgmod:Immolate","floor":11},{"not_picked":["Cleave","Clothesline"],"picked":"Clash","floor":12},{"not_picked":["Thunderclap","Infernal Blade"],"picked":"Pommel Strike","floor":14},{"not_picked":["Feed","Barricade"],"picked":"Reaper","floor":16},{"not_picked":["BarbarianYell","Body Slam+1"],"picked":"Iron Wave","floor":18}],"player_experience":27332,"relics_obtained":[{"floor":6.0,"key":"PreservedInsect"},{"floor":8,"key":"Du-Vu Doll"},{"floor":9,"key":"ShockBauble"},{"floor":10,"key":"SnailShell"}],"event_choices":[{"damage_healed":0.0,"max_hp_gain":0.0,"max_hp_loss":0.0,"gold_gain":0.0,"event_name":"Lab","player_choice":"Got Potions","floor":4.0,"gold_loss":0.0,"damage_taken":0.0}],"is_beta":false,"boss_relics":[{"not_picked":["rorgmod:Black Star","Fusion Hammer"],"picked":"HailfireSword"}],"items_purged_floors":[],"is_endless":false,"potions_floor_spawned":[2,6,8,12,14],"killed_by":"2 Thieves","ascension_level":6}}