{"host":"v9duy90nce28uent","time":1613110665,"event":{"mods":["BaseMod","Colored Map","Colored Powertips","Downfall","Hermit","Highlight Path","Infinite Spire","Minty Spire (QoL Compilation)","Replay The Spire","StSLib","The Cursed"],"gold_per_floor":[118,138,138,155,175,175,175,175,175,50,50,50,67,97,97,97,97,200,200,218,190,204,204,204,204,238,238,238],"floor_reached":27,"language":"ENG","playtime":2360,"items_purged":["hermit:Strike_Hermit"],"score":221,"play_id":"fb68930e-3e0a-4f37-b39d-0c3cff3e5aee","local_time":"20210212011745","is_ascension_mode":false,"campfire_choices":[{"data":"hermit:TakeAim","floor":6,"key":"SMITH"},{"data":"hermit:Dive","floor":8,"key":"SMITH"},{"data":"hermit:Determination","floor":12,"key":"SMITH"},{"data":"hermit:Covet","floor":17,"key":"SMITH"},{"floor":25,"key":"REST"}],"circlet_count":0,"master_deck":["hermit:Strike_Hermit","hermit:Strike_Hermit","hermit:Strike_Hermit","hermit:Defend_Hermit","hermit:Defend_Hermit","hermit:Defend_Hermit","hermit:Snapshot","hermit:Covet+1","hermit:Dive+1","hermit:Ricochet","hermit:Enervate","hermit:TakeAim+1","hermit:Determination+1","hermit:Headshot","Languid","hermit:ItchyTrigger","hermit:EternalForm","hermit:BigShot","hermit:Enervate","Shame","Parasite","infinitespire:Menacing","downfall:Bewildered","hermit:Snipe"],"relics":["hermit:Momento","Pear","Replay:Bronze Core","sneckomod:BabySnecko","Chameleon Ring"],"acts_visited":["Exordium","TheCity"],"potions_floor_usage":[18,26,26,27],"damage_taken":[{"damage":5,"enemies":"Small Slimes","floor":1,"turns":4},{"damage":0,"enemies":"Cultist","floor":2,"turns":4},{"damage":0,"enemies":"Jaw Worm","floor":4,"turns":3},{"damage":11,"enemies":"Large Slime","floor":5,"turns":6},{"damage":2,"enemies":"3 Louse","floor":13,"turns":3},{"damage":62,"enemies":"The Guardian","floor":18,"turns":9},{"damage":11,"enemies":"Chosen","floor":20,"turns":5},{"damage":41,"enemies":"2 Thieves","floor":21,"turns":6},{"damage":10,"enemies":"Centurion and Healer","floor":22,"turns":6},{"damage":27,"enemies":"Nightmare","floor":26,"turns":7},{"damage":24,"enemies":"3 Cultists","floor":27,"turns":4}],"seed_played":"-3771141223689135588","potions_obtained":[{"floor":3,"key":"Toxic Potion"},{"floor":3,"key":"Languid Potion"},{"floor":3,"key":"hermit:BlackBile"},{"floor":18,"key":"Ancient Potion"},{"floor":26,"key":"Adrenaline Potion"}],"is_trial":false,"path_per_floor":["M","M","?","M","M","R","?","R","T","$","?","R","M","?","PTL","PTL","R","B",null,"M","M","M","?","?","R","NM","M"],"character_chosen":"HERMIT","items_purchased":["hermit:Headshot"],"campfire_rested":1,"item_purchase_floors":[10],"current_hp_per_floor":[70,70,70,70,59,59,59,59,69,69,69,69,67,67,67,67,67,5,85,74,33,23,23,23,48,21,0,0],"gold":238,"neow_bonus":"THREE_CARDS","is_daily":false,"chose_seed":false,"campfire_upgraded":4,"win_rate":0.0,"timestamp":1613110665,"path_taken":["M","M","?","?","?","R","?","R","T","?","?","R","M","?","PTL","PTL","R","BOSS","M","M","M","?","?","R","NM","M"],"items_purchased_type":["Card"],"build_version":"2020-12-22","purchased_purges":1,"victory":false,"max_hp_per_floor":[75,75,75,75,75,75,75,75,85,85,85,85,85,85,85,85,85,85,85,85,85,85,85,85,85,85,85,85],"card_choices":[{"not_picked":["hermit:Feint","hermit:LoneWolf"],"picked":"hermit:Dive","floor":0},{"not_picked":["hermit:Coalescence","hermit:Manifest"],"picked":"hermit:Ricochet","floor":1},{"not_picked":["hermit:ItchyTrigger","hermit:Quickdraw"],"picked":"hermit:Enervate","floor":2},{"not_picked":["hermit:Quickdraw","hermit:Adapt"],"picked":"hermit:TakeAim","floor":4},{"not_picked":["hermit:Cheat","hermit:HighCaliber"],"picked":"hermit:Determination","floor":5},{"not_picked":["hermit:Roulette","hermit:Quickdraw"],"picked":"hermit:ItchyTrigger","floor":13},{"not_picked":["hermit:Purgatory","hermit:HighNoon"],"picked":"hermit:EternalForm","floor":18},{"not_picked":["hermit:Dive","hermit:BodyArmor"],"picked":"hermit:BigShot","floor":20},{"not_picked":["hermit:Glare+1","hermit:Feint","hermit:Brawl"],"picked":"SKIP","floor":21},{"not_picked":["hermit:Manifest","hermit:SprayPray"],"picked":"hermit:Enervate","floor":22},{"not_picked":["infinitespire:Punishment","infinitespire:FutureSight"],"picked":"infinitespire:Menacing","floor":23},{"not_picked":["hermit:ItchyTrigger","hermit:SprayPray+1"],"picked":"hermit:Snipe","floor":26}],"player_experience":66111,"relics_obtained":[{"floor":9,"key":"Pear"},{"floor":26,"key":"Chameleon Ring"}],"event_choices":[{"damage_healed":0,"gold_gain":0,"player_choice":"Got Potions","damage_taken":0,"max_hp_gain":0,"max_hp_loss":0,"event_name":"Lab","floor":3,"gold_loss":0},{"damage_healed":0,"gold_gain":30,"player_choice":"Searched \u00271\u0027 times","damage_taken":0,"max_hp_gain":0,"max_hp_loss":0,"event_name":"Dead Adventurer","floor":14,"gold_loss":0}],"is_beta":false,"boss_relics":[{"not_picked":["ReplayTheSpireMod:DimensionalGlitch","Black Star"],"picked":"Replay:Bronze Core"}],"items_purged_floors":[10],"is_endless":true,"potions_floor_spawned":[13,18,20,26],"killed_by":"3 Cultists","ascension_level":0}}