{"host":"s24sb66hw4a4sfft","time":1613115034,"event":{"mods":["AchievementEnabler","BaseMod","Colored Map","Colored Powertips","Googly Eyes","Hermit","Hubris","Minty Spire (QoL Compilation)","Quick Restart","Shop Mod","StSLib"],"gold_per_floor":[117,117,117,67,67,67,67,67,67,86,102,131,146,181,181,277,277,292,292,292,305,220,220,220],"floor_reached":23,"language":"ENG","playtime":670,"items_purged":["hermit:Defend_Hermit"],"score":222,"play_id":"d1c2ab6b-bc9c-4b75-9a31-8ca314e97212","local_time":"20210212023034","is_ascension_mode":false,"campfire_choices":[{"floor":6.0,"key":"REST"},{"floor":8.0,"key":"REST"},{"data":"hermit:Quickdraw","floor":15.0,"key":"SMITH"}],"circlet_count":0,"master_deck":["hermit:Strike_Hermit","hermit:Strike_Hermit","hermit:Defend_Hermit","hermit:Defend_Hermit","hermit:Defend_Hermit","hermit:Snapshot","hermit:Covet","hermit:Ricochet+1","hermit:Coalescence","hermit:HighCaliber","hermit:HighCaliber","hermit:GhostlyPresence","hermit:Quickdraw+1","hermit:Snipe"],"relics":["hermit:Momento","NeowsBlessing","hubris:Towel","Matryoshka","Akabeko","Membership Card","PreservedInsect","StrikeDummy","Ancient Tea Set","Blood Vial","Black Star","hubris:BottledHeart","MutagenicStrength","Centennial Puzzle"],"acts_visited":["Exordium","TheCity"],"potions_floor_usage":[18,18],"damage_taken":[{"damage":0.0,"enemies":"Small Slimes","floor":1.0,"turns":1.0},{"damage":0.0,"enemies":"2 Louse","floor":10.0,"turns":1.0},{"damage":0.0,"enemies":"Jaw Worm","floor":11.0,"turns":1.0},{"damage":10.0,"enemies":"3 Sentries","floor":12.0,"turns":4.0},{"damage":0.0,"enemies":"Lots of Slimes","floor":13.0,"turns":2.0},{"damage":0.0,"enemies":"Gremlin Nob","floor":14.0,"turns":2.0},{"damage":28.0,"enemies":"The Guardian","floor":16.0,"turns":11.0},{"damage":0,"enemies":"Spheric Guardian","floor":18,"turns":2},{"damage":0,"enemies":"Chosen","floor":21,"turns":2},{"damage":0,"enemies":"Slavers","floor":23,"turns":4}],"seed_played":"-1374152397199321491","potions_obtained":[{"floor":11.0,"key":"Strength Potion"},{"floor":14.0,"key":"CultistPotion"},{"floor":16.0,"key":"SteroidPotion"}],"is_trial":false,"path_per_floor":["M","?","?","?","$","R","?","R","T","M","M","E","M","E","R","B",null,"M","?","?","M","?","E"],"character_chosen":"HERMIT","items_purchased":["Matryoshka","Akabeko","Membership Card"],"campfire_rested":2,"item_purchase_floors":[5,5,5],"current_hp_per_floor":[75,68,68,68,27,49,49,71,71,71,71,61,61,61,61,35,75,75,1,1,1,1,1,1],"gold":220,"neow_bonus":"THREE_ENEMY_KILL","is_daily":false,"chose_seed":false,"campfire_upgraded":1,"win_rate":0.0,"timestamp":1613115034,"path_taken":["M","?","?","?","?","R","?","R","T","M","M","E","M","E","R","BOSS","M","?","?","M","?","E"],"items_purchased_type":["Relic","Relic","Relic"],"build_version":"2020-12-22","purchased_purges":1,"victory":false,"max_hp_per_floor":[75,75,75,75,75,75,75,75,75,75,75,75,75,75,75,75,75,75,1,1,1,1,1,1],"card_choices":[{"not_picked":["hermit:ItchyTrigger","hermit:LuckOfTheDraw"],"picked":"hermit:Ricochet","floor":1.0},{"not_picked":["hermit:Misfire","hermit:CalledShot"],"picked":"hermit:Coalescence","floor":10.0},{"not_picked":["hermit:Desperado","hermit:FullyLoaded"],"picked":"hermit:HighCaliber","floor":11.0},{"not_picked":["hermit:Roulette","hermit:LowProfile"],"picked":"hermit:HighCaliber","floor":12.0},{"not_picked":["hermit:DeadMansHand","hermit:Coalescence"],"picked":"hermit:GhostlyPresence","floor":13.0},{"not_picked":["hermit:Misfire","hermit:Feint"],"picked":"hermit:Quickdraw","floor":14.0},{"not_picked":["hermit:Combo","hermit:Coalescence","hermit:Roulette"],"picked":"SKIP","floor":18},{"not_picked":["hermit:TrackingShot","hermit:Ricochet"],"picked":"hermit:Snipe","floor":21}],"player_experience":619355,"relics_obtained":[{"floor":9.0,"key":"PreservedInsect"},{"floor":9.0,"key":"StrikeDummy"},{"floor":12.0,"key":"Ancient Tea Set"},{"floor":14.0,"key":"Blood Vial"}],"event_choices":[{"cards_removed":["hermit:Strike_Hermit"],"damage_healed":0.0,"max_hp_gain":0.0,"max_hp_loss":0.0,"gold_gain":0.0,"event_name":"Golden Wing","player_choice":"Card Removal","floor":2.0,"gold_loss":0.0,"damage_taken":7.0},{"cards_removed":["hermit:Strike_Hermit"],"damage_healed":0.0,"max_hp_gain":0.0,"max_hp_loss":0.0,"gold_gain":0.0,"event_name":"The Cleric","player_choice":"Card Removal","floor":4.0,"gold_loss":50.0,"damage_taken":0.0},{"damage_healed":0,"gold_gain":0,"player_choice":"Inject Mutagens","damage_taken":0,"relics_obtained":["MutagenicStrength"],"max_hp_gain":0,"max_hp_loss":0,"event_name":"Drug Dealer","floor":20,"gold_loss":0},{"damage_healed":0,"gold_gain":0,"player_choice":"Obtained Relic","damage_taken":0,"relics_obtained":["Centennial Puzzle"],"max_hp_gain":0,"max_hp_loss":0,"event_name":"Addict","floor":22,"gold_loss":85}],"is_beta":false,"boss_relics":[{"not_picked":["Fusion Hammer","Snecko Eye"],"picked":"Black Star"}],"items_purged_floors":[5],"is_endless":false,"potions_floor_spawned":[11,14,16],"killed_by":"Slavers","ascension_level":0}}