{"host":"m0bekkrd201b63ug","time":1613168137,"event":{"mods":["AchievementEnabler","BaseMod","Colored Powertips","Highlight Path","Minty Spire (QoL Compilation)","Rare Cards Sparkle","StSLib","SuperFastMode","everything is the same but u backflip on backflip","slay the spire mod where everything is the same but ironclad has a cowboy hat"],"gold_per_floor":[110,35,35,46,46,75,92,66,66,77,104,64,64,99,99,176,176,96,96,96],"floor_reached":19,"language":"ENG","playtime":686,"items_purged":[],"score":410,"play_id":"7902efb9-f3cd-49c6-bed8-8880e0aa7e9e","local_time":"20210212201537","is_ascension_mode":true,"campfire_choices":[{"floor":13,"key":"REST"},{"data":"Catalyst","floor":15,"key":"SMITH"}],"circlet_count":0,"master_deck":["AscendersBane","Strike_G","Strike_G","Strike_G","Strike_G","Strike_G","Defend_G","Defend_G","Defend_G","Defend_G","Defend_G","Survivor","Neutralize","Noxious Fumes","Footwork+1","Catalyst+1","Deadly Poison","Backflip","Deadly Poison","Escape Plan","Glass Knife"],"relics":["Ring of the Snake","NeowsBlessing","Matryoshka","Art of War","Eternal Feather","Dream Catcher","Ancient Tea Set","Ectoplasm"],"acts_visited":["Exordium","TheCity"],"potions_floor_usage":[10,14,16],"damage_taken":[{"damage":0.0,"enemies":"Cultist","floor":1.0,"turns":1.0},{"damage":0.0,"enemies":"2 Louse","floor":4.0,"turns":1.0},{"damage":0.0,"enemies":"3 Sentries","floor":6.0,"turns":1.0},{"damage":0.0,"enemies":"Jaw Worm","floor":7.0,"turns":6.0},{"damage":24,"enemies":"Gremlin Gang","floor":10,"turns":6},{"damage":15,"enemies":"Lagavulin","floor":11,"turns":6},{"damage":0,"enemies":"Looter","floor":12,"turns":4},{"damage":18,"enemies":"3 Sentries","floor":14,"turns":8},{"damage":16,"enemies":"Hexaghost","floor":16,"turns":8},{"damage":13,"enemies":"2 Thieves","floor":18,"turns":4},{"damage":51,"enemies":"Masked Bandits","floor":19,"turns":3}],"seed_played":"505521140550546793","potions_obtained":[{"floor":4.0,"key":"GamblersBrew"},{"floor":7.0,"key":"Weak Potion"},{"floor":10,"key":"Dexterity Potion"},{"floor":11,"key":"PowerPotion"}],"is_trial":false,"path_per_floor":["M","$","?","M","?","E","M","$","T","M","E","M","R","E","R","B",null,"M","?"],"character_chosen":"THE_SILENT","items_purchased":["Footwork","Backflip"],"campfire_rested":1,"item_purchase_floors":[2,8],"current_hp_per_floor":[59,59,59,59,64,64,64,64,64,40,25,25,55,37,49,33,62,49,0,0],"gold":96,"neow_bonus":"THREE_ENEMY_KILL","is_daily":false,"chose_seed":false,"campfire_upgraded":1,"win_rate":0.0,"timestamp":1613168137,"path_taken":["M","$","?","?","?","E","M","?","T","?","E","M","R","E","R","BOSS","M","?"],"items_purchased_type":["Card","Card"],"build_version":"2020-12-22","purchased_purges":0,"victory":false,"max_hp_per_floor":[66,66,66,66,71,71,71,71,71,71,71,71,71,71,71,71,71,71,71,71],"card_choices":[{"not_picked":["Underhanded Strike","Flying Knee"],"picked":"Noxious Fumes","floor":1.0},{"not_picked":["Crippling Poison","Slice"],"picked":"Catalyst","floor":4.0},{"not_picked":["Accuracy","Predator","Finisher"],"picked":"SKIP","floor":6.0},{"not_picked":["Dagger Spray","All Out Attack"],"picked":"Deadly Poison","floor":7.0},{"not_picked":["Infinite Blades","Outmaneuver","Deflect"],"picked":"SKIP","floor":10},{"not_picked":["Slice","Dagger Spray","Flying Knee"],"picked":"SKIP","floor":11},{"not_picked":["Calculated Gamble","Acrobatics"],"picked":"Deadly Poison","floor":12},{"not_picked":["Accuracy","Storm of Steel"],"picked":"Escape Plan","floor":13},{"not_picked":["Blade Dance","All Out Attack","Deflect"],"picked":"SKIP","floor":14},{"not_picked":["Wraith Form v2","Night Terror"],"picked":"Glass Knife","floor":16},{"not_picked":["Distraction","Slice","Acrobatics"],"picked":"SKIP","floor":18}],"player_experience":257558,"relics_obtained":[{"floor":6.0,"key":"Matryoshka"},{"floor":9.0,"key":"Art of War"},{"floor":9.0,"key":"Eternal Feather"},{"floor":11,"key":"Dream Catcher"},{"floor":14,"key":"Ancient Tea Set"}],"event_choices":[{"damage_healed":0.0,"max_hp_gain":0.0,"max_hp_loss":0.0,"gold_gain":0.0,"event_name":"Upgrade Shrine","player_choice":"Upgraded","floor":3.0,"gold_loss":0.0,"damage_taken":0.0,"cards_upgraded":["Footwork"]},{"damage_healed":0.0,"max_hp_gain":5.0,"max_hp_loss":0.0,"gold_gain":0.0,"event_name":"Big Fish","player_choice":"Donut","floor":5.0,"gold_loss":0.0,"damage_taken":0.0},{"damage_healed":0,"gold_gain":0,"player_choice":"Fought Bandits","damage_taken":0,"max_hp_gain":0,"max_hp_loss":0,"event_name":"Masked Bandits","floor":19,"gold_loss":0}],"is_beta":false,"boss_relics":[{"not_picked":["Coffee Dripper","Ring of the Serpent"],"picked":"Ectoplasm"}],"items_purged_floors":[],"is_endless":false,"potions_floor_spawned":[4,7,10,11],"killed_by":"Masked Bandits","ascension_level":19}}