{"host":"KYO","time":1613110283,"event":{"mods":["ATMod(°¢èªMod)","BaseMod","Better Vampires","Minty Spire (QoL Compilation)","Permanent Neow","Shop Mod","StSLib","SuperFastMode","TestMod","[IsaacMod]ÒÔÈö¼âËþ","¡¾ÒÅÎï¿¨ÅÆ¡¿REMEMod"],"gold_per_floor":[113,113,133,58,78,107,107,136,136,151,151,189,209,231,231,310,310,326,326,326,350,49,85,85,85,108,108,147,45,45,83,83,165,165,186,15,15,15,15,53,53,96,170,200,220,259,259,276,276,327,349,349,349,35,79,116],"floor_reached":57,"language":"ZHS","playtime":2182,"items_purged":["Strike_R","Strike_R","Strike_R+1"],"score":3803,"play_id":"09938fe6-74b8-4f78-934a-3460cebf307c","local_time":"20210212141123","is_ascension_mode":true,"campfire_choices":[{"data":"Offering","floor":7.0,"key":"SMITH"},{"data":"AT_ChampionStep","floor":15.0,"key":"SMITH"},{"data":"Limit Break","floor":25.0,"key":"SMITH"},{"data":"Shrug It Off","floor":27.0,"key":"SMITH"},{"data":"Rage","floor":30.0,"key":"SMITH"},{"floor":32.0,"key":"RECALL"},{"data":"Sword Boomerang","floor":41.0,"key":"SMITH"},{"data":"Bash","floor":47.0,"key":"SMITH"},{"data":"Flex","floor":49.0,"key":"SMITH"},{"floor":53.0,"key":"REST"}],"circlet_count":0,"master_deck":["AscendersBane","Defend_R+1","Defend_R+1","Bash+1","AT_ChampionStep+1","Sword Boomerang+1","Offering+1","Rage+1","Flex+1","Defend_R+1","Limit Break+1","Flex+1","Sword Boomerang+1","AT_IchimonjiDouble+1","Shrug It Off+1","Flash of Steel+1","REME_ACTH+1"],"relics":["Burning Blood","HushsDoor","AT_ATBox","REME_ComplimentaryCards","testmod-TestBox","HowToJump","testmod-DeterminationOfClimber","AT_RedTearstoneRing","AT_LudenTempest","REME_LimitBreaker","MerchantsRug","Juzu Bracelet","AT_SunfireAegis","Bag of Preparation","AT_BellDemon","testmod-LifeArmor","DeadEye","testmod-Acrobat","testmod-EnergyCheck","Vajra","Boot","PillsDrop","testmod-Hope","AT_SpeedBoots","testmod-TurbochargingSystem","AT_Kusabimaru","testmod-Brilliant","testmod-TheFather","Membership Card","BelialBook","REME_HourglassOfDeath","Letter Opener","testmod-HeartOfStrike"],"acts_visited":["Exordium","TheCity","TheBeyond","TheEnding"],"potions_floor_usage":[56,56],"damage_taken":[{"damage":4.0,"enemies":"Jaw Worm","floor":1.0,"turns":3.0},{"damage":0.0,"enemies":"Small Slimes","floor":3.0,"turns":2.0},{"damage":6.0,"enemies":"Cultist","floor":5.0,"turns":3.0},{"damage":13.0,"enemies":"Lagavulin","floor":6.0,"turns":4.0},{"damage":6.0,"enemies":"Gremlin Nob","floor":8.0,"turns":1.0},{"damage":0.0,"enemies":"Blue Slaver","floor":10.0,"turns":2.0},{"damage":0.0,"enemies":"3 Sentries","floor":12.0,"turns":1.0},{"damage":0.0,"enemies":"Looter","floor":13.0,"turns":1.0},{"damage":0.0,"enemies":"Red Slaver","floor":14.0,"turns":1.0},{"damage":0.0,"enemies":"Slime Boss","floor":16.0,"turns":2.0},{"damage":0.0,"enemies":"Chosen","floor":18.0,"turns":2.0},{"damage":6.0,"enemies":"2 Thieves","floor":21.0,"turns":1.0},{"damage":0.0,"enemies":"Gremlin Leader","floor":23.0,"turns":1.0},{"damage":0.0,"enemies":"Book of Stabbing","floor":28.0,"turns":1.0},{"damage":0.0,"enemies":"Gremlin Leader","floor":31.0,"turns":1.0},{"damage":6.0,"enemies":"Automaton","floor":33.0,"turns":1.0},{"damage":0.0,"enemies":"Orb Walker","floor":35.0,"turns":1.0},{"damage":0.0,"enemies":"Nemesis","floor":40.0,"turns":1.0},{"damage":0.0,"enemies":"Reptomancer","floor":42.0,"turns":1.0},{"damage":0.0,"enemies":"3 Shapes","floor":44.0,"turns":1.0},{"damage":0.0,"enemies":"Sphere and 2 Shapes","floor":45.0,"turns":1.0},{"damage":0.0,"enemies":"Nemesis","floor":46.0,"turns":1.0},{"damage":0.0,"enemies":"4 Shapes","floor":48.0,"turns":1.0},{"damage":0.0,"enemies":"Awakened One","floor":50.0,"turns":2.0},{"damage":0.0,"enemies":"Donu and Deca","floor":51.0,"turns":1.0},{"damage":0.0,"enemies":"Shield and Spear","floor":55.0,"turns":1.0},{"damage":16,"enemies":"The Heart","floor":56,"turns":4}],"seed_played":"3150617559715684101","potions_obtained":[{"floor":5.0,"key":"CultistPotion"},{"floor":6.0,"key":"AttackPotion"},{"floor":8.0,"key":"testmod-SpacePotion"},{"floor":12.0,"key":"LiquidBronze"},{"floor":13.0,"key":"EntropicBrew"},{"floor":16.0,"key":"testmod-TestPotion"},{"floor":35.0,"key":"SkillPotion"},{"floor":46.0,"key":"Swift Potion"},{"floor":48.0,"key":"LiquidBronze"}],"is_trial":false,"path_per_floor":["M","?","M","$","M","E","R","E","T","M","?","E","M","M","R","B",null,"M","?","?","M","$","E","?","R","T","R","E","$","R","E","R","B",null,"M","$","?","?","T","E","R","E","T","M","M","E","R","M","R","B","B",null,"R","$","E","B",null],"character_chosen":"IRONCLAD","items_purchased":["MerchantsRug","Juzu Bracelet","Flash of Steel","AT_BellDemon","War Paint","Membership Card","BelialBook","REME_HourglassOfDeath"],"campfire_rested":1,"item_purchase_floors":[22,22,22,29,36,54,54,54],"current_hp_per_floor":[72,49,56,56,59,56,56,59,59,67,60,70,75,75,75,75,75,75,75,75,75,75,75,75,75,75,75,75,75,75,75,75,75,75,75,75,75,75,75,75,75,75,75,75,75,75,75,75,75,75,75,75,75,75,75,68],"gold":116,"neow_bonus":"RANDOM_COMMON_RELIC","is_daily":false,"chose_seed":false,"campfire_upgraded":8,"win_rate":0.0,"timestamp":1613110283,"path_taken":["M","?","M","?","M","E","R","E","T","M","?","E","?","M","R","BOSS","M","?","?","M","?","E","?","R","T","R","E","$","R","E","R","BOSS","M","$","?","?","?","E","R","E","T","M","M","E","R","M","R","BOSS","BOSS","R","$","E","BOSS"],"items_purchased_type":["Relic","Relic","Card","Relic","Relic","Relic","Relic","Relic"],"build_version":"2020-12-18","purchased_purges":3,"victory":true,"max_hp_per_floor":[75,75,75,75,75,75,75,75,75,75,75,75,75,75,75,75,75,75,75,75,75,75,75,75,75,75,75,75,75,75,75,75,75,75,75,75,75,75,75,75,75,75,75,75,75,75,75,75,75,75,75,75,75,75,75,75],"card_choices":[{"not_picked":["AT_CaressingTears","Thunderclap"],"picked":"Sword Boomerang","floor":1.0},{"not_picked":["Flame Barrier","Cleave","True Grit"],"picked":"SKIP","floor":3.0},{"not_picked":["AT_BodySlamDance","Thunderclap"],"picked":"Offering","floor":5.0},{"not_picked":["Body Slam","Spot Weakness","Rage"],"picked":"SKIP","floor":6.0},{"not_picked":["Body Slam","Spot Weakness"],"picked":"Rage","floor":6.0},{"not_picked":["Twin Strike","Shockwave","Disarm"],"picked":"SKIP","floor":8.0},{"not_picked":["Pommel Strike","AT_ManFootWork"],"picked":"Flex","floor":10.0},{"not_picked":["Whirlwind","Blood for Blood","AT_BodySlamDance"],"picked":"SKIP","floor":12.0},{"not_picked":["Intimidate","Headbutt","Ghostly Armor"],"picked":"SKIP","floor":13.0},{"not_picked":["AT_IchimonjiDouble","Clash","AT_BodySlamDance"],"picked":"SKIP","floor":14.0},{"not_picked":["Immolate","REME_TheLastStrike"],"picked":"Limit Break","floor":16.0},{"not_picked":["AT_GerminateFire","Entrench","Armaments"],"picked":"SKIP","floor":18.0},{"not_picked":["AT_GerminateFire","Cleave","Dropkick"],"picked":"SKIP","floor":21.0},{"not_picked":["Headbutt","Combust","Clash"],"picked":"SKIP","floor":23.0},{"not_picked":["Spot Weakness","AT_BodySlamDance","True Grit"],"picked":"SKIP","floor":28.0},{"not_picked":["Clash","Shrug It Off","Searing Blow"],"picked":"SKIP","floor":31.0},{"not_picked":["Demon Form","Immolate"],"picked":"REME_ACTH","floor":33.0},{"not_picked":["Shrug It Off","AT_BodySlamDance","Havoc+1"],"picked":"SKIP","floor":35.0},{"not_picked":["Havoc","Heavy Blade","Thunderclap+1"],"picked":"SKIP","floor":40.0},{"not_picked":["Headbutt","True Grit","Sword Boomerang"],"picked":"SKIP","floor":42.0},{"not_picked":["Armaments","AT_DiedThrough","Hemokinesis+1"],"picked":"SKIP","floor":44.0},{"not_picked":["Pommel Strike+1","Wild Strike","Fire Breathing"],"picked":"SKIP","floor":45.0},{"not_picked":["Power Through","Perfected Strike","Rampage"],"picked":"SKIP","floor":46.0},{"not_picked":["Second Wind","Shrug It Off","AT_BodySlamDance"],"picked":"SKIP","floor":48.0},{"not_picked":["Spot Weakness+1","Anger","REME_Cut+1"],"picked":"SKIP","floor":55.0}],"player_experience":766498,"relics_obtained":[{"floor":6.0,"key":"AT_LudenTempest"},{"floor":8.0,"key":"REME_LimitBreaker"},{"floor":9.0,"key":"GuppysHead"},{"floor":12.0,"key":"GnawedLeaf"},{"floor":23.0,"key":"Tiny Chest"},{"floor":26.0,"key":"AT_SunfireAegis"},{"floor":28.0,"key":"Bag of Preparation"},{"floor":31.0,"key":"testmod-LifeArmor"},{"floor":31.0,"key":"DeadEye"},{"floor":33.0,"key":"testmod-Acrobat"},{"floor":35.0,"key":"Vajra"},{"floor":40.0,"key":"Boot"},{"floor":42.0,"key":"REME_IWantAll"},{"floor":42.0,"key":"PillsDrop"},{"floor":43.0,"key":"testmod-Hope"},{"floor":44.0,"key":"AT_SpeedBoots"},{"floor":45.0,"key":"testmod-TurbochargingSystem"},{"floor":46.0,"key":"AT_Kusabimaru"},{"floor":46.0,"key":"testmod-Brilliant"},{"floor":48.0,"key":"testmod-TheFather"},{"floor":55.0,"key":"Letter Opener"},{"floor":55.0,"key":"testmod-HeartOfStrike"}],"event_choices":[{"damage_healed":0.0,"max_hp_gain":0.0,"max_hp_loss":0.0,"gold_gain":0.0,"event_name":"Shining Light","player_choice":"Entered Light","floor":2.0,"gold_loss":0.0,"damage_taken":23.0,"cards_upgraded":["Defend_R","Strike_R"]},{"damage_healed":0.0,"max_hp_gain":0.0,"max_hp_loss":0.0,"gold_gain":0.0,"event_name":"The Library","player_choice":"Read","floor":19.0,"gold_loss":0.0,"damage_taken":0.0,"cards_obtained":["Shrug It Off"]},{"damage_healed":0.0,"max_hp_gain":0.0,"max_hp_loss":0.0,"gold_gain":0.0,"event_name":"Ghosts","player_choice":"Ignored","floor":20.0,"gold_loss":0.0,"damage_taken":0.0},{"cards_removed":["Defend_R"],"damage_healed":0.0,"max_hp_gain":0.0,"max_hp_loss":0.0,"gold_gain":0.0,"event_name":"Back to Basics","player_choice":"Elegance","floor":24.0,"gold_loss":0.0,"damage_taken":0.0},{"damage_healed":0.0,"max_hp_gain":0.0,"max_hp_loss":0.0,"gold_gain":0.0,"event_name":"SensoryStone","player_choice":"Memory 1","floor":37.0,"gold_loss":0.0,"damage_taken":0.0},{"damage_healed":0.0,"max_hp_gain":0.0,"max_hp_loss":0.0,"gold_gain":0.0,"event_name":"Upgrade Shrine","player_choice":"Upgraded","floor":38.0,"gold_loss":0.0,"damage_taken":0.0,"cards_upgraded":["Flash of Steel"]}],"is_beta":true,"boss_relics":[{"not_picked":["Sozu","Busted Crown"],"picked":"Astrolabe"},{"not_picked":[]},{"not_picked":["Calling Bell","testmod-GoldenSoul"],"picked":"testmod-EnergyCheck"},{"not_picked":[]}],"items_purged_floors":[4,36,54],"is_endless":false,"potions_floor_spawned":[5,6,8,12,13,16,18,35,46,48,55],"ascension_level":20}}