{"host":"3jjxuhjpio8e4zkv","time":1613162040,"event":{"mods":["BaseMod","Colored Map","Highlight Path","Minty Spire (QoL Compilation)","Permanent Neow","Relic Stats","StSLib"],"gold_per_floor":[112,124,21,21,35,67,67,100,100,100,65,65,65,65,65,65,65],"floor_reached":16,"language":"ENG","playtime":537,"items_purged":["Writhe"],"score":212,"play_id":"64910ee7-c458-4789-b861-791afef3fdc6","local_time":"20210212153400","is_ascension_mode":true,"campfire_choices":[{"floor":7,"key":"REST"},{"floor":10,"key":"DIG"},{"floor":12,"key":"DIG"},{"floor":15,"key":"DIG"}],"circlet_count":0,"master_deck":["AscendersBane","Strike_G","Strike_G","Strike_G","Strike_G","Defend_G","Defend_G","Defend_G","Defend_G","Survivor","Neutralize","Dagger Spray","Footwork","Deflect","Dagger Throw","Dagger Spray","Acrobatics","Dodge and Roll"],"relics":["Ring of the Snake","Ice Cream","Gambling Chip","Shovel","Prayer Wheel","Pantograph","Tiny Chest","Bronze Scales"],"acts_visited":["Exordium"],"potions_floor_usage":[6,16],"damage_taken":[{"damage":3,"enemies":"Cultist","floor":1,"turns":5},{"damage":1,"enemies":"Small Slimes","floor":2,"turns":5},{"damage":0,"enemies":"2 Louse","floor":5,"turns":4},{"damage":43,"enemies":"Gremlin Nob","floor":6,"turns":6},{"damage":10,"enemies":"3 Sentries","floor":8,"turns":6},{"damage":56,"enemies":"Hexaghost","floor":16,"turns":9}],"seed_played":"7300467683673932406","potions_obtained":[{"floor":1,"key":"Dexterity Potion"},{"floor":5,"key":"SneckoOil"}],"is_trial":false,"path_per_floor":["M","M","$","?","M","E","R","E","T","R","?","R","?","$","R","B"],"character_chosen":"THE_SILENT","items_purchased":["Deflect"],"campfire_rested":1,"item_purchase_floors":[3],"current_hp_per_floor":[56,55,55,48,48,5,24,14,14,14,30,30,30,30,30,0,0],"gold":65,"neow_bonus":"ONE_RARE_RELIC","is_daily":false,"chose_seed":false,"campfire_upgraded":0,"win_rate":0.0,"timestamp":1613162040,"path_taken":["M","M","$","?","M","E","R","E","T","R","?","R","?","?","R","BOSS"],"items_purchased_type":["Card"],"build_version":"2020-12-22","purchased_purges":1,"victory":false,"max_hp_per_floor":[66,66,66,66,66,66,66,66,66,66,66,66,66,66,66,66,66],"relic_stats":{"Shovel":3,"counters":[6,35],"Gambling Chip":[9],"Pantograph":25,"Bronze Scales":[54],"Prayer Wheel":0,"Tiny Chest":0,"obtain_stats":[{"Ice Cream":0,"Shovel":8,"Gambling Chip":6,"Pantograph":10,"Bronze Scales":15,"Prayer Wheel":9,"Tiny Chest":12,"Ring of the Snake":0},{"Ice Cream":0,"Shovel":5,"Gambling Chip":4,"Pantograph":5,"Bronze Scales":5,"Prayer Wheel":5,"Tiny Chest":5,"Ring of the Snake":0},{"Ice Cream":0,"Shovel":26,"Gambling Chip":20,"Pantograph":26,"Bronze Scales":26,"Prayer Wheel":26,"Tiny Chest":26,"Ring of the Snake":0}],"Ring of the Snake":[12]},"card_choices":[{"not_picked":["Expertise","Outmaneuver"],"picked":"Dagger Spray","floor":1},{"not_picked":["Backflip","Cloak And Dagger"],"picked":"Footwork","floor":2},{"not_picked":["Slice","Flechettes"],"picked":"Dagger Throw","floor":5},{"not_picked":["Infinite Blades","Sucker Punch"],"picked":"Dagger Spray","floor":6},{"not_picked":["Burst","Deadly Poison"],"picked":"Acrobatics","floor":8}],"player_experience":1271428,"relics_obtained":[{"floor":6,"key":"Gambling Chip"},{"floor":8,"key":"Shovel"},{"floor":9,"key":"Prayer Wheel"},{"floor":10,"key":"Pantograph"},{"floor":12,"key":"Tiny Chest"},{"floor":15,"key":"Bronze Scales"}],"event_choices":[{"cards_removed":["Defend_G"],"damage_healed":0,"gold_gain":0,"player_choice":"Card Removal","damage_taken":7,"max_hp_gain":0,"max_hp_loss":0,"event_name":"Golden Wing","floor":4,"gold_loss":0},{"damage_healed":16,"gold_gain":0,"player_choice":"Healed","damage_taken":0,"max_hp_gain":0,"max_hp_loss":0,"event_name":"The Cleric","floor":11,"gold_loss":35},{"damage_healed":0,"gold_gain":0,"cards_transformed":["Strike_G"],"player_choice":"Change","damage_taken":0,"max_hp_gain":0,"max_hp_loss":0,"event_name":"Living Wall","floor":13,"gold_loss":0,"cards_obtained":["Dodge and Roll"]}],"is_beta":false,"boss_relics":[],"items_purged_floors":[3],"is_endless":false,"potions_floor_spawned":[1,5],"killed_by":"Hexaghost","ascension_level":20}}