{"host":"aduepa6pof7ckcrz","time":1613111655,"event":{"mods":["Act Like it!","Arknights","Aspiration","BaseMod","CapriCore","Colored Map","Colored Powertips","Downfall","Hallownest","Hermit","Hubris","Minty Spire (QoL Compilation)","Quick Restart","Replay The Spire","Robot Space Explorer","Shop Mod","StSLib","The Bug Knight","The Marked"],"gold_per_floor":[111,121,121,137,137,164,164,180,180,180,180,180,195,205,205,303,303,320,48,61,120,135,135,135],"floor_reached":23,"language":"FRA","playtime":1119,"items_purged":["HollowMod:DesolateDive"],"score":195,"play_id":"4e141986-8bde-48a7-924c-5ebf8671d48c","local_time":"20210212073415","is_ascension_mode":false,"campfire_choices":[{"floor":7,"key":"REST"},{"data":"HollowMod:SiblingsSouls","floor":10,"key":"SMITH"},{"data":"HollowMod:FocusHealStart","floor":12,"key":"SMITH"},{"floor":15,"key":"REST"}],"circlet_count":0,"master_deck":["HollowMod:FocusHealStart+1","HollowMod:PogoStrike","HollowMod:DescendingDark","HollowMod:WraithStrike+1","HollowMod:ShadowDash+1","HollowMod:DescendingDark","HollowMod:SiblingsSouls+1","HollowMod:MantisMark","HollowMod:LordofShades","HollowMod:GoodIntentions","HollowMod:ZotesMagnificence","HollowMod:QuirrelsAssistance","HollowMod:InfectedCysts","HollowMod:ChannelNail","HollowMod:AbyssShriek","HollowMod:MonarchWings","HollowMod:SiblingsShadow+1","HollowMod:HeavyBlow+1","HollowMod:FastStrike","HollowMod:SharpenedShadows"],"relics":["HollowMod:VesselMask","Peace Pipe","ReplayTheSpireMod:Lightbulb","aspiration:FrozenJewel","Pandora\u0027s Box","aspiration:ChemicalBlood"],"acts_visited":["Exordium","Hallownest:CityofTears"],"potions_floor_usage":[13,16,16,16,16,16,16,18,20,21,21,22,23],"damage_taken":[{"damage":6,"enemies":"Jaw Worm","floor":1,"turns":3},{"damage":0,"enemies":"Cultist","floor":2,"turns":3},{"damage":13,"enemies":"Small Slimes","floor":4,"turns":2},{"damage":41,"enemies":"3 Sentries","floor":6,"turns":7},{"damage":5,"enemies":"Blue Slaver","floor":8,"turns":3},{"damage":13,"enemies":"Red Slaver","floor":13,"turns":6},{"damage":9,"enemies":"Exordium Thugs","floor":14,"turns":4},{"damage":28,"enemies":"Hexaghost","floor":16,"turns":8},{"damage":1,"enemies":"Hallownest:2_Mistakes","floor":18,"turns":3},{"damage":0,"enemies":"Hallownest:3_Youths","floor":20,"turns":2},{"damage":17,"enemies":"Hallownest:Glutton_and_Coward","floor":21,"turns":3},{"damage":32,"enemies":"Hallownest:2_Husk_Sentries","floor":22,"turns":5},{"damage":35,"enemies":"Hallownest:eliteWatcherKnight","floor":23,"turns":7}],"seed_played":"8316474378525200805","potions_obtained":[{"floor":8,"key":"ColorlessPotion"},{"floor":14,"key":"ColorlessPotion"},{"floor":18,"key":"BlessingOfTheForge"}],"is_trial":false,"path_per_floor":["M","M","?","M","?","E","R","M","T","R","?","R","M","M","R","B",null,"M","$","M","M","M","E"],"character_chosen":"THE_BUGKNIGHT","items_purchased":["aspiration:ChemicalBlood","ColorlessPotion"],"campfire_rested":2,"item_purchase_floors":[19,19],"current_hp_per_floor":[62,62,62,49,49,8,28,23,23,23,23,23,28,19,39,23,68,67,67,67,51,29,0,0],"gold":135,"neow_bonus":"ONE_RARE_RELIC","is_daily":false,"chose_seed":false,"campfire_upgraded":2,"win_rate":0.0,"timestamp":1613111655,"path_taken":["M","M","?","?","?","E","R","M","T","R","?","R","M","M","R","BOSS","M","$","M","M","M","E"],"items_purchased_type":["Relic","Potion"],"build_version":"2020-12-22","purchased_purges":1,"victory":false,"max_hp_per_floor":[68,68,68,68,68,68,68,68,68,68,68,68,68,68,68,68,68,68,68,68,68,68,68,68],"card_choices":[{"not_picked":["HollowMod:CornifersMapStart","HollowMod:NewJinnsSoul"],"picked":"HollowMod:DescendingDark","floor":1},{"not_picked":["HollowMod:MonarchWings","HollowMod:CycloneSlash"],"picked":"HollowMod:WraithStrike","floor":2},{"not_picked":["HollowMod:NewLittleFool","HollowMod:LifebloodCocoon"],"picked":"HollowMod:ShadowDash","floor":4},{"not_picked":["HollowMod:LifebloodCore","HollowMod:BrokenVessel"],"picked":"HollowMod:DescendingDark","floor":6},{"not_picked":["HollowMod:Grubsong","HollowMod:GoodIntentions"],"picked":"HollowMod:SiblingsSouls","floor":8},{"not_picked":["HollowMod:SoulSplash","HollowMod:SharpenedNail"],"picked":"HollowMod:MantisMark","floor":13},{"not_picked":["HollowMod:LifebloodCocoon","HollowMod:PureNailStrike","HollowMod:GoodIntentions"],"picked":"SKIP","floor":14},{"not_picked":["HollowMod:AwokenDreamNail","HollowMod:SlysStrikes"],"picked":"HollowMod:LordofShades","floor":16},{"not_picked":["HollowMod:InfectedAttack","HollowMod:WraithStrike"],"picked":"HollowMod:SiblingsShadow+1","floor":18},{"not_picked":["HollowMod:InfectionAssault","HollowMod:SharpenedNail"],"picked":"HollowMod:HeavyBlow+1","floor":20},{"not_picked":["HollowMod:InfectedCysts+1","HollowMod:WraithStrike"],"picked":"HollowMod:FastStrike","floor":21},{"not_picked":["HollowMod:NewLittleFool","HollowMod:MothsMistake"],"picked":"HollowMod:SharpenedShadows","floor":22}],"player_experience":1042751,"relics_obtained":[{"floor":6,"key":"ReplayTheSpireMod:Lightbulb"},{"floor":9,"key":"aspiration:FrozenJewel"}],"event_choices":[{"damage_healed":0,"gold_gain":0,"player_choice":"Upgraded","damage_taken":0,"max_hp_gain":0,"max_hp_loss":0,"event_name":"Upgrade Shrine","floor":3,"gold_loss":0,"cards_upgraded":["HollowMod:WraithStrike"]},{"damage_healed":0,"gold_gain":0,"player_choice":"0 cards matched","damage_taken":0,"max_hp_gain":0,"max_hp_loss":0,"event_name":"Match and Keep!","floor":11,"gold_loss":0,"cards_obtained":[]}],"is_beta":false,"boss_relics":[{"not_picked":["SacredBark","hubris:BlackHole"],"picked":"Pandora\u0027s Box"}],"items_purged_floors":[19],"is_endless":false,"potions_floor_spawned":[8,14,18],"killed_by":"Hallownest:eliteWatcherKnight","ascension_level":0}}