{"host":"dlqyscxstsnu98l1","time":1613110801,"event":{"mods":["AchievementEnabler","BaseMod","Colored Map","Colored Powertips","Downfall","GifTheSpireLib","Highlight Path","Minty Spire (QoL Compilation)","Random Character Button","SacredBarkPlus","StSLib","everything is the same but u backflip on backflip"],"gold_per_floor":[109,184,184,200,149,149,174,174,174,201,213,259,271,311,323,440,452,475,586,523,551,663,675,349,349,418,518,544,544,574,586,586,689,689,689,689],"floor_reached":35,"language":"ENG","playtime":4718,"items_purged":["Strike_R"],"score":573,"play_id":"1f337a5b-3501-4ec0-8a94-0e8776390a5f","local_time":"20210212002001","is_ascension_mode":true,"campfire_choices":[{"data":"Fiend Fire","floor":6.0,"key":"SMITH"},{"data":"Bash","floor":8.0,"key":"SMITH"},{"floor":13.0,"key":"REST"},{"data":"Hemokinesis","floor":15.0,"key":"SMITH"},{"data":"Demon Form","floor":23,"key":"SMITH"},{"data":"Burning Pact","floor":25,"key":"SMITH"},{"floor":29,"key":"REST"},{"floor":32,"key":"REST"}],"circlet_count":0,"master_deck":["Strike_R","Strike_R","Defend_R+1","Defend_R","Defend_R","Bash+1","Fiend Fire+1","Intimidate","Ghostly Armor","Clash","Anger","Hemokinesis+1","Ghostly Armor","Anger","Hemokinesis+1","Exhume","Burning Pact+1","Inflame","CurseOfTheBell","CurseOfTheBell","Demon Form+1","Dark Embrace","Clothesline+1","Armaments","Battle Trance","Feed+1"],"relics":["Black Blood","Vajra","MawBank","Sundial","FossilizedHelix","bronze:MakeshiftBattery","downfall:ExtraCursedBell","Omamori","Molten Egg 2","Gambling Chip","Membership Card","Prayer Wheel","WingedGreaves","Question Card","HornCleat","Bag of Marbles"],"acts_visited":["Exordium","TheCity","TheBeyond"],"potions_floor_usage":[18,28,28],"damage_taken":[{"damage":7.0,"enemies":"Jaw Worm","floor":1.0,"turns":2.0},{"damage":1.0,"enemies":"2 Louse","floor":4.0,"turns":3.0},{"damage":10.0,"enemies":"3 Sentries","floor":7.0,"turns":9.0},{"damage":0.0,"enemies":"Cultist","floor":10.0,"turns":2.0},{"damage":19.0,"enemies":"Lagavulin","floor":12.0,"turns":6.0},{"damage":12.0,"enemies":"3 Sentries","floor":14.0,"turns":4.0},{"damage":2.0,"enemies":"Slime Boss","floor":16.0,"turns":2.0},{"damage":14,"enemies":"2 Thieves","floor":18,"turns":4},{"damage":4,"enemies":"Shell Parasite","floor":21,"turns":3},{"damage":23,"enemies":"Colosseum Slavers","floor":27,"turns":5},{"damage":19,"enemies":"Colosseum Nobs","floor":27,"turns":4},{"damage":29,"enemies":"Gremlin Leader","floor":28,"turns":7},{"damage":16,"enemies":"Book of Stabbing","floor":30,"turns":4},{"damage":2,"enemies":"Cultist and Chosen","floor":31,"turns":4},{"damage":28,"enemies":"Champ","floor":33,"turns":8},{"damage":43,"enemies":"3 Darklings","floor":35,"turns":9}],"seed_played":"-3674423684014717563","potions_obtained":[{"floor":4.0,"key":"Energy Potion"},{"floor":10.0,"key":"champ:CounterPotion"},{"floor":12.0,"key":"LiquidMemories"},{"floor":16.0,"key":"Strength Potion"},{"floor":27,"key":"Strength Potion"},{"floor":28,"key":"Swift Potion"},{"floor":33,"key":"Dexterity Potion"}],"is_trial":false,"path_per_floor":["M","?","?","M","$","R","E","R","T","M","?","E","R","E","R","B",null,"M","?","?","M","?","R","$","R","T","?","E","R","E","M","R","B",null,"M"],"character_chosen":"IRONCLAD","items_purchased":["Anger","Membership Card","Prayer Wheel"],"campfire_rested":3,"item_purchase_floors":[5,24,24],"current_hp_per_floor":[71,60,60,65,65,65,61,61,61,67,53,40,61,55,55,59,72,64,64,64,66,66,66,66,66,66,36,13,34,24,28,49,27,72,29,29],"gold":689,"neow_bonus":"TRANSFORM_TWO_CARDS","is_daily":false,"chose_seed":false,"campfire_upgraded":5,"win_rate":0.0,"timestamp":1613110801,"path_taken":["M","?","?","?","?","R","E","R","T","?","?","E","R","E","R","BOSS","M","?","?","M","?","R","$","R","T","?","E","R","E","M","R","BOSS","M"],"items_purchased_type":["Card","Relic","Relic"],"build_version":"2020-12-22","purchased_purges":1,"victory":false,"max_hp_per_floor":[72,72,72,72,72,72,72,72,72,72,72,72,72,72,72,72,72,72,72,72,72,72,72,72,72,72,72,72,72,72,72,72,72,72,72,72],"card_choices":[{"not_picked":["Perfected Strike","Flex"],"picked":"Ghostly Armor","floor":1.0},{"not_picked":["Dual Wield","Blood for Blood"],"picked":"Clash","floor":4.0},{"not_picked":["Whirlwind","Sword Boomerang"],"picked":"Hemokinesis","floor":7.0},{"not_picked":["Shrug It Off","Iron Wave"],"picked":"Ghostly Armor","floor":10.0},{"not_picked":["Dual Wield","Pommel Strike"],"picked":"Anger","floor":12.0},{"not_picked":["Warcry","Limit Break"],"picked":"Hemokinesis","floor":14.0},{"not_picked":["Brutality","Fiend Fire"],"picked":"Exhume","floor":16.0},{"not_picked":["Heavy Blade","Clash"],"picked":"Burning Pact","floor":18},{"not_picked":["Body Slam","Sword Boomerang+1"],"picked":"Inflame","floor":21},{"not_picked":["Flame Barrier","Twin Strike+1"],"picked":"Dark Embrace","floor":27},{"not_picked":["Corruption","Pommel Strike+1","Havoc","Wild Strike+1"],"picked":"SKIP","floor":28},{"not_picked":["Rupture","Thunderclap+1","Sword Boomerang+1"],"picked":"Clothesline+1","floor":30},{"not_picked":["Havoc+1","Twin Strike+1","Dual Wield"],"picked":"Armaments","floor":31},{"not_picked":["Entrench","Anger+1","Warcry"],"picked":"Battle Trance","floor":31},{"not_picked":["Barricade","Double Tap","Demon Form"],"picked":"Feed+1","floor":33}],"player_experience":190095,"relics_obtained":[{"floor":7.0,"key":"Vajra"},{"floor":9.0,"key":"MawBank"},{"floor":12.0,"key":"Sundial"},{"floor":14.0,"key":"FossilizedHelix"},{"floor":22,"key":"Omamori"},{"floor":22,"key":"Molten Egg 2"},{"floor":22,"key":"Gambling Chip"},{"floor":27,"key":"WingedGreaves"},{"floor":27,"key":"Question Card"},{"floor":28,"key":"HornCleat"},{"floor":30,"key":"Bag of Marbles"}],"event_choices":[{"damage_healed":0.0,"max_hp_gain":0.0,"max_hp_loss":0.0,"gold_gain":75.0,"event_name":"World of Goop","player_choice":"Gather Gold","floor":2.0,"gold_loss":0.0,"damage_taken":11.0},{"damage_healed":0.0,"max_hp_gain":0.0,"max_hp_loss":0.0,"gold_gain":0.0,"event_name":"The Woman in Blue","player_choice":"Bought 0 Potions","floor":3.0,"gold_loss":0.0,"damage_taken":0.0},{"damage_healed":0.0,"max_hp_gain":0.0,"max_hp_loss":0.0,"gold_gain":0.0,"event_name":"Shining Light","player_choice":"Entered Light","floor":11.0,"gold_loss":0.0,"damage_taken":14.0,"cards_upgraded":["Defend_R","Hemokinesis"]},{"damage_healed":0,"gold_gain":99,"player_choice":"Stole From Cult","damage_taken":0,"max_hp_gain":0,"max_hp_loss":0,"event_name":"Nest","floor":19,"gold_loss":0},{"cards_removed":["Strike_R"],"damage_healed":0,"gold_gain":0,"player_choice":"Gave Gold","damage_taken":0,"max_hp_gain":0,"max_hp_loss":0,"event_name":"Beggar","floor":20,"gold_loss":75},{"damage_healed":0,"gold_gain":0,"player_choice":"Fight","damage_taken":0,"max_hp_gain":0,"max_hp_loss":0,"event_name":"Colosseum","floor":27,"gold_loss":0},{"damage_healed":0,"gold_gain":0,"player_choice":"Fought Nobs","damage_taken":0,"max_hp_gain":0,"max_hp_loss":0,"event_name":"Colosseum","floor":27,"gold_loss":0}],"is_beta":false,"boss_relics":[{"not_picked":["Astrolabe","Ectoplasm"],"picked":"bronze:MakeshiftBattery"},{"not_picked":["Pandora\u0027s Box","Philosopher\u0027s Stone"],"picked":"Black Blood"}],"items_purged_floors":[24],"is_endless":false,"potions_floor_spawned":[4,10,12,16,27,28,33],"killed_by":"3 Darklings","ascension_level":4}}