{"host":"znuunkttinnn1f17","time":1613134781,"event":{"mods":["BaseMod","Colored Map","Downfall","Minty Spire (QoL Compilation)","Replay The Spire","StSLib"],"gold_per_floor":[99,117,27,27,27,27,27,38,38,50,78,75,87,129,153,269,281,193,219,243,272,299,311,323,346,258,120,232,255,267,310,340,453,565,577,609,671,136,156,156,156,179,179,215,146,164,189,222,240,240],"floor_reached":51,"language":"ENG","playtime":4157,"items_purged":["bronze:Strike","J.A.X.","Spreading Infection"],"score":969,"play_id":"bf129478-f2d9-4194-980e-5a6a339bea78","local_time":"20210212135941","is_ascension_mode":true,"campfire_choices":[{"floor":1,"key":"DIG"},{"data":"bronze:Goto","floor":6,"key":"SMITH"},{"data":"bronze:BugBarrage","floor":10,"key":"SMITH"},{"floor":18,"key":"DIG"},{"data":"bronze:BugBarrage","floor":23,"key":"SMITH"},{"data":"bronze:Allocate","floor":26,"key":"SMITH"},{"data":"bronze:BronzeOrb","floor":35,"key":"SMITH"},{"data":"bronze:Terminator","floor":43,"key":"SMITH"}],"circlet_count":0,"master_deck":["bronze:Strike","bronze:Strike","bronze:Defend","bronze:Defend","bronze:Replicate","bronze:Goto+1","bronze:BugBarrage+1","bronze:Allocate+1","m_BronzeSurvivor","bronze:Shield","bronze:BugBarrage+1","bronze:Terminator+1","bronze:BugBarrage+1","bronze:ItsAFeature","bronze:WildBeam+1","bronze:ItsAFeature+1","bronze:ItsAFeature+1","Ghostly","bronze:ChildClass","bronze:WildBeam","bronze:Constructor+1","bronze:Turbo","bronze:BronzeOrb+1","bronze:Return+1","bronze:FindAndReplace","bronze:BuggyMess","bronze:Iterate+1","bronze:CloningBeam+1","bronze:Terminator+1","bronze:MaxOutput+1","ReplayTheSpireMod:Splinters","downfall:Haunted","bronze:BugBarrage+1","bronze:BugBarrage+1","bronze:FineTuning+1","bronze:DelayedGuard+1","bronze:ForceShield","bronze:BugBarrage+1"],"relics":["SacredBark","Matryoshka","Toy Ornithopter","Kunai","Replay:Wax Seal","MawBank","Lantern","Honey Jar","downfall:HeartBlessingGreen","PreservedInsect","downfall:HeartBlessingBlue","MutagenicStrength","Shuriken","Replay:Wanted Poster","Ring of Greed","Ring of Panic","The Courier","Golden Idol","Iron Hammer","Bag of Marbles","Vajra","Girya","Pocketwatch","DollysMirror","Chameleon Ring","Happy Flower"],"acts_visited":["Exordium","TheCity","TheBeyond"],"potions_floor_usage":[16,25,28,33,38,50,50],"damage_taken":[{"damage":1,"enemies":"Cultist","floor":2,"turns":4},{"damage":5,"enemies":"downfall:FleeingMerchant","floor":3,"turns":4},{"damage":2,"enemies":"2 Louse","floor":8,"turns":3},{"damage":1,"enemies":"Jaw Worm","floor":11,"turns":3},{"damage":7,"enemies":"downfall:FleeingMerchant","floor":12,"turns":4},{"damage":18,"enemies":"Gremlin Nob","floor":14,"turns":3},{"damage":4,"enemies":"Exordium Wildlife","floor":15,"turns":4},{"damage":0,"enemies":"DF_ARCHETYPE_STREAMLINE","floor":16,"turns":9},{"damage":12,"enemies":"Shell Parasite","floor":19,"turns":3},{"damage":0,"enemies":"Chosen and Byrds","floor":20,"turns":3},{"damage":18,"enemies":"3 Cultists","floor":21,"turns":4},{"damage":0,"enemies":"Centurion and Healer","floor":22,"turns":3},{"damage":0,"enemies":"Snake Plant","floor":25,"turns":2},{"damage":4,"enemies":"downfall:Augmenter","floor":28,"turns":4},{"damage":6,"enemies":"Snecko","floor":29,"turns":4},{"damage":20,"enemies":"Book of Stabbing","floor":31,"turns":3},{"damage":1,"enemies":"Cultist and Chosen","floor":32,"turns":3},{"damage":15,"enemies":"SI_MIRROR_ARCHETYPE","floor":33,"turns":5},{"damage":7,"enemies":"3 Darklings","floor":36,"turns":3},{"damage":5,"enemies":"downfall:FleeingMerchant","floor":38,"turns":4},{"damage":0,"enemies":"Orb Walker","floor":39,"turns":1},{"damage":4,"enemies":"4 Shapes","floor":42,"turns":2},{"damage":2,"enemies":"Giant Head","floor":44,"turns":4},{"damage":1,"enemies":"downfall:FleeingMerchant","floor":45,"turns":1},{"damage":14,"enemies":"Writhing Mass","floor":46,"turns":3},{"damage":2,"enemies":"Spire Growth","floor":47,"turns":4},{"damage":0,"enemies":"R_Hoarder","floor":48,"turns":4},{"damage":8,"enemies":"Sphere and 2 Shapes","floor":49,"turns":4},{"damage":0,"enemies":"IC_BLOCK_ARCHETYPE","floor":50,"turns":4}],"seed_played":"6336359588976230546","potions_obtained":[{"floor":5,"key":"Venom Potion"},{"floor":5,"key":"FairyPotion"},{"floor":5,"key":"Adrenaline Potion"},{"floor":14,"key":"champ:CounterPotion"},{"floor":15,"key":"ColorlessPotion"},{"floor":19,"key":"EssenceOfSteel"},{"floor":21,"key":"bronze:BuildAFunctionPotion"},{"floor":28,"key":"CultistPotion"},{"floor":32,"key":"LifebloodPotion"},{"floor":33,"key":"SkillPotion"},{"floor":39,"key":"bronze:FreeFunctionsPotion"},{"floor":46,"key":"Adrenaline Potion"}],"is_trial":false,"path_per_floor":["R_BF","M","$","?","?","R","T","M","T","R","M","$","?","E","M","B",null,"R_BF","M","M","M","M","R","T","M","R","?","?","M","?","E","M","B",null,"R","M","?","$","M","?","T","M","R","E","$","M","M","E","M","B",null],"character_chosen":"THE_AUTOMATON","items_purchased":["Iron Hammer","Bag of Marbles","Vajra","DollysMirror","Chameleon Ring"],"campfire_rested":0,"item_purchase_floors":[38,38,38,45,45],"current_hp_per_floor":[70,69,64,64,64,64,64,62,62,62,61,54,54,36,32,37,70,70,58,58,40,40,40,40,45,55,55,56,50,50,30,29,19,80,80,73,73,73,73,73,73,69,69,67,66,52,50,50,42,52],"gold":240,"neow_bonus":"BOSS_RELIC","is_daily":false,"chose_seed":false,"campfire_upgraded":6,"win_rate":0.0,"timestamp":1613134781,"path_taken":["R_BF","M","$","?","?","R","T","?","?","R","M","?","?","E","M","BOSS","R_BF","M","M","M","M","R","T","M","R","?","?","M","?","E","M","BOSS","R","M","?","$","M","?","T","?","R","E","?","M","M","E","M","BOSS"],"items_purchased_type":["Relic","Relic","Relic","Relic","Relic"],"build_version":"2020-12-22","purchased_purges":3,"victory":true,"max_hp_per_floor":[70,70,70,70,70,70,70,70,70,70,70,70,70,70,70,70,70,70,70,70,70,70,70,70,70,80,80,80,80,80,80,80,80,80,80,80,80,80,80,80,80,80,80,80,80,80,80,80,80,80],"card_choices":[{"not_picked":["bronze:Constructor","bronze:WhirlingStrike"],"picked":"bronze:BugBarrage","floor":2},{"not_picked":["bronze:Constructor","bronze:Shell"],"picked":"bronze:Allocate","floor":3},{"not_picked":["bronze:Branch","bronze:NullPointer","bronze:Overload"],"picked":"SKIP","floor":8},{"not_picked":["bronze:NullPointer","bronze:WildBeam"],"picked":"bronze:Shield","floor":11},{"not_picked":["bronze:DelayedGuard","bronze:Branch","bronze:Separator"],"picked":"SKIP","floor":12},{"not_picked":["bronze:SpaghettiCode","bronze:Separator"],"picked":"bronze:Terminator","floor":14},{"not_picked":["bronze:WhirlingStrike","bronze:InfiniteBeams","bronze:ForceShield"],"picked":"SKIP","floor":15},{"not_picked":["bronze:ForLoop","bronze:DelayedSlice","bronze:Iterate+1"],"picked":"bronze:BugBarrage","floor":19},{"not_picked":["bronze:Refactor","bronze:Return+1","bronze:BuggyMess"],"picked":"bronze:ItsAFeature","floor":20},{"not_picked":["bronze:Terminator","bronze:GetLatest","bronze:Invalidate"],"picked":"bronze:WildBeam+1","floor":21},{"not_picked":["bronze:Optimize","bronze:Overheat","bronze:ChildClass"],"picked":"bronze:ItsAFeature+1","floor":22},{"not_picked":["bronze:CutThrough","bronze:Backtrace","bronze:Repair"],"picked":"bronze:ItsAFeature+1","floor":25},{"not_picked":[],"picked":"J.A.X.","floor":28},{"not_picked":["bronze:ItsAFeature","bronze:Iterate","bronze:WhirlingStrike"],"picked":"bronze:Constructor+1","floor":28},{"not_picked":["bronze:ItsAFeature","bronze:OilSpill","bronze:FollowUp"],"picked":"bronze:Turbo","floor":29},{"not_picked":["bronze:Iterate","bronze:Backtrace","bronze:OilSpill"],"picked":"bronze:BronzeOrb","floor":31},{"not_picked":["bronze:DelayedGuard","bronze:Frontload","bronze:Separator"],"picked":"bronze:Return+1","floor":32},{"not_picked":["bronze:InfiniteLoop","bronze:Break","bronze:ThunderWave"],"picked":"bronze:FindAndReplace","floor":33},{"not_picked":["bronze:DelayedSlice","bronze:Separator","bronze:Fortify"],"picked":"bronze:BuggyMess","floor":36},{"not_picked":["bronze:OilSpill","bronze:Shield","bronze:Overheat+1"],"picked":"bronze:Iterate+1","floor":38},{"not_picked":["bronze:OilSpill","bronze:WildBeam","bronze:Terminator"],"picked":"bronze:CloningBeam+1","floor":39},{"not_picked":["bronze:Turbo+1","bronze:Safeguard","bronze:Frontload+1"],"picked":"bronze:Terminator+1","floor":42},{"not_picked":["bronze:BurnOut","bronze:WildBeam+1","bronze:Separator"],"picked":"bronze:MaxOutput+1","floor":44},{"not_picked":["bronze:Backtrace","bronze:CloningBeam+1","bronze:Turbo"],"picked":"bronze:BugBarrage+1","floor":45},{"not_picked":["bronze:Branch","bronze:ChosenStrike","bronze:Return+1"],"picked":"bronze:FineTuning+1","floor":46},{"not_picked":["bronze:BronzeArmor","bronze:WildBeam","bronze:CloningBeam"],"picked":"bronze:DelayedGuard+1","floor":47},{"not_picked":["bronze:Overheat","bronze:NullPointer+1","bronze:DelayedGuard"],"picked":"bronze:ForceShield","floor":48},{"not_picked":["bronze:DelayedSlice","bronze:FindAndReplace","bronze:Overheat"],"picked":"bronze:BugBarrage+1","floor":49}],"player_experience":227915,"relics_obtained":[{"floor":1,"key":"Matryoshka"},{"floor":7,"key":"Toy Ornithopter"},{"floor":7,"key":"Kunai"},{"floor":9,"key":"Replay:Wax Seal"},{"floor":9,"key":"MawBank"},{"floor":14,"key":"Lantern"},{"floor":18,"key":"PreservedInsect"},{"floor":28,"key":"MutagenicStrength"},{"floor":31,"key":"Shuriken"},{"floor":37,"key":"Ring of Greed"},{"floor":37,"key":"Ring of Panic"},{"floor":37,"key":"The Courier"},{"floor":37,"key":"Golden Idol"},{"floor":41,"key":"Girya"},{"floor":44,"key":"Pocketwatch"},{"floor":48,"key":"Happy Flower"}],"event_choices":[{"damage_healed":0,"gold_gain":0,"player_choice":"Got Potions","damage_taken":0,"max_hp_gain":0,"max_hp_loss":0,"event_name":"Lab","floor":5,"gold_loss":0}],"is_beta":false,"boss_relics":[{"not_picked":["SlaversCollar","Sozu"],"picked":"Honey Jar"},{"not_picked":["Tiny House","Ring of Chaos"],"picked":"Replay:Wanted Poster"}],"items_purged_floors":[3,38,45],"is_endless":false,"potions_floor_spawned":[11,14,15,19,21,28,32,33,39,42,44,46],"ascension_level":1}}