{"host":"onjcd8pn3ar4eq0z","time":1613118191,"event":{"mods":["2.2 Compatiblity","AchievementEnabler","Act Like it!","Aspiration","BaseMod","Beaked The Cultist","Become a monster ???","Bestiary","Better Note","Better Third Choice","BetterRewards","CapriCore","ChefMod","Colored Map","Colored Powertips","Conspire","Curses Come First","Downfall","Friendly Minions","Gensokyo","GifTheSpireLib","Gremlin Mod","Hallownest","Hermit","Highlight Path","Hubris","Infinite Spire","Jorbs\u0027s Wanderer Trilogy","Koishi","Lobotomy","LobotomyExtend","Marisa????????","Mimic Mod","Minty Spire (QoL Compilation)","Pale of the Ancients","Potionbrewer","Practice Mode","Quick Restart","Relic Sorter","Reliquary","Remilia??????","Replay The Spire","Shop Mod","Spicy Shops","StSLib","Synergy Search","The Administrix","The Alterego","The Animator","The Blue Laboratory","The Bug Knight","The Construct","The Cursed","The Disciple","The Gatherer","The Hierophant","The Immortal","The Mystic","The Necromancer","The Runesmith","The Sage","The Servant 0.9.4","TheBandit","TheSwordswoman","Waifu the Spire","Wandering Minibosses","Yuyuko","noobMod"],"gold_per_floor":[99,117,69,69,82,114,114,130,580,594,594,594,612,35,48,147,147,47,47,64,82,96,96,148,148,48,82,96,96,107,133,143,248,248,148,148,148,175,20,20,20,20],"floor_reached":43,"language":"ENG","playtime":7024,"items_purged":["downfall:Aged","Injury"],"score":1239,"play_id":"cac8c6a7-0216-490b-9530-dfca09c39a5f","local_time":"20210212022311","is_ascension_mode":false,"campfire_choices":[{"floor":1,"key":"RECALL"},{"floor":18,"key":"DIG"},{"data":"hubris:Fate","floor":26,"key":"SMITH"},{"floor":29,"key":"REST"},{"data":"champ:BerserkerStyle","floor":35,"key":"SMITH"},{"data":"champ:LastStand","floor":40,"key":"SMITH"}],"circlet_count":0,"master_deck":["champ:Strike","champ:Strike","champ:Strike","champ:Strike","champ:Defend","champ:Defend","champ:Defend","champ:Defend","champ:Execute","champ:Taunt+1","champ:PreciseThrust","champ:Backstep","champ:Shatter","champ:Shatter","champ:AdrenalArmor","champ:ArenaPreparation","champ:TornadoPunch","downfall:Icky","downfall:Icky","downfall:Icky","champ:SkillfulDodge+1","champ:FanOfKnives+1","champ:Duel+1","expansioncontent:QuickStudy","champ:PreciseThrust+1","champ:FaceSlap+1","expansioncontent:Hexaburn","champ:FocusedBerserking","champ:BerserkerStyle+1","champ:AdrenalArmor","champ:ArenaPreparation","champ:LastStand+1","champ:Backstep","champ:RisingSlash+1","champ:RisingSlash+1","hubris:Fate+1","champ:FlashCut+1","champ:BerserkersShout","champ:VampiricStrike+1","champ:Shatter+1","champ:IgnorePain","champ:MurderStrike+1","champ:GladiatorStyle+1"],"relics":["champ:ChampionCrown","ice","Torii","LetterFromLob","Pet Ghost","Molten Egg 2","ReplayTheSpireMod:CursedCoin","MerchantsRug","hubris:Zylophone","SacredBark","downfall:HeartBlessingBlue","Thread and Needle","downfall:HeartBlessingRed","Replay:Rubber Ducky","wanderingMiniBosses:CarrionFlame","hubris:Potato","downfall:HeartBlessingGreen","reliquary:HotPoker","Chemical X","aspiration:Lifesprig"],"acts_visited":["Exordium","TheCity","TheBeyond","TheEnding"],"potions_floor_usage":[21,33,33,33],"damage_taken":[{"damage":22,"enemies":"conspire:RoseBush","floor":2,"turns":6},{"damage":10,"enemies":"downfall:FleeingMerchant","floor":3,"turns":4},{"damage":10,"enemies":"Cultist","floor":5,"turns":3},{"damage":38,"enemies":"Gremlin Nob","floor":6,"turns":5},{"damage":25,"enemies":"Jaw Worm","floor":8,"turns":3},{"damage":4,"enemies":"conspire:2 RoseBushes","floor":10,"turns":5},{"damage":10,"enemies":"Blue Slaver","floor":13,"turns":7},{"damage":16,"enemies":"downfall:FleeingMerchant","floor":14,"turns":4},{"damage":30,"enemies":"Gremlin Gang","floor":15,"turns":6},{"damage":24,"enemies":"IC_STATUS_ARCHETYPE","floor":16,"turns":5},{"damage":14,"enemies":"Spheric Guardian","floor":20,"turns":2},{"damage":1,"enemies":"3 Cultists","floor":21,"turns":3},{"damage":28,"enemies":"Centurion and Healer","floor":22,"turns":5},{"damage":42,"enemies":"Replay:Snechameleon","floor":27,"turns":7},{"damage":9,"enemies":"Snake Plant","floor":28,"turns":4},{"damage":82,"enemies":"Shelled Parasite and Fungi","floor":30,"turns":6},{"damage":60,"enemies":"Nightmare","floor":31,"turns":7},{"damage":23,"enemies":"Snecko","floor":32,"turns":7},{"damage":40,"enemies":"WA_ARCHETYPE_CALM","floor":33,"turns":3},{"damage":12,"enemies":"SI_POISON_ARCHETYPE","floor":36,"turns":13},{"damage":131,"enemies":"downfall:CharBossMerchant","floor":38,"turns":12},{"damage":14,"enemies":"downfall:NeowBoss","floor":41,"turns":19},{"damage":138,"enemies":"downfall:NeowBossFinal","floor":42,"turns":11}],"seed_played":"-9177989790355683750","potions_obtained":[{"floor":2,"key":"LifebloodPotion"},{"floor":5,"key":"ColorlessPotion"},{"floor":10,"key":"blueLaboratory:BubblePotion"},{"floor":16,"key":"Strength Potion"},{"floor":28,"key":"bronze:BurnAndBuffPotion"},{"floor":30,"key":"potionbrewer:BoundlessPotion"},{"floor":33,"key":"potionbrewer:DiscountPotion"}],"is_trial":false,"path_per_floor":["R_BF","M","$","?","M","E","T","M","?","M","?","?","M","$","M","B",null,"R_BF","M","M","M","M","?","T","AVR","R","E","M","R","M","NM","M","B",null,"R","B",null,"E","$","R","B","B",null],"character_chosen":"THE_CHAMP","items_purchased":["champ:Shatter","ReplayTheSpireMod:CursedCoin","MerchantsRug","expansioncontent:QuickStudy","champ:PreciseThrust+1","champ:FaceSlap+1","BargainBundle","hexamod:SoulburnPotion","expansioncontent:Hexaburn","hubris:Zylophone","champ:FocusedBerserking","champ:BerserkerStyle","champ:AdrenalArmor","Chemical X","aspiration:Lifesprig"],"campfire_rested":1,"item_purchase_floors":[3,14,14,14,14,14,14,14,14,14,14,14,14,39,39],"current_hp_per_floor":[63,61,61,61,61,33,33,33,33,29,29,29,29,28,25,25,90,100,100,100,100,82,74,74,74,74,62,53,83,66,56,53,53,100,100,100,100,103,103,103,115,130],"gold":20,"neow_bonus":"ONE_RARE_RELIC","is_daily":false,"chose_seed":false,"campfire_upgraded":3,"win_rate":0.0,"timestamp":1613118191,"path_taken":["R_BF","M","$","?","?","E","T","M","?","M","?","?","M","$","M","BOSS","R_BF","M","?","M","M","?","T","AVR","R","E","M","R","M","NM","M","BOSS","R","BOSS","E","$","R","BOSS","BOSS"],"items_purchased_type":["Card","Relic","Relic","Card","Card","Card","Relic","Potion","Card","Relic","Card","Card","Card","Relic","Relic"],"build_version":"2020-12-22","purchased_purges":2,"victory":true,"max_hp_per_floor":[90,90,90,90,90,90,90,90,90,90,90,90,90,90,90,90,90,100,100,100,100,100,100,100,100,100,100,100,100,100,100,100,100,100,100,100,100,103,103,103,115,130],"card_choices":[{"not_picked":["champ:Shatter","champ:DefensiveShout"],"picked":"champ:PreciseThrust","floor":2},{"not_picked":["champ:SetATrap","champ:EnragedBash"],"picked":"champ:Backstep","floor":3},{"not_picked":["champ:ShieldSlam","champ:Circumvent"],"picked":"champ:AdrenalArmor","floor":5},{"not_picked":["champ:IronFortress","champ:StanceDance"],"picked":"champ:ArenaPreparation","floor":6},{"not_picked":["champ:FocusedBerserking","champ:IronFortress"],"picked":"champ:TornadoPunch","floor":8},{"not_picked":["champ:PerfectedStrike","champ:SetATrap"],"picked":"champ:SkillfulDodge","floor":10},{"not_picked":["champ:SwordThrow+1","champ:PreciseThrust+1"],"picked":"champ:FanOfKnives+1","floor":13},{"not_picked":["champ:FancyFootwork","champ:DefensiveShout"],"picked":"champ:Duel+1","floor":14},{"not_picked":["champ:RapidStrikes+1","champ:BringItOn"],"picked":"champ:ArenaPreparation","floor":15},{"not_picked":["champ:GladiatorForm","champ:SteelEdge+1"],"picked":"champ:LastStand","floor":16},{"not_picked":["champ:SetATrap","champ:StanceDance+1"],"picked":"champ:Backstep","floor":20},{"not_picked":["champ:SkillfulDodge+1","champ:FancyFootwork"],"picked":"champ:RisingSlash+1","floor":21},{"not_picked":["champ:Backstep","champ:EnGarde"],"picked":"champ:RisingSlash+1","floor":22},{"not_picked":["champ:BladeFlurry+1","champ:BringItOn+1"],"picked":"champ:FlashCut+1","floor":27},{"not_picked":["champ:DefensiveShout","champ:Backstep+1"],"picked":"champ:BerserkersShout","floor":28},{"not_picked":["champ:Haymaker+1","champ:BladeFlurry+1"],"picked":"champ:VampiricStrike+1","floor":30},{"not_picked":["champ:RisingSlash+1","champ:FlashCut+1"],"picked":"champ:Shatter+1","floor":31},{"not_picked":["champ:FaceSlap+1","champ:DefensiveShout"],"picked":"champ:IgnorePain","floor":32},{"not_picked":["champ:UltimateStance","champ:SteelEdge+1"],"picked":"champ:MurderStrike+1","floor":33},{"not_picked":["champ:DefensiveStyle+1","champ:GutPunch+1"],"picked":"champ:GladiatorStyle+1","floor":38}],"player_experience":566455,"relics_obtained":[{"floor":2,"key":"LetterFromLob"},{"floor":6,"key":"Pet Ghost"},{"floor":18,"key":"Thread and Needle"},{"floor":24,"key":"ScarletDevilRocket"},{"floor":27,"key":"Replay:Rubber Ducky"},{"floor":31,"key":"Dream Catcher"},{"floor":32,"key":"wanderingMiniBosses:CarrionFlame"},{"floor":38,"key":"reliquary:HotPoker"}],"event_choices":[],"is_beta":false,"boss_relics":[{"not_picked":["Calling Bell","ReplayTheSpireMod:SealedPack"],"picked":"SacredBark"},{"not_picked":["Philosopher\u0027s Stone","hubris:TerracottaHorce"],"picked":"hubris:Backtick"}],"items_purged_floors":[14,39],"is_endless":false,"potions_floor_spawned":[2,5,10,13,16,28,30,31,33],"ascension_level":0}}