{"host":"u6v0z43xi4vbzvq3","time":1613165237,"event":{"mods":["AchievementEnabler","BaseMod","BetterRewards","Colored Map","Conspire","Downfall","Googly Eyes","Hermit","Hubris","Infinite Spire","Minty Spire (QoL Compilation)","Quick Restart","Rare Cards Sparkle","Replay The Spire","Shop Mod","StSLib","SuperFastMode","The Construct"],"gold_per_floor":[114,114,114,39,55,55,55,55,55,55,88,88,100,119,119,220,220,230,282,297,35,55,55,55,80,106,106,123,133,133,143,143,242,242,255,272,272,282,36,36,63,75,125,125,125,125,125],"floor_reached":46,"language":"ENG","playtime":1522,"items_purged":["Spreading Infection","Regret"],"score":593,"play_id":"f4f662f5-0a95-41da-b9de-7cb93d23829b","local_time":"20210213082717","is_ascension_mode":false,"campfire_choices":[{"data":"Zap","floor":6,"key":"SMITH"},{"data":"Defragment","floor":10,"key":"SMITH"},{"data":"Beam Cell","floor":12,"key":"SMITH"},{"data":"Streamline","floor":15,"key":"SMITH"},{"floor":23,"key":"REST"},{"floor":27,"key":"REST"},{"data":"Echo Form","floor":30,"key":"SMITH"},{"floor":32,"key":"REST"},{"floor":40,"key":"REST"},{"floor":45,"key":"REST"}],"circlet_count":0,"master_deck":["Noxious Fumes","Strike_B+1","Strike_B","Strike_B","Strike_B+1","Defend_B","Defend_B","Defend_B+1","Defend_B","Zap+1","Dualcast","Defragment+1","Beam Cell+1","Ball Lightning","Streamline+1","FTL","Beam Cell+1","Ball Lightning","Scrape+1","Echo Form+1","Static Discharge","Rebound","Scrape+1","Multi-Cast+1","Static Discharge","Go for the Eyes+1","Heatsinks+1","hubris:DuctTapeCard","infinitespire:Punishment"],"relics":["Cracked Core","NeowsBlessing","ReplayTheSpireMod:Ring of Collecting","Ring of Peace","Ring of Shattering","Replay:Bottled Steam","conspire:Flyswatter","ReplayTheSpireMod:Ring of Exchange","infinitespire:BottledMercury","hubris:TenFootPole","hubris:Backtick","hubris:BallOfYels","Replay:Bottled Flurry","infinitespire:SolderingIron","Replay:Rubber Ducky","Gremlin Food","HandDrill","Replay:WaspNest","ReplayTheSpireMod:TigerMarble","Ring of Greed","The Courier","Replay:Wax Seal","hubris:DuctTape","Replay:Baseball","construct:ClawGrip"],"acts_visited":["Exordium","TheCity","TheBeyond"],"potions_floor_usage":[16,16,18,22,25,29,33,38,42,46],"damage_taken":[{"damage":0,"enemies":"2 Louse","floor":1,"turns":1},{"damage":0,"enemies":"Jaw Worm","floor":5,"turns":1},{"damage":0,"enemies":"Lagavulin","floor":11,"turns":1},{"damage":4,"enemies":"infinitespire:Voidling","floor":13,"turns":3},{"damage":0,"enemies":"Looter","floor":14,"turns":2},{"damage":6,"enemies":"Slime Boss","floor":16,"turns":5},{"damage":14,"enemies":"2 Thieves","floor":18,"turns":4},{"damage":0,"enemies":"3 Byrds","floor":20,"turns":2},{"damage":10,"enemies":"Centurion and Healer","floor":22,"turns":4},{"damage":3,"enemies":"conspire:SneckoGhost","floor":25,"turns":3},{"damage":0,"enemies":"Snake Plant","floor":28,"turns":2},{"damage":11,"enemies":"Snecko","floor":29,"turns":4},{"damage":16,"enemies":"3 Cultists","floor":31,"turns":5},{"damage":2,"enemies":"Champ","floor":33,"turns":8},{"damage":18,"enemies":"3 Darklings","floor":35,"turns":4},{"damage":10,"enemies":"Orb Walker","floor":36,"turns":3},{"damage":30,"enemies":"Sphere and 2 Shapes","floor":38,"turns":4},{"damage":31,"enemies":"Nemesis","floor":41,"turns":5},{"damage":6,"enemies":"Transient","floor":42,"turns":5},{"damage":25,"enemies":"3 Darklings","floor":46,"turns":3}],"seed_played":"2491614150181023881","potions_obtained":[{"floor":1,"key":"FocusPotion"},{"floor":13,"key":"hexamod:SoulburnPotion"},{"floor":16,"key":"Languid Potion"},{"floor":19,"key":"Flashbang"},{"floor":20,"key":"FocusPotion"},{"floor":28,"key":"FearPotion"},{"floor":29,"key":"SkillPotion"},{"floor":36,"key":"Fire Potion"},{"floor":41,"key":"ColorlessPotion"},{"floor":42,"key":"CultistPotion"}],"is_trial":false,"path_per_floor":["M","?","T","$","M","R","?","?","T","R","E","R","M","M","R","B",null,"M","?","M","$","M","R","$","E","T","R","M","M","R","M","R","B",null,"M","M","?","M","$","R","E","M","T","AVR","R","M"],"character_chosen":"DEFECT","items_purchased":["infinitespire:SolderingIron","Replay:WaspNest"],"campfire_rested":5,"item_purchase_floors":[21,39],"current_hp_per_floor":[75,75,75,75,75,75,75,75,75,75,75,75,71,71,71,65,75,61,46,46,46,36,58,58,55,55,75,75,64,64,48,70,68,75,57,47,47,17,17,39,8,2,2,2,24,0,0],"gold":125,"neow_bonus":"THREE_ENEMY_KILL","is_daily":false,"chose_seed":false,"campfire_upgraded":5,"win_rate":0.0,"timestamp":1613165237,"path_taken":["M","?","?","$","?","R","?","?","T","R","E","R","M","M","R","BOSS","M","?","M","$","M","R","?","E","T","R","M","M","R","M","R","BOSS","M","?","?","M","$","R","E","M","T","AVR","R","M"],"items_purchased_type":["Relic","Relic"],"build_version":"2020-12-22","purchased_purges":2,"victory":false,"max_hp_per_floor":[75,75,75,75,75,75,75,75,75,75,75,75,75,75,75,75,75,75,75,75,75,75,75,75,75,75,75,75,75,75,75,75,75,75,75,75,75,75,75,75,75,75,75,75,75,75,75],"card_choices":[{"not_picked":["hubris:Ukulele","Steam"],"picked":"Defragment","floor":1},{"not_picked":["Stack","Leap"],"picked":"Beam Cell","floor":5},{"not_picked":["Scrape","Buffer"],"picked":"Ball Lightning","floor":11},{"not_picked":["Steam","Beam Cell"],"picked":"Streamline","floor":13},{"not_picked":["Melter","Hologram"],"picked":"FTL","floor":14},{"not_picked":["Go for the Eyes","Consume+1"],"picked":"Beam Cell+1","floor":18},{"not_picked":["ReplayTheSpireMod:Dual Polarity","Stack+1"],"picked":"Ball Lightning","floor":19},{"not_picked":["Reprogram","Streamline"],"picked":"Scrape","floor":20},{"not_picked":["Redo","Coolheaded+1"],"picked":"Hello World","floor":22},{"not_picked":["Cold Snap","Leap"],"picked":"Echo Form","floor":25},{"not_picked":["Hologram","Gash"],"picked":"Static Discharge","floor":28},{"not_picked":["Compile Driver+1","Fusion"],"picked":"Rebound","floor":29},{"not_picked":["Streamline","Force Field"],"picked":"Scrape+1","floor":31},{"not_picked":["Thunder Strike","Mirror Shield"],"picked":"Multi-Cast","floor":33},{"not_picked":["Barrage","Doom and Gloom"],"picked":"White Noise","floor":35},{"not_picked":["Go for the Eyes","ReplayTheSpireMod:Repulse+1"],"picked":"Static Discharge","floor":36},{"not_picked":["Fusion+1","Doom and Gloom+1"],"picked":"Go for the Eyes+1","floor":38},{"not_picked":["Undo","Force Field+1"],"picked":"Heatsinks+1","floor":41},{"not_picked":["Fusion+1","Conserve Battery+1","All For One"],"picked":"SKIP","floor":42}],"player_experience":148587,"relics_obtained":[{"floor":2,"key":"ReplayTheSpireMod:Ring of Collecting"},{"floor":2,"key":"Ring of Peace"},{"floor":3,"key":"Ring of Shattering"},{"floor":3,"key":"Replay:Bottled Steam"},{"floor":9,"key":"ReplayTheSpireMod:Ring of Exchange"},{"floor":9,"key":"infinitespire:BottledMercury"},{"floor":11,"key":"hubris:TenFootPole"},{"floor":19,"key":"Replay:Bottled Flurry"},{"floor":25,"key":"Replay:Rubber Ducky"},{"floor":26,"key":"Gremlin Food"},{"floor":41,"key":"ReplayTheSpireMod:TigerMarble"},{"floor":43,"key":"Ring of Greed"},{"floor":43,"key":"The Courier"},{"floor":43,"key":"Replay:Wax Seal"},{"floor":43,"key":"hubris:DuctTape"}],"event_choices":[{"damage_healed":0,"gold_gain":0,"player_choice":"Box","damage_taken":0,"relics_obtained":["conspire:Flyswatter"],"max_hp_gain":0,"max_hp_loss":0,"event_name":"Big Fish","floor":8,"gold_loss":0,"cards_obtained":["Regret"]},{"damage_healed":0,"gold_gain":0,"player_choice":"Forge","damage_taken":0,"max_hp_gain":0,"max_hp_loss":0,"event_name":"Accursed Blacksmith","floor":37,"gold_loss":0,"cards_upgraded":["White Noise"]}],"is_beta":false,"boss_relics":[{"not_picked":["Velvet Choker","hubris:Stopwatch"],"picked":"hubris:Backtick"},{"not_picked":["conspire:SeveredTorchhead","infinitespire:Cupcake"],"picked":"HandDrill"}],"items_purged_floors":[4,44],"is_endless":false,"potions_floor_spawned":[1,13,16,20,28,29,36,41,42],"killed_by":"3 Darklings","ascension_level":0}}