{"host":"i4d8tgqbnmcnjm0a","time":1613101225,"event":{"mods":["BaseMod","Keyboard Shortcuts","Minty Spire (QoL Compilation)"],"gold_per_floor":[361,381,159,171,171,171,198,198,198,228,108,108,118,3,3,102,102,114,126,150,168,30,56,56,83,83,117,117,131,166,166,166,276,276,297,26,26,38,38,77,77,121,121,147,162,162,184,228,228,228,228,228,7,42,42,42],"floor_reached":55,"language":"ENG","playtime":5771,"items_purged":["Strike_R","Rupture"],"score":1046,"play_id":"31546b30-88bc-472e-a0e9-f783a6f09774","local_time":"20210211224025","is_ascension_mode":true,"campfire_choices":[{"data":"Heavy Blade","floor":6,"key":"SMITH"},{"data":"Heavy Blade","floor":8,"key":"SMITH"},{"floor":12,"key":"RECALL"},{"floor":15,"key":"REST"},{"floor":24,"key":"REST"},{"floor":28,"key":"REST"},{"data":"Bloodletting","floor":32,"key":"SMITH"},{"floor":41,"key":"REST"},{"floor":46,"key":"REST"},{"floor":49,"key":"REST"},{"data":"Spot Weakness","floor":52,"key":"SMITH"}],"circlet_count":0,"master_deck":["Strike_R","Strike_R","Strike_R","Strike_R","Defend_R","Defend_R","Defend_R","Defend_R","Bash","Heavy Blade+1","Reckless Charge","Heavy Blade+1","Iron Wave+1","Blood for Blood+1","Feed+1","Twin Strike+1","Demon Form","Shrug It Off+1","Spot Weakness+1","Thunderclap+1","Reckless Charge+1","Twin Strike+1","Bloodletting+1","Berserk+1","Inflame+1","Sword Boomerang+1","Whirlwind+1","Heavy Blade+1","Armaments+1","Enlightenment+1","Heavy Blade+1"],"relics":["Burning Blood","Happy Flower","Molten Egg 2","Sundial","The Courier","InkBottle","Sling","Red Skull","Runic Cube","Orichalcum","Frozen Egg 2","Pantograph","Pen Nib","CeramicFish","Busted Crown","FossilizedHelix","MealTicket","Oddly Smooth Stone","Toxic Egg 2","Bottled Flame","Ancient Tea Set","Strawberry","Shuriken"],"acts_visited":["Exordium","TheCity","TheBeyond","TheEnding"],"potions_floor_usage":[7,21,25,27,33,40,42,44,50,54,55,55],"damage_taken":[{"damage":6,"enemies":"Cultist","floor":1,"turns":3},{"damage":6,"enemies":"2 Louse","floor":2,"turns":3},{"damage":7,"enemies":"Small Slimes","floor":4,"turns":3},{"damage":8,"enemies":"Gremlin Nob","floor":7,"turns":3},{"damage":26,"enemies":"3 Sentries","floor":10,"turns":9},{"damage":3,"enemies":"Blue Slaver","floor":13,"turns":3},{"damage":49,"enemies":"Slime Boss","floor":16,"turns":8},{"damage":15,"enemies":"3 Byrds","floor":18,"turns":6},{"damage":19,"enemies":"Spheric Guardian","floor":19,"turns":4},{"damage":19,"enemies":"Snake Plant","floor":21,"turns":2},{"damage":20,"enemies":"Gremlin Leader","floor":23,"turns":5},{"damage":15,"enemies":"Slavers","floor":25,"turns":2},{"damage":19,"enemies":"Gremlin Leader","floor":27,"turns":3},{"damage":5,"enemies":"Chosen and Byrds","floor":29,"turns":4},{"damage":10,"enemies":"Slavers","floor":30,"turns":3},{"damage":36,"enemies":"Automaton","floor":33,"turns":5},{"damage":7,"enemies":"Orb Walker","floor":35,"turns":2},{"damage":8,"enemies":"3 Shapes","floor":38,"turns":2},{"damage":41,"enemies":"Giant Head","floor":40,"turns":6},{"damage":26,"enemies":"Nemesis","floor":42,"turns":5},{"damage":26,"enemies":"Reptomancer","floor":44,"turns":3},{"damage":32,"enemies":"Spire Growth","floor":45,"turns":4},{"damage":0,"enemies":"Writhing Mass","floor":47,"turns":1},{"damage":10,"enemies":"Giant Head","floor":48,"turns":4},{"damage":63,"enemies":"Donu and Deca","floor":50,"turns":5},{"damage":72,"enemies":"Shield and Spear","floor":54,"turns":6},{"damage":74,"enemies":"The Heart","floor":55,"turns":3}],"seed_played":"-6330302172553966766","potions_obtained":[{"floor":1,"key":"DuplicationPotion"},{"floor":4,"key":"EssenceOfSteel"},{"floor":16,"key":"Explosive Potion"},{"floor":19,"key":"SteroidPotion"},{"floor":23,"key":"Swift Potion"},{"floor":25,"key":"GamblersBrew"},{"floor":27,"key":"Regen Potion"},{"floor":35,"key":"Energy Potion"},{"floor":42,"key":"BlessingOfTheForge"},{"floor":47,"key":"GamblersBrew"},{"floor":54,"key":"Dexterity Potion"}],"is_trial":false,"path_per_floor":["M","M","$","M","?","R","E","R","T","E","$","R","M","$","R","B",null,"M","M","T","M","$","E","R","E","T","E","R","M","E","?","R","B",null,"M","$","?","M","?","E","R","E","T","E","M","R","M","E","R","B",null,"R","$","E","B"],"character_chosen":"IRONCLAD","items_purchased":["Happy Flower","Sling","Red Skull","Spot Weakness","FossilizedHelix","BloodPotion","PowerPotion","Enlightenment+1","Strawberry"],"campfire_rested":6,"item_purchase_floors":[3,11,14,22,36,36,53,53,53],"current_hp_per_floor":[72,72,72,71,71,71,69,69,69,49,49,49,52,52,72,29,72,63,54,54,45,45,31,55,46,46,33,57,58,54,54,54,49,80,83,83,83,81,81,46,71,63,63,43,17,42,48,44,69,31,88,88,95,48,0,0],"gold":42,"neow_bonus":"TWO_FIFTY_GOLD","is_daily":false,"chose_seed":false,"campfire_upgraded":4,"win_rate":0.0,"timestamp":1613101225,"path_taken":["M","M","$","?","?","R","E","R","T","E","$","R","M","?","R","BOSS","M","M","?","M","$","E","R","E","T","E","R","M","E","?","R","BOSS","M","$","?","?","?","E","R","E","T","E","?","R","M","E","R","BOSS","R","$","E","BOSS"],"items_purchased_type":["Relic","Relic","Relic","Card","Relic","Potion","Potion","Card","Relic"],"build_version":"2020-12-22","purchased_purges":2,"victory":false,"max_hp_per_floor":[72,72,72,72,72,72,72,72,72,72,72,72,72,72,72,72,72,72,76,76,80,80,80,80,80,80,80,80,80,80,80,80,80,80,84,84,84,84,84,84,84,84,84,84,84,84,84,84,84,88,88,88,95,95,95,95],"card_choices":[{"not_picked":["Battle Trance","Havoc"],"picked":"Heavy Blade","floor":1},{"not_picked":["Perfected Strike","Fire Breathing"],"picked":"Reckless Charge","floor":2},{"not_picked":["Sword Boomerang","Clothesline"],"picked":"Heavy Blade","floor":4},{"not_picked":["Disarm","Body Slam+1"],"picked":"Iron Wave+1","floor":7},{"not_picked":["Perfected Strike+1","Wild Strike+1"],"picked":"Rupture","floor":10},{"not_picked":["Rupture","Body Slam+1"],"picked":"Blood for Blood+1","floor":13},{"not_picked":["Limit Break","Double Tap"],"picked":"Feed+1","floor":16},{"not_picked":["True Grit","Perfected Strike+1"],"picked":"Twin Strike+1","floor":18},{"not_picked":["Dropkick+1","True Grit"],"picked":"Demon Form","floor":19},{"not_picked":["Anger+1","Uppercut+1"],"picked":"Shrug It Off+1","floor":21},{"not_picked":["Fire Breathing","Rage"],"picked":"Thunderclap+1","floor":23},{"not_picked":["Clothesline+1","Sword Boomerang+1"],"picked":"Reckless Charge+1","floor":25},{"not_picked":["Dark Embrace+1","Berserk+1"],"picked":"Twin Strike+1","floor":27},{"not_picked":["Carnage+1","Rupture+1","Flex"],"picked":"SKIP","floor":29},{"not_picked":["Armaments","Burning Pact"],"picked":"Bloodletting","floor":30},{"not_picked":["Exhume","Brutality+1"],"picked":"Berserk+1","floor":33},{"not_picked":[],"picked":"Inflame+1","floor":35},{"not_picked":["Rampage+1"],"picked":"SKIP","floor":38},{"not_picked":[],"picked":"Sword Boomerang+1","floor":40},{"not_picked":[],"picked":"Whirlwind+1","floor":42},{"not_picked":["Exhume+1"],"picked":"SKIP","floor":44},{"not_picked":["Warcry+1"],"picked":"SKIP","floor":45},{"not_picked":[],"picked":"Heavy Blade+1","floor":47},{"not_picked":[],"picked":"Armaments+1","floor":48},{"not_picked":[],"picked":"Heavy Blade+1","floor":54}],"player_experience":281191,"relics_obtained":[{"floor":7,"key":"Sundial"},{"floor":9,"key":"The Courier"},{"floor":10,"key":"InkBottle"},{"floor":23,"key":"Orichalcum"},{"floor":25,"key":"Frozen Egg 2"},{"floor":26,"key":"Pantograph"},{"floor":27,"key":"Pen Nib"},{"floor":30,"key":"CeramicFish"},{"floor":40,"key":"MealTicket"},{"floor":42,"key":"Oddly Smooth Stone"},{"floor":43,"key":"Toxic Egg 2"},{"floor":44,"key":"Bottled Flame"},{"floor":48,"key":"Ancient Tea Set"},{"floor":54,"key":"Shuriken"}],"event_choices":[{"damage_healed":0,"gold_gain":0,"player_choice":"Gave Potion","damage_taken":0,"relics_obtained":["Molten Egg 2"],"max_hp_gain":0,"max_hp_loss":0,"event_name":"WeMeetAgain","floor":5,"gold_loss":0},{"damage_healed":0,"gold_gain":0,"player_choice":"Ignored","damage_taken":0,"max_hp_gain":0,"max_hp_loss":0,"event_name":"Vampires","floor":31,"gold_loss":0},{"damage_healed":0,"gold_gain":0,"player_choice":"0 cards matched","damage_taken":0,"max_hp_gain":0,"max_hp_loss":0,"event_name":"Match and Keep!","floor":37,"gold_loss":0,"cards_obtained":[]},{"damage_healed":0,"gold_gain":0,"player_choice":"Ignored","damage_taken":0,"max_hp_gain":0,"max_hp_loss":0,"event_name":"SecretPortal","floor":39,"gold_loss":0}],"is_beta":false,"boss_relics":[{"not_picked":["SacredBark","Calling Bell"],"picked":"Runic Cube"},{"not_picked":["Sozu","Velvet Choker"],"picked":"Busted Crown"}],"items_purged_floors":[3,22],"is_endless":false,"potions_floor_spawned":[1,4,16,19,23,25,27,35,42,47,54],"killed_by":"The Heart","ascension_level":3}}