{"host":"u21q392b5xaj11fl","time":1613118761,"event":{"mods":["2.2 Compatiblity","Bard","BaseMod","Better Note","Colored Map","Colored Powertips","Conspire","Custom Start","Downfall","Faster Ascension Climbing","GifTheSpireLib","Gremlin Skip","Highlight Path","Hubris","Infinite Spire","Mad Scientist","Marisa????????","Mimic Mod","Minty Spire (QoL Compilation)","Monster B Gone","Permanent Neow","Potionbrewer","Quick Restart","READ ME - Guardian Mod","Relic Sorter","Replay The Spire","Shop Mod","Somnambulant","StSLib","Stuff the Spire","SuperFastMode","The Construct","The Disciple","The Servant 0.9.4"],"gold_per_floor":[115,129,129,23,23,23,72,89,89,89,133,203,203,294,294,431,431,474,526,17,92,92,190,190,190,240,240,342,342,442,537,537,665,665,732,732,400,505,581,581,600,632,632,717,786,836,618,751,751,773,773,773,55,114,114],"floor_reached":56,"language":"ENG","playtime":4186,"items_purged":["Strike_MRS","Strike_MRS","Strike_MRS"],"score":2129,"play_id":"39e772ca-d862-4e9d-adaa-7020a5c34827","local_time":"20210212023241","is_ascension_mode":true,"campfire_choices":[{"data":"Pot Of Greed","floor":6.0,"key":"SMITH"},{"data":"WitchOfGreed","floor":10.0,"key":"SMITH"},{"floor":13.0,"key":"REST"},{"data":"MilkyWay","floor":15.0,"key":"SMITH"},{"data":"conspire:Banana","floor":25.0,"key":"SMITH"},{"data":"Pot Of Greed","floor":27.0,"key":"SMITH"},{"floor":29.0,"key":"REST"},{"floor":32.0,"key":"REST"},{"floor":40.0,"key":"REST"},{"floor":46,"key":"REST"},{"floor":49,"key":"RECALL"},{"data":"OrrerysSun","floor":52,"key":"SMITH"}],"circlet_count":0,"master_deck":["AscendersBane","Strike_MRS","Defend_MRS","Defend_MRS","Defend_MRS","Defend_MRS","MasterSpark+1","UpSweep","MilkyWay+1","WitchOfGreed+1","DeepEcoloBomb","DeepEcoloBomb","GrandCross","Pot Of Greed+1","Pot Of Greed+1","Robbery","GalacticHalo","MilkyWay","MillisecondPulsars","Acceleration+1","ChargingUp+1","conspire:Banana+1","WitchOfGreed","Pot Of Greed","Replay:BasicMightCard+1","BinaryStars","AsteroidBelt+1","UnstableBomb","TreasureHunter","MagicChant","NonDirectionalLaser","OrrerysSun+1","Occultation+1","DarkMatter+1","SprinkleStarSeal","ManaConvection","Acceleration+1","PropBag","EnergyFlow","GasGiant+1","EventHorizon","Master of Strategy"],"relics":["MiniHakkero","hubris:Icosahedron","StuffTheSpire:CocoNut","Happy Flower","RampagingMagicTools","MerchantsRug","SimpleLauncher","potionbrewer:BhaskarasWheel","hexamod:BolsterEngine","Chemical X","StuffTheSpire:EmeraldSignet","Guardian:PocketSentry","Replay:Bottled Flurry","Durian","Thread and Needle","ReplayFunnel","ReplayTheSpireMod:Ninjato","Toy Ornithopter"],"acts_visited":["Exordium","TheCity","TheBeyond","TheEnding"],"potions_floor_usage":[42,45,48,54,55,55],"damage_taken":[{"damage":1.0,"enemies":"2 Louse","floor":1.0,"turns":3.0},{"damage":2.0,"enemies":"Jaw Worm","floor":2.0,"turns":3.0},{"damage":30.0,"enemies":"3 Sentries","floor":7.0,"turns":7.0},{"damage":0.0,"enemies":"Cultist","floor":8.0,"turns":2.0},{"damage":1.0,"enemies":"3 Louse","floor":11.0,"turns":3.0},{"damage":8.0,"enemies":"Gremlin Nob","floor":12.0,"turns":3.0},{"damage":16.0,"enemies":"Lagavulin","floor":14.0,"turns":6.0},{"damage":8.0,"enemies":"Slime Boss","floor":16.0,"turns":6.0},{"damage":0.0,"enemies":"Spheric Guardian","floor":18.0,"turns":2.0},{"damage":9.0,"enemies":"3 Byrds","floor":19.0,"turns":4.0},{"damage":19.0,"enemies":"Slavers","floor":23.0,"turns":5.0},{"damage":11.0,"enemies":"Book of Stabbing","floor":28.0,"turns":3.0},{"damage":0.0,"enemies":"Shelled Parasite and Fungi","floor":30.0,"turns":4.0},{"damage":21.0,"enemies":"Nightmare","floor":31.0,"turns":5.0},{"damage":41.0,"enemies":"Automaton","floor":33.0,"turns":9.0},{"damage":22.0,"enemies":"3 Shapes","floor":35.0,"turns":3.0},{"damage":7.0,"enemies":"3 Darklings","floor":38.0,"turns":4.0},{"damage":12.0,"enemies":"Spire Growth","floor":39.0,"turns":3.0},{"damage":21.0,"enemies":"Writhing Mass","floor":41.0,"turns":3.0},{"damage":0,"enemies":"Reptomancer","floor":42,"turns":3},{"damage":30,"enemies":"Nightmare","floor":44,"turns":12},{"damage":18,"enemies":"conspire:MimicChest","floor":45,"turns":5},{"damage":6,"enemies":"Reptomancer","floor":48,"turns":5},{"damage":23,"enemies":"Donu and Deca","floor":50,"turns":7},{"damage":40,"enemies":"Shield and Spear","floor":54,"turns":8},{"damage":37,"enemies":"The Heart","floor":55,"turns":6}],"seed_played":"5523014459108260026","potions_obtained":[{"floor":1.0,"key":"Swift Potion"},{"floor":7.0,"key":"FearPotion"},{"floor":7.0,"key":"Guardian:BlockOnCardUsePotion"},{"floor":11.0,"key":"potionbrewer:FreezingPotion"},{"floor":12.0,"key":"champ:CounterPotion"},{"floor":14.0,"key":"Elixir"},{"floor":16.0,"key":"Weak Potion"},{"floor":19.0,"key":"potionbrewer:CleansingPotion"},{"floor":23.0,"key":"DistilledChaos"},{"floor":23.0,"key":"FearPotion"},{"floor":23.0,"key":"PowerPotion"},{"floor":28.0,"key":"Fire Potion"},{"floor":28.0,"key":"LifebloodPotion"},{"floor":30.0,"key":"BlessingOfTheForge"},{"floor":31.0,"key":"AttackPotion"},{"floor":33.0,"key":"potionbrewer:ToxicPotion"},{"floor":35.0,"key":"EntropicBrew"},{"floor":38.0,"key":"Strength Potion"},{"floor":41.0,"key":"potionbrewer:DiscountPotion"},{"floor":44,"key":"hexamod:SoulburnPotion"},{"floor":45,"key":"Adrenaline Potion"},{"floor":48,"key":"Strength Potion"},{"floor":54,"key":"potionbrewer:ToxicPotion"}],"is_trial":false,"path_per_floor":["M","M","?","$","?","R","E","M","T","R","M","E","R","E","R","B",null,"M","M","$","?","?","E","?","R","T","R","E","R","M","NM","R","B",null,"M","?","$","M","M","R","M","E","T","NM","?","R","$","E","R","B",null,"R","$","E","B",null],"character_chosen":"MARISA","items_purchased":["DeepEcoloBomb","GrandCross","MerchantsRug","conspire:Banana","SimpleLauncher","WitchOfGreed","hexamod:BolsterEngine","Chemical X","NonDirectionalLaser","PropBag","Durian","EnergyFlow","EventHorizon","ReplayFunnel","Master of Strategy","ReplayTheSpireMod:Ninjato"],"campfire_rested":5,"item_purchase_floors":[4,4,20,20,20,20,37,37,37,47,47,47,53,53,53,53],"current_hp_per_floor":[62,60,60,60,60,60,47,47,47,47,46,38,61,45,45,37,67,67,58,58,51,51,33,33,33,33,33,24,48,50,31,56,17,69,49,49,49,44,34,60,41,43,43,18,7,37,45,43,43,22,91,91,91,55,32],"gold":114,"neow_bonus":"UPGRADE_CARD","is_daily":false,"chose_seed":false,"campfire_upgraded":6,"win_rate":0.0,"timestamp":1613118761,"path_taken":["M","M","?","$","?","R","E","M","T","R","?","E","R","E","R","BOSS","M","M","$","?","?","E","?","R","T","R","E","R","M","NM","R","BOSS","M","?","$","M","M","R","M","E","T","NM","?","R","$","E","R","BOSS","R","$","E","BOSS"],"items_purchased_type":["Card","Card","Relic","Card","Relic","Card","Relic","Relic","Card","Card","Relic","Card","Card","Relic","Card","Relic"],"build_version":"2020-12-22","purchased_purges":3,"victory":true,"max_hp_per_floor":[70,70,70,70,70,70,77,77,77,77,77,77,77,77,77,77,77,77,77,77,77,77,78,78,78,78,78,80,80,82,84,84,86,86,88,84,84,86,88,88,90,92,92,97,102,102,110,112,112,114,114,114,114,116,118],"card_choices":[{"not_picked":["EarthLightRay","AsteroidBelt"],"picked":"MilkyWay","floor":1.0},{"not_picked":["SporeBomb","WitchLeyline"],"picked":"WitchOfGreed","floor":2.0},{"not_picked":["FairyDestructionRay","MysteriousBeam","WitchOfGreed"],"picked":"SKIP","floor":7.0},{"not_picked":["LuminesStrike","MilkyWay"],"picked":"Robbery","floor":8.0},{"not_picked":["DC","DragonMeteor","RefractionSpark"],"picked":"SKIP","floor":11.0},{"not_picked":["DC","DragonMeteor","RefractionSpark"],"picked":"SKIP","floor":11.0},{"not_picked":["Acceleration","MeteoricShower"],"picked":"GalacticHalo","floor":12.0},{"not_picked":["DC","OpenUniverse"],"picked":"MilkyWay","floor":14.0},{"not_picked":["StarDustReverie","UltimateShortwave"],"picked":"MillisecondPulsars","floor":16.0},{"not_picked":["EnergyRecoil","MeteoricShower"],"picked":"Acceleration+1","floor":18.0},{"not_picked":["DeepEcoloBomb","UnstableBomb"],"picked":"ChargingUp+1","floor":19.0},{"not_picked":["WitchLeyline+1","ManaConvection"],"picked":"BinaryStars","floor":23.0},{"not_picked":["WitchLeyline","TreasureHunter"],"picked":"AsteroidBelt+1","floor":28.0},{"not_picked":["RefractionSpark","DoubleSpark","DC","AlicesGift"],"picked":"SKIP","floor":30.0},{"not_picked":["ShootTheMoon","Orbital","WitchOfGreed"],"picked":"UnstableBomb","floor":31.0},{"not_picked":["StarDustReverie","BinaryStars","MillisecondPulsars"],"picked":"TreasureHunter","floor":33.0},{"not_picked":["DoubleSpark","PowerUp","UnstableBomb+1"],"picked":"MagicChant","floor":35.0},{"not_picked":["PowerUp","WitchOfGreed+1","PulseMagic+1"],"picked":"OrrerysSun","floor":38.0},{"not_picked":["MagicChant","SuperPerseids","LuminesStrike"],"picked":"Occultation+1","floor":39.0},{"not_picked":["GravityBeat+1","SuperPerseids","PowerUp+1"],"picked":"DarkMatter+1","floor":41.0},{"not_picked":["BlazeAway","MilkyWay","LuminesStrike"],"picked":"SprinkleStarSeal","floor":42},{"not_picked":["MachineGunSpark","GravityBeat","LuminesStrike"],"picked":"ManaConvection","floor":44},{"not_picked":["PowerUp","PropBag","LuminesStrike"],"picked":"Acceleration+1","floor":45},{"not_picked":["Orbital","PulseMagic","BigCrunch"],"picked":"GasGiant+1","floor":48},{"not_picked":["SuperPerseids","StarBarrage+1","ShootTheMoon"],"picked":"SKIP","floor":54}],"player_experience":254104,"relics_obtained":[{"floor":5.0,"key":"Grinning Jar"},{"floor":7.0,"key":"StuffTheSpire:CocoNut"},{"floor":9.0,"key":"Orichalcum"},{"floor":12.0,"key":"Happy Flower"},{"floor":14.0,"key":"Boot"},{"floor":23.0,"key":"Replay:Bottled Snecko"},{"floor":28.0,"key":"Question Card"},{"floor":31.0,"key":"hubris:MobiusCoin"},{"floor":42,"key":"StuffTheSpire:EmeraldSignet"},{"floor":42,"key":"Guardian:PocketSentry"},{"floor":43,"key":"Replay:Ringing Soul"},{"floor":44,"key":"Replay:Bottled Flurry"},{"floor":45,"key":"hubris:64BitClover"},{"floor":48,"key":"Thread and Needle"},{"floor":54,"key":"Toy Ornithopter"}],"event_choices":[{"damage_healed":0.0,"max_hp_gain":0.0,"max_hp_loss":0.0,"gold_gain":0.0,"event_name":"Wheel of Change","player_choice":"Relic","floor":5.0,"gold_loss":0.0,"damage_taken":0.0},{"damage_healed":0.0,"max_hp_gain":0.0,"max_hp_loss":0.0,"gold_gain":75.0,"event_name":"FaceTrader","player_choice":"Touch","floor":21.0,"gold_loss":0.0,"damage_taken":7.0},{"cards_removed":["WitchOfGreed"],"damage_healed":0.0,"max_hp_gain":0.0,"max_hp_loss":0.0,"gold_gain":0.0,"event_name":"betterNote:BetterNote","player_choice":"Take \u0026 Give","floor":22.0,"gold_loss":0.0,"damage_taken":0.0,"cards_obtained":["Replay:BasicMightCard"]},{"damage_healed":0.0,"max_hp_gain":0.0,"max_hp_loss":0.0,"gold_gain":0.0,"event_name":"The Mausoleum","player_choice":"Ignored","floor":24.0,"gold_loss":0.0,"damage_taken":0.0},{"damage_healed":0.0,"max_hp_gain":0.0,"max_hp_loss":4.0,"gold_gain":0.0,"event_name":"Winding Halls","player_choice":"Max HP","floor":36.0,"gold_loss":0.0,"damage_taken":0.0}],"is_beta":false,"boss_relics":[{"not_picked":["StuffTheSpire:Kangaroo","Philosopher\u0027s Stone"],"picked":"RampagingMagicTools"},{"not_picked":["hubris:HollowSoul","hubris:GrandSneckoEye"],"picked":"potionbrewer:BhaskarasWheel"}],"items_purged_floors":[37,47,53],"is_endless":false,"potions_floor_spawned":[1,7,12,16,23,28,31,35,41,45,48],"ascension_level":14}}