{"host":"50qwps766cbz6ukm","time":1613131626,"event":{"mods":["BaseMod","Colored Map","Colored Powertips","DeckTracker","Highlight Path","Minty Spire (QoL Compilation)","Quick Restart","Remove Card Discount Mod","StSLib","SuperFastMode","Synergy Search"],"gold_per_floor":[109,129,68,68,91,122,122,142,142,142,158,212,228,228,228,349,349,365,385,401,82,82,82,123,136,184,203,203,203,203,216,216,216,216],"floor_reached":33,"language":"ENG","playtime":1398,"items_purged":["Strike_P","Strike_P","Strike_P","Strike_P","Defend_P","Defend_P","Defend_P","Defend_P"],"score":377,"play_id":"f405c3ee-d79b-45d1-8bfb-d9d9d3b2b64a","local_time":"20210212140706","is_ascension_mode":true,"campfire_choices":[{"data":"Eruption","floor":7,"key":"SMITH"},{"floor":10,"key":"REST"},{"floor":15,"key":"REST"},{"data":"Adaptation","floor":23,"key":"SMITH"},{"floor":28,"key":"REST"},{"floor":32,"key":"REST"}],"circlet_count":0,"master_deck":["Eruption+1","Vigilance+1","CarveReality","Adaptation+1","FlurryOfBlows+1","FollowUp+1","LessonLearned","Consecrate+1","MentalFortress+1","Adaptation+1"],"relics":["PureWater","NeowsBlessing","Golden Idol","Smiling Mask","MealTicket","Bronze Scales","SlaversCollar","Mummified Hand","Kunai","Nunchaku"],"acts_visited":["Exordium","TheCity"],"potions_floor_usage":[16,16,16],"damage_taken":[{"damage":0,"enemies":"2 Louse","floor":1,"turns":1},{"damage":0,"enemies":"Jaw Worm","floor":2,"turns":1},{"damage":0,"enemies":"Small Slimes","floor":5,"turns":1},{"damage":24,"enemies":"Lagavulin","floor":6,"turns":6},{"damage":5,"enemies":"3 Louse","floor":8,"turns":3},{"damage":3,"enemies":"Looter","floor":11,"turns":2},{"damage":0,"enemies":"Large Slime","floor":13,"turns":2},{"damage":10,"enemies":"Hexaghost","floor":16,"turns":4},{"damage":7,"enemies":"Chosen","floor":18,"turns":3},{"damage":3,"enemies":"3 Byrds","floor":19,"turns":3},{"damage":0,"enemies":"3 Cultists","floor":20,"turns":3},{"damage":18,"enemies":"Gremlin Leader","floor":24,"turns":3},{"damage":11,"enemies":"Sentry and Sphere","floor":25,"turns":3},{"damage":14,"enemies":"Centurion and Healer","floor":27,"turns":2},{"damage":19,"enemies":"Shelled Parasite and Fungi","floor":31,"turns":3},{"damage":56,"enemies":"Champ","floor":33,"turns":6}],"seed_played":"2027773701925674179","potions_obtained":[{"floor":1,"key":"Strength Potion"},{"floor":5,"key":"Strength Potion"},{"floor":6,"key":"Weak Potion"},{"floor":18,"key":"SpeedPotion"},{"floor":27,"key":"BottledMiracle"}],"is_trial":false,"path_per_floor":["M","M","$","?","M","E","R","M","T","R","M","T","M","?","R","B",null,"M","M","M","$","?","R","E","M","T","M","R","?","?","M","R","B"],"character_chosen":"WATCHER","items_purchased":["FlurryOfBlows","Mummified Hand","MentalFortress"],"campfire_rested":4,"item_purchase_floors":[3,21,21],"current_hp_per_floor":[65,65,65,47,47,23,23,18,18,39,36,36,36,36,57,47,66,59,56,56,71,71,71,53,42,42,28,49,49,49,30,51,0,0],"gold":216,"neow_bonus":"THREE_ENEMY_KILL","is_daily":false,"chose_seed":false,"campfire_upgraded":2,"win_rate":0.0,"timestamp":1613131626,"path_taken":["M","M","$","?","M","E","R","M","T","R","M","?","M","?","R","BOSS","M","M","M","$","?","R","E","M","T","M","R","?","?","M","R","BOSS"],"items_purchased_type":["Card","Relic","Card"],"build_version":"2020-12-22","purchased_purges":8,"victory":false,"max_hp_per_floor":[72,72,72,72,72,72,72,72,72,72,72,72,72,72,72,72,72,72,72,72,72,72,72,72,72,72,72,72,72,72,72,72,72,72],"card_choices":[{"not_picked":["Halt","ClearTheMind"],"picked":"CarveReality","floor":1},{"not_picked":["DeceiveReality","Meditate"],"picked":"Adaptation","floor":2},{"not_picked":["Pray","ClearTheMind","EmptyBody"],"picked":"SKIP","floor":5},{"not_picked":["CutThroughFate","SignatureMove","Halt"],"picked":"SKIP","floor":6},{"not_picked":["Crescendo","EmptyFist","BowlingBash"],"picked":"SKIP","floor":8},{"not_picked":["ThirdEye","WheelKick"],"picked":"FollowUp","floor":11},{"not_picked":["Protect","Perseverance","PathToVictory"],"picked":"SKIP","floor":13},{"not_picked":["Establishment","Judgement"],"picked":"LessonLearned","floor":16},{"not_picked":["EmptyBody+1","BowlingBash","Weave"],"picked":"SKIP","floor":18},{"not_picked":["InnerPeace","CrushJoints+1"],"picked":"Consecrate+1","floor":19},{"not_picked":["Crescendo+1","WaveOfTheHand","Halt"],"picked":"SKIP","floor":20},{"not_picked":["Evaluate","CarveReality","Consecrate"],"picked":"SKIP","floor":24},{"not_picked":["EmptyBody","Sanctity"],"picked":"Adaptation+1","floor":25},{"not_picked":["FearNoEvil","SignatureMove","Halt"],"picked":"SKIP","floor":27},{"not_picked":["Judgement","Protect","ClearTheMind"],"picked":"SKIP","floor":31}],"player_experience":590307,"relics_obtained":[{"floor":6,"key":"Smiling Mask"},{"floor":9,"key":"MealTicket"},{"floor":12,"key":"Bronze Scales"},{"floor":24,"key":"Kunai"},{"floor":26,"key":"Nunchaku"}],"event_choices":[{"damage_healed":0,"gold_gain":0,"player_choice":"Take Damage","damage_taken":18,"relics_obtained":["Golden Idol"],"max_hp_gain":0,"max_hp_loss":0,"event_name":"Golden Idol","floor":4,"gold_loss":0},{"damage_healed":0,"gold_gain":0,"player_choice":"Ignored","damage_taken":0,"max_hp_gain":0,"max_hp_loss":0,"event_name":"Golden Wing","floor":14,"gold_loss":0},{"damage_healed":0,"gold_gain":0,"player_choice":"Ignored","damage_taken":0,"max_hp_gain":0,"max_hp_loss":0,"event_name":"Ghosts","floor":22,"gold_loss":0},{"damage_healed":0,"gold_gain":0,"player_choice":"Ignored","damage_taken":0,"max_hp_gain":0,"max_hp_loss":0,"event_name":"Vampires","floor":29,"gold_loss":0},{"damage_healed":0,"gold_gain":0,"player_choice":"Ignored","damage_taken":0,"max_hp_gain":0,"max_hp_loss":0,"event_name":"Transmorgrifier","floor":30,"gold_loss":0}],"is_beta":false,"boss_relics":[{"not_picked":["Busted Crown","Ectoplasm"],"picked":"SlaversCollar"}],"items_purged_floors":[3,3,3,3,3,3,3,21],"is_endless":false,"potions_floor_spawned":[1,5,6,18,27],"killed_by":"Champ","ascension_level":8}}