{"host":"8ztb9kwpjc2zof9s","time":1613111623,"event":{"mods":["BaseMod","Block Reminder","Curses Come First","Minty Spire (QoL Compilation)","Relic Stats","StSLib"],"gold_per_floor":[117,135,310,385,402,402,437,437,437,465,483,495,509,110,110,205,205,221,37,37,49,67,67,80,80,107,32,44,79,79,89,89,190,190,207,257,257,257,13,38,53,53,53,53,64,64,81,93,93,93,93],"floor_reached":50,"language":"ENG","playtime":2052,"items_purged":["Doubt","Flying Knee","Poisoned Stab"],"score":806,"play_id":"d38c3d86-dae6-434c-9f57-884004e52cb1","local_time":"20210211223343","is_ascension_mode":true,"campfire_choices":[{"data":"Neutralize","floor":6,"key":"SMITH"},{"floor":8,"key":"REST"},{"floor":15,"key":"REST"},{"data":"Bouncing Flask","floor":23,"key":"SMITH"},{"floor":30,"key":"REST"},{"floor":32,"key":"REST"},{"floor":44,"key":"DIG"},{"floor":46,"key":"REST"},{"floor":49,"key":"REST"}],"circlet_count":0,"master_deck":["AscendersBane","Survivor","Neutralize+1","Blade Dance","Accuracy","Prepared","PiercingWail","Adrenaline","Tactician+1","Terror","Reflex+1","Cloak And Dagger","Prepared","Storm of Steel","Reflex","Footwork","Tools of the Trade","Tools of the Trade","Eviscerate","All Out Attack","Accuracy","Blade Dance","Backflip","Blade Dance","Cloak And Dagger","PiercingWail","Backflip","Backflip+1","Footwork","Cloak And Dagger","Backflip","Adrenaline"],"relics":["Ring of the Snake","Vajra","Mercury Hourglass","StrikeDummy","Omamori","Shuriken","Pandora\u0027s Box","MutagenicStrength","War Paint","Kunai","HoveringKite","Shovel","Sundial","The Courier","Bronze Scales"],"acts_visited":["Exordium","TheCity","TheBeyond"],"potions_floor_usage":[7,22,28,29,31,45,47,50,50],"damage_taken":[{"damage":1,"enemies":"2 Louse","floor":1,"turns":3},{"damage":0,"enemies":"Small Slimes","floor":2,"turns":3},{"damage":0,"enemies":"Cultist","floor":5,"turns":3},{"damage":31,"enemies":"Gremlin Nob","floor":7,"turns":5},{"damage":19,"enemies":"Lagavulin","floor":10,"turns":6},{"damage":0,"enemies":"Gremlin Gang","floor":11,"turns":4},{"damage":0,"enemies":"Blue Slaver","floor":12,"turns":4},{"damage":0,"enemies":"3 Louse","floor":13,"turns":2},{"damage":10,"enemies":"Hexaghost","floor":16,"turns":8},{"damage":11,"enemies":"Spheric Guardian","floor":18,"turns":3},{"damage":8,"enemies":"Chosen","floor":21,"turns":3},{"damage":4,"enemies":"3 Cultists","floor":22,"turns":3},{"damage":17,"enemies":"Centurion and Healer","floor":24,"turns":4},{"damage":18,"enemies":"Shelled Parasite and Fungi","floor":28,"turns":3},{"damage":22,"enemies":"Gremlin Leader","floor":29,"turns":4},{"damage":13,"enemies":"Snake Plant","floor":31,"turns":4},{"damage":76,"enemies":"Automaton","floor":33,"turns":7},{"damage":19,"enemies":"Orb Walker","floor":35,"turns":3},{"damage":0,"enemies":"Mind Bloom Boss Battle","floor":36,"turns":4},{"damage":13,"enemies":"Giant Head","floor":40,"turns":5},{"damage":9,"enemies":"3 Shapes","floor":41,"turns":4},{"damage":48,"enemies":"Sphere and 2 Shapes","floor":45,"turns":4},{"damage":21,"enemies":"Transient","floor":47,"turns":5},{"damage":0,"enemies":"Jaw Worm Horde","floor":48,"turns":3},{"damage":30,"enemies":"Time Eater","floor":50,"turns":3}],"seed_played":"-1226812525801062744","potions_obtained":[{"floor":1,"key":"Weak Potion"},{"floor":7,"key":"DuplicationPotion"},{"floor":12,"key":"Energy Potion"},{"floor":22,"key":"FairyPotion"},{"floor":28,"key":"SneckoOil"},{"floor":29,"key":"Poison Potion"},{"floor":33,"key":"Dexterity Potion"},{"floor":41,"key":"EssenceOfSteel"},{"floor":45,"key":"PowerPotion"},{"floor":48,"key":"Swift Potion"}],"is_trial":false,"path_per_floor":["M","M","?","?","M","R","E","R","T","E","M","M","M","$","R","B",null,"M","$","?","M","M","R","M","?","T","?","M","E","R","M","R","B",null,"M","?","?","?","$","E","M","?","T","R","M","R","M","M","R","B"],"character_chosen":"THE_SILENT","items_purchased":["Shuriken","Cloak And Dagger","Prepared","Accuracy","Blade Dance","Footwork","Cloak And Dagger"],"campfire_rested":6,"item_purchase_floors":[14,14,14,19,19,39,39],"current_hp_per_floor":[62,62,62,55,55,55,24,45,45,26,26,26,26,26,47,37,62,51,51,51,43,39,39,22,45,45,45,27,5,26,13,34,21,58,39,39,39,39,39,26,17,61,61,61,13,31,10,10,28,0,0],"gold":93,"neow_bonus":"RANDOM_COMMON_RELIC","is_daily":false,"chose_seed":false,"campfire_upgraded":2,"win_rate":0.0,"timestamp":1613111623,"path_taken":["M","M","?","?","M","R","E","R","T","E","M","?","?","$","R","BOSS","M","$","?","M","M","R","M","?","T","?","M","E","R","M","R","BOSS","M","?","?","?","?","E","?","?","T","R","M","R","M","M","R","BOSS"],"items_purchased_type":["Relic","Card","Card","Card","Card","Card","Card"],"build_version":"2020-12-22","purchased_purges":3,"victory":false,"max_hp_per_floor":[70,70,70,70,70,70,70,70,70,70,70,70,70,70,70,70,70,70,70,70,70,70,70,70,70,70,70,70,70,70,70,70,70,70,70,70,70,70,70,70,70,61,61,61,61,61,61,61,61,61,61],"relic_stats":{"Shovel":1,"counters":[25,98],"Shuriken":[46],"Sundial":[2],"Bronze Scales":[54],"HoveringKite":[22],"Pandora\u0027s Box":["Reflex","Footwork","Flying Knee","Poisoned Stab","Tools of the Trade","Tools of the Trade","Flechettes","Bouncing Flask","Eviscerate","All Out Attack"],"Kunai":[27],"War Paint":["Reflex","Tactician"],"obtain_stats":[{"Vajra":0,"HoveringKite":34,"The Courier":43,"Omamori":10,"War Paint":26,"Mercury Hourglass":7,"Shovel":36,"Shuriken":14,"Sundial":40,"MutagenicStrength":20,"Bronze Scales":44,"Pandora\u0027s Box":17,"Kunai":29,"StrikeDummy":9,"Ring of the Snake":0},{"Vajra":0,"HoveringKite":17,"The Courier":21,"Omamori":5,"War Paint":13,"Mercury Hourglass":4,"Shovel":19,"Shuriken":8,"Sundial":20,"MutagenicStrength":10,"Bronze Scales":21,"Pandora\u0027s Box":9,"Kunai":15,"StrikeDummy":4,"Ring of the Snake":0},{"Vajra":0,"HoveringKite":67,"The Courier":83,"Omamori":20,"War Paint":49,"Mercury Hourglass":14,"Shovel":74,"Shuriken":30,"Sundial":79,"MutagenicStrength":40,"Bronze Scales":83,"Pandora\u0027s Box":37,"Kunai":56,"StrikeDummy":14,"Ring of the Snake":0}],"Ring of the Snake":[50],"Mercury Hourglass":[321]},"card_choices":[{"not_picked":["Infinite Blades","Riddle With Holes"],"picked":"Blade Dance","floor":1},{"not_picked":["Infinite Blades","Cloak And Dagger"],"picked":"Accuracy","floor":2},{"not_picked":["Crippling Poison","Dagger Throw"],"picked":"Prepared","floor":5},{"not_picked":["Acrobatics","Predator"],"picked":"PiercingWail","floor":7},{"not_picked":["Masterful Stab","Deflect"],"picked":"Adrenaline","floor":10},{"not_picked":["Crippling Poison","Quick Slash"],"picked":"Tactician","floor":11},{"not_picked":["Deadly Poison","Acrobatics"],"picked":"Terror","floor":12},{"not_picked":["Deflect","Dagger Throw"],"picked":"Reflex","floor":13},{"not_picked":["Malaise","Burst"],"picked":"Storm of Steel","floor":16},{"not_picked":["Bane+1","Prepared","Quick Slash+1"],"picked":"SKIP","floor":18},{"not_picked":["Outmaneuver","Well Laid Plans","Flying Knee+1"],"picked":"SKIP","floor":21},{"not_picked":["Poisoned Stab","Distraction"],"picked":"Backflip","floor":22},{"not_picked":["Catalyst","Poisoned Stab"],"picked":"Blade Dance","floor":24},{"not_picked":["Crippling Poison","Skewer"],"picked":"Cloak And Dagger","floor":28},{"not_picked":["Setup","Dagger Spray"],"picked":"PiercingWail","floor":29},{"not_picked":["Deadly Poison","Outmaneuver"],"picked":"Backflip","floor":31},{"not_picked":["Acrobatics","Outmaneuver"],"picked":"Backflip+1","floor":35},{"not_picked":["Deflect+1","Acrobatics+1","Choke"],"picked":"SKIP","floor":40},{"not_picked":["Deflect+1","Concentrate+1"],"picked":"Backflip","floor":41},{"not_picked":["Heel Hook+1","Bane","Predator+1"],"picked":"SKIP","floor":45},{"not_picked":["Distraction+1","Catalyst+1","Concentrate"],"picked":"SKIP","floor":47},{"not_picked":["Outmaneuver+1","Masterful Stab"],"picked":"Adrenaline","floor":48}],"player_experience":293480,"relics_obtained":[{"floor":7,"key":"Mercury Hourglass"},{"floor":9,"key":"StrikeDummy"},{"floor":10,"key":"Omamori"},{"floor":26,"key":"War Paint"},{"floor":29,"key":"Kunai"},{"floor":36,"key":"Shovel"},{"floor":40,"key":"Sundial"},{"floor":43,"key":"The Courier"},{"floor":44,"key":"Bronze Scales"}],"event_choices":[{"damage_healed":0,"gold_gain":175,"player_choice":"AGREE","damage_taken":0,"max_hp_gain":0,"max_hp_loss":0,"event_name":"Liars Game","floor":3,"gold_loss":0,"cards_obtained":["Doubt"]},{"damage_healed":0,"gold_gain":75,"player_choice":"Touch","damage_taken":7,"max_hp_gain":0,"max_hp_loss":0,"event_name":"FaceTrader","floor":4,"gold_loss":0},{"damage_healed":0,"gold_gain":0,"player_choice":"Inject Mutagens","damage_taken":0,"relics_obtained":["MutagenicStrength"],"max_hp_gain":0,"max_hp_loss":0,"event_name":"Drug Dealer","floor":20,"gold_loss":0},{"damage_healed":23,"gold_gain":0,"player_choice":"Heal","damage_taken":0,"max_hp_gain":0,"max_hp_loss":0,"event_name":"The Library","floor":25,"gold_loss":0},{"cards_removed":["Bouncing Flask"],"damage_healed":0,"gold_gain":0,"player_choice":"Gave Gold","damage_taken":0,"max_hp_gain":0,"max_hp_loss":0,"event_name":"Beggar","floor":27,"gold_loss":75},{"damage_healed":0,"gold_gain":0,"player_choice":"Fight","damage_taken":0,"max_hp_gain":0,"max_hp_loss":0,"event_name":"MindBloom","floor":36,"gold_loss":0},{"cards_removed":["Flechettes"],"damage_healed":0,"gold_gain":0,"player_choice":"Removed Attack","damage_taken":0,"max_hp_gain":0,"max_hp_loss":0,"event_name":"Falling","floor":37,"gold_loss":0},{"damage_healed":0,"gold_gain":0,"player_choice":"Memory 1","damage_taken":0,"max_hp_gain":0,"max_hp_loss":0,"event_name":"SensoryStone","floor":38,"gold_loss":0},{"damage_healed":61,"gold_gain":0,"player_choice":"Heal","damage_taken":0,"max_hp_gain":0,"max_hp_loss":9,"event_name":"The Moai Head","floor":42,"gold_loss":0}],"is_beta":false,"boss_relics":[{"not_picked":["Busted Crown","Fusion Hammer"],"picked":"Pandora\u0027s Box"},{"not_picked":["Snecko Eye","Calling Bell"],"picked":"HoveringKite"}],"items_purged_floors":[14,19,39],"is_endless":false,"potions_floor_spawned":[1,7,12,13,22,24,28,29,33,41,45,48],"killed_by":"Time Eater","ascension_level":11}}