{"host":"vl29iwkwnyytuw8q","time":1613142954,"event":{"mods":["BaseMod","Minty Spire (QoL Compilation)","Permanent Neow","Relic Stats","StSLib"],"gold_per_floor":[111,125,145,145,120,120,120,120,120],"floor_reached":8,"language":"ENG","playtime":283,"items_purged":[],"score":96,"play_id":"179630d1-1110-4086-aa7e-5896f72a1745","local_time":"20210212161554","is_ascension_mode":true,"campfire_choices":[{"data":"Apotheosis","floor":6,"key":"SMITH"}],"circlet_count":0,"master_deck":["AscendersBane","Strike_G","Strike_G","Strike_G","Strike_G","Strike_G","Defend_G","Defend_G","Defend_G","Defend_G","Defend_G","Survivor","Neutralize","Apotheosis+1","Deflect","Prepared","Blade Dance","Outmaneuver"],"relics":["Ring of the Snake","Golden Idol","Singing Bowl"],"acts_visited":["Exordium"],"potions_floor_usage":[8],"damage_taken":[{"damage":0,"enemies":"2 Louse","floor":1,"turns":5},{"damage":4,"enemies":"Jaw Worm","floor":2,"turns":5},{"damage":6,"enemies":"Small Slimes","floor":3,"turns":4},{"damage":5,"enemies":"Exordium Thugs","floor":5,"turns":6},{"damage":32,"enemies":"Gremlin Nob","floor":8,"turns":3}],"seed_played":"7396669456949546412","potions_obtained":[{"floor":1,"key":"Swift Potion"}],"is_trial":false,"path_per_floor":["M","M","M","?","M","R","?","E"],"character_chosen":"THE_SILENT","items_purchased":[],"campfire_rested":0,"item_purchase_floors":[],"current_hp_per_floor":[59,55,49,49,44,44,26,0,0],"gold":120,"neow_bonus":"RANDOM_COLORLESS_2","is_daily":false,"chose_seed":false,"campfire_upgraded":1,"win_rate":0.0,"timestamp":1613142954,"path_taken":["M","M","M","?","M","R","?","E"],"items_purchased_type":[],"build_version":"2020-12-22","purchased_purges":0,"victory":false,"max_hp_per_floor":[60,60,60,54,54,54,54,54,54],"relic_stats":{"Singing Bowl":0,"counters":[5,23],"Golden Idol":3,"obtain_stats":[{"Singing Bowl":7,"Golden Idol":4,"Ring of the Snake":0},{"Singing Bowl":4,"Golden Idol":3,"Ring of the Snake":0},{"Singing Bowl":20,"Golden Idol":14,"Ring of the Snake":0}],"Ring of the Snake":[10]},"card_choices":[{"not_picked":["Master of Strategy","The Bomb"],"picked":"Apotheosis","floor":0},{"not_picked":["Endless Agony","Dodge and Roll"],"picked":"Deflect","floor":1},{"not_picked":["Concentrate","All Out Attack"],"picked":"Prepared","floor":2},{"not_picked":["Predator","Reflex"],"picked":"Blade Dance","floor":3},{"not_picked":["Choke","Eviscerate"],"picked":"Outmaneuver","floor":5}],"player_experience":681551,"relics_obtained":[],"event_choices":[{"damage_healed":0,"gold_gain":0,"player_choice":"Lose Max HP","damage_taken":0,"relics_obtained":["Golden Idol"],"max_hp_gain":0,"max_hp_loss":6,"event_name":"Golden Idol","floor":4,"gold_loss":0},{"damage_healed":0,"gold_gain":0,"player_choice":"Success","damage_taken":18,"relics_obtained":["Singing Bowl"],"max_hp_gain":0,"max_hp_loss":0,"event_name":"Scrap Ooze","floor":7,"gold_loss":0}],"is_beta":false,"boss_relics":[],"items_purged_floors":[],"is_endless":false,"potions_floor_spawned":[1],"killed_by":"Gremlin Nob","ascension_level":20}}