{"host":"r3islh0l1a1ykxfu","time":1613165498,"event":{"mods":["BaseMod","Bestiary","Colored Map","Colored Powertips","Highlight Path","Minty Spire (QoL Compilation)","Relic Stats","Slay-I"],"gold_per_floor":[116,134,59,75,95,124,124,152,152,166,166,166,177,203,203,300,300,310,225,225,235,88,107,107,121,121,121,141,141,173,202,202,202,202],"floor_reached":33,"language":"ENG","playtime":6374,"items_purged":["Defend_R"],"score":418,"play_id":"93ab579b-7bac-452e-9999-5fc1c5512b24","local_time":"20210212153138","is_ascension_mode":true,"campfire_choices":[{"floor":7.0,"key":"REST"},{"floor":11.0,"key":"REST"},{"data":"Perfected Strike","floor":15.0,"key":"SMITH"},{"data":"Brutality","floor":24.0,"key":"SMITH"},{"data":"Perfected Strike","floor":27.0,"key":"SMITH"},{"data":"Perfected Strike","floor":32,"key":"SMITH"}],"circlet_count":0,"master_deck":["Strike_R","Strike_R","Strike_R","Strike_R","Strike_R","Defend_R+1","Bash","Feed","Iron Wave","Metallicize","Iron Wave","Shrug It Off+1","Cleave","Twin Strike","Immolate","Bash","Perfected Strike+1","Brutality+1","Pommel Strike","Metallicize","Shockwave+1","Shrug It Off+1","Iron Wave+1","Perfected Strike+1","Rage+1","Perfected Strike+1"],"relics":["Burning Blood","Blood Vial","Vajra","Akabeko","Meat on the Bone","Snecko Eye","Toxic Egg 2","War Paint","WingedGreaves","Thread and Needle","Smiling Mask"],"acts_visited":["Exordium","TheCity"],"potions_floor_usage":[33,33],"damage_taken":[{"damage":6.0,"enemies":"Jaw Worm","floor":1.0,"turns":5.0},{"damage":1.0,"enemies":"Cultist","floor":2.0,"turns":3.0},{"damage":3.0,"enemies":"2 Louse","floor":4.0,"turns":4.0},{"damage":8.0,"enemies":"Exordium Wildlife","floor":5.0,"turns":4.0},{"damage":62.0,"enemies":"Lagavulin","floor":6.0,"turns":13.0},{"damage":20.0,"enemies":"3 Sentries","floor":8.0,"turns":8.0},{"damage":0.0,"enemies":"2 Fungi Beasts","floor":10.0,"turns":2.0},{"damage":0.0,"enemies":"Gremlin Gang","floor":13.0,"turns":3.0},{"damage":16.0,"enemies":"Gremlin Nob","floor":14.0,"turns":3.0},{"damage":45.0,"enemies":"The Guardian","floor":16.0,"turns":14.0},{"damage":7.0,"enemies":"Shell Parasite","floor":18.0,"turns":2.0},{"damage":0.0,"enemies":"Spheric Guardian","floor":21.0,"turns":2.0},{"damage":22.0,"enemies":"Snake Plant","floor":23.0,"turns":3.0},{"damage":12.0,"enemies":"Centurion and Healer","floor":25.0,"turns":4.0},{"damage":4.0,"enemies":"Shelled Parasite and Fungi","floor":28.0,"turns":3.0},{"damage":10,"enemies":"Gremlin Leader","floor":30,"turns":4},{"damage":3,"enemies":"Slavers","floor":31,"turns":4},{"damage":112,"enemies":"Collector","floor":33,"turns":8}],"seed_played":"-7514616490175919924","potions_obtained":[{"floor":1.0,"key":"Explosive Potion"},{"floor":10.0,"key":"DistilledChaos"},{"floor":14.0,"key":"GamblersBrew"},{"floor":16.0,"key":"ColorlessPotion"},{"floor":21.0,"key":"Explosive Potion"},{"floor":23.0,"key":"Fruit Juice"},{"floor":25.0,"key":"GamblersBrew"}],"is_trial":false,"path_per_floor":["M","M","$","M","M","E","R","E","T","M","R","?","M","E","R","B",null,"M","?","?","M","$","M","R","M","T","R","M","?","E","E","R","B"],"character_chosen":"IRONCLAD","items_purchased":["War Paint"],"campfire_rested":2,"item_purchase_floors":[22],"current_hp_per_floor":[72,75,75,78,79,26,51,39,39,50,76,76,87,82,82,60,96,98,98,98,102,102,94,94,90,90,90,97,97,98,106,106,0,0],"gold":202,"neow_bonus":"THREE_RARE_CARDS","is_daily":false,"chose_seed":false,"campfire_upgraded":4,"win_rate":0.0,"timestamp":1613165498,"path_taken":["M","M","$","M","M","E","R","E","T","M","R","?","?","E","R","BOSS","M","?","?","M","?","M","R","M","T","R","M","?","E","E","R","BOSS"],"items_purchased_type":["Relic"],"build_version":"2020-12-22","purchased_purges":1,"victory":false,"max_hp_per_floor":[72,75,75,78,81,84,84,84,84,87,87,87,90,93,93,96,96,99,99,99,102,102,110,110,110,110,110,113,113,116,119,119,119,119],"relic_stats":{"Blood Vial":21,"counters":[18,89],"Snecko Eye":[57,63,63,63],"War Paint":["Shrug It Off","Defend_R"],"Smiling Mask":0,"obtain_stats":[{"Blood Vial":6,"Vajra":8,"Snecko Eye":17,"Thread and Needle":30,"WingedGreaves":26,"Toxic Egg 2":19,"War Paint":22,"Smiling Mask":31,"Burning Blood":0,"Akabeko":9,"Meat on the Bone":14},{"Blood Vial":5,"Vajra":6,"Snecko Eye":10,"Thread and Needle":16,"WingedGreaves":14,"Toxic Egg 2":11,"War Paint":12,"Smiling Mask":17,"Burning Blood":0,"Akabeko":6,"Meat on the Bone":9},{"Blood Vial":29,"Vajra":37,"Snecko Eye":59,"Thread and Needle":77,"WingedGreaves":70,"Toxic Egg 2":61,"War Paint":63,"Smiling Mask":81,"Burning Blood":0,"Akabeko":37,"Meat on the Bone":45}],"Burning Blood":88,"Meat on the Bone":12},"card_choices":[{"not_picked":["Demon Form","Corruption"],"picked":"Feed","floor":0.0},{"not_picked":["Searing Blow","Second Wind"],"picked":"Iron Wave","floor":1.0},{"not_picked":["Perfected Strike","Shrug It Off"],"picked":"Metallicize","floor":2.0},{"not_picked":["Feel No Pain","Sentinel"],"picked":"Iron Wave","floor":4.0},{"not_picked":["Sentinel","Thunderclap"],"picked":"Shrug It Off","floor":5.0},{"not_picked":["Whirlwind","Shrug It Off"],"picked":"Cleave","floor":6.0},{"not_picked":["Headbutt","Clash","Anger"],"picked":"SKIP","floor":8.0},{"not_picked":["Clothesline","Clash"],"picked":"Twin Strike","floor":10.0},{"not_picked":["Bloodletting","Inflame"],"picked":"Perfected Strike","floor":13.0},{"not_picked":["Juggernaut","Corruption","Anger"],"picked":"SKIP","floor":14.0},{"not_picked":["Fiend Fire","Feed"],"picked":"Brutality","floor":16.0},{"not_picked":["Hemokinesis","Flex"],"picked":"Pommel Strike","floor":18.0},{"not_picked":["Spot Weakness+1","Headbutt"],"picked":"Shrug It Off+1","floor":21.0},{"not_picked":["Warcry+1","Wild Strike"],"picked":"Iron Wave+1","floor":23.0},{"not_picked":["Seeing Red+1","Intimidate+1"],"picked":"Perfected Strike","floor":25.0},{"not_picked":["Anger+1","Body Slam"],"picked":"Rage+1","floor":28.0},{"not_picked":["Headbutt+1","Uppercut"],"picked":"Perfected Strike","floor":30},{"not_picked":["Anger+1","Headbutt","True Grit+1"],"picked":"SKIP","floor":31}],"player_experience":1256429,"relics_obtained":[{"floor":6.0,"key":"Blood Vial"},{"floor":8.0,"key":"Vajra"},{"floor":9.0,"key":"Akabeko"},{"floor":14.0,"key":"Meat on the Bone"},{"floor":26.0,"key":"WingedGreaves"},{"floor":30,"key":"Thread and Needle"},{"floor":31,"key":"Smiling Mask"}],"event_choices":[{"damage_healed":0.0,"max_hp_gain":0.0,"max_hp_loss":0.0,"gold_gain":0.0,"event_name":"Match and Keep!","player_choice":"2 cards matched","floor":12.0,"gold_loss":0.0,"damage_taken":0.0,"cards_obtained":["Immolate","Bash"]},{"damage_healed":0.0,"max_hp_gain":0.0,"max_hp_loss":0.0,"gold_gain":0.0,"event_name":"Addict","player_choice":"Obtained Relic","floor":19.0,"gold_loss":85.0,"damage_taken":0.0,"relics_obtained":["Toxic Egg 2"]},{"damage_healed":0.0,"max_hp_gain":0.0,"max_hp_loss":0.0,"gold_gain":0.0,"cards_transformed":["Defend_R","Defend_R"],"event_name":"Drug Dealer","player_choice":"Became Test Subject","floor":20.0,"gold_loss":0.0,"damage_taken":0.0,"cards_obtained":["Metallicize","Shockwave"]},{"damage_healed":0.0,"max_hp_gain":0.0,"max_hp_loss":0.0,"gold_gain":0.0,"event_name":"Vampires","player_choice":"Ignored","floor":29.0,"gold_loss":0.0,"damage_taken":0.0}],"is_beta":false,"boss_relics":[{"not_picked":["Pandora\u0027s Box","Coffee Dripper"],"picked":"Snecko Eye"}],"items_purged_floors":[3],"is_endless":false,"potions_floor_spawned":[1,10,14,16,21,23,25,30,31],"killed_by":"Collector","ascension_level":4}}