{"host":"o1zz25k9c3caz5ms","time":1613173830,"event":{"mods":["BaseMod","BetterRewards","Card Forge","Gold Saver","Minty Spire (QoL Compilation)","Quick Restart","Remove Card Discount Mod","Shop Mod","StSLib"],"gold_per_floor":[114,65,65,17,31,64,77,93,120,120,185,195,270,295,295,398,398,417,332,431,287,301,335,335,347,398,408,408,418,418,443,443,542,542,553,241,286,336,84,117,117,146,146,146,180,200,212,0,0,0],"floor_reached":51,"language":"ENG","playtime":3087,"items_purged":[],"score":1081,"play_id":"0f84998c-adc9-40c2-9c19-832d9f7e55e5","local_time":"20210213005030","is_ascension_mode":false,"campfire_choices":[{"floor":10,"key":"REST"},{"floor":15,"key":"REST"},{"floor":24,"key":"REST"},{"floor":32,"key":"REST"},{"floor":49,"key":"REST"}],"circlet_count":0,"master_deck":["Zap+1","Dualcast+1","Magnetism+1","Aggregate+1","Auto Shields+1","Ball Lightning+1","Beam Cell+1","Barrage+1","Capacitor+1","Chaos+1","Conserve Battery+1","Cold Snap+1","Compile Driver+1","Darkness+1","Echo Form+1","Double Energy+1","Doom and Gloom+1","Fusion+1","Hyperbeam+1","Rainbow+1","Static Discharge+1","Steam+1","Sweeping Beam+1","Storm+1","Sunder+1","Genetic Algorithm+1","Defragment+1","Fission+1","Force Field+1","Dualcast+1","Consume+1","Buffer+1","Ball Lightning+1","Auto Shields+1","Aggregate+1","Beam Cell+1","Barrage+1","Conserve Battery+1","Chaos+1","Capacitor+1","Buffer+1","Cold Snap+1","Darkness+1","Echo Form+1","Double Energy+1","Dualcast+1","Defragment+1","Doom and Gloom+1","Electrodynamics+1","Fission+1","Force Field+1","Glacier+1","Genetic Algorithm+1","Fusion+1","Hyperbeam+1","Rainbow+1","Steam Power+1","Reboot+1","Redo+1","Recycle+1","Static Discharge+1","Sweeping Beam+1","Sunder+1","Zap+1","Thunder Strike+1","White Noise+1","Fusion+1","Capacitor+1","White Noise+1","White Noise+1","Buffer+1","Ball Lightning+1","Metamorphosis+1","Mind Blast+1","Cold Snap+1","Ball Lightning+1"],"relics":["Cracked Core","Hammer of Thor","Seething Fire","Anvil of the Gods","Oddly Smooth Stone","Potion Belt","Bag of Marbles","Letter Opener","Philosopher\u0027s Stone","Pen Nib","Boot","Whetstone","Bronze Scales","Bird Faced Urn","Inserter","OrangePellets","Orichalcum","WingedGreaves","TungstenRod","Shuriken","Regal Pillow","Lantern","Bag of Preparation","Mummified Hand","Red Mask"],"acts_visited":["Exordium","TheCity","TheBeyond"],"potions_floor_usage":[14,16,16,25,45,50,50,50,50],"damage_taken":[{"damage":0,"enemies":"Small Slimes","floor":1,"turns":1},{"damage":10,"enemies":"Jaw Worm","floor":5,"turns":4},{"damage":0,"enemies":"Gremlin Nob","floor":6,"turns":2},{"damage":7,"enemies":"2 Louse","floor":7,"turns":2},{"damage":0,"enemies":"Large Slime","floor":8,"turns":2},{"damage":0,"enemies":"Gremlin Nob","floor":11,"turns":3},{"damage":0,"enemies":"2 Fungi Beasts","floor":12,"turns":2},{"damage":1,"enemies":"3 Sentries","floor":14,"turns":2},{"damage":0,"enemies":"The Guardian","floor":16,"turns":6},{"damage":10,"enemies":"Chosen","floor":18,"turns":2},{"damage":0,"enemies":"Spheric Guardian","floor":22,"turns":3},{"damage":10,"enemies":"Book of Stabbing","floor":23,"turns":4},{"damage":6,"enemies":"Snecko","floor":25,"turns":3},{"damage":23,"enemies":"Chosen and Byrds","floor":27,"turns":4},{"damage":22,"enemies":"Centurion and Healer","floor":29,"turns":2},{"damage":14,"enemies":"Colosseum Slavers","floor":30,"turns":2},{"damage":0,"enemies":"Gremlin Leader","floor":31,"turns":3},{"damage":16,"enemies":"Automaton","floor":33,"turns":5},{"damage":15,"enemies":"3 Shapes","floor":35,"turns":2},{"damage":21,"enemies":"2 Orb Walkers","floor":37,"turns":3},{"damage":0,"enemies":"Mind Bloom Boss Battle","floor":38,"turns":3},{"damage":0,"enemies":"Giant Head","floor":40,"turns":6},{"damage":0,"enemies":"Nemesis","floor":42,"turns":3},{"damage":3,"enemies":"Giant Head","floor":45,"turns":4},{"damage":0,"enemies":"Orb Walker","floor":46,"turns":1},{"damage":0,"enemies":"3 Darklings","floor":47,"turns":1},{"damage":27,"enemies":"Donu and Deca","floor":50,"turns":3}],"seed_played":"-6805707149583487107","potions_obtained":[{"floor":5,"key":"Strength Potion"},{"floor":23,"key":"PowerPotion"},{"floor":27,"key":"Block Potion"},{"floor":31,"key":"CultistPotion"},{"floor":37,"key":"FearPotion"},{"floor":45,"key":"LiquidMemories"},{"floor":46,"key":"DuplicationPotion"},{"floor":47,"key":"SteroidPotion"}],"is_trial":false,"path_per_floor":["M","$","?","$","M","E","M","M","T","R","?","M","?","E","R","B",null,"M","?","?","$","M","E","R","M","T","M","?","M","?","E","R","B",null,"M","$","?","?","$","E","?","E","T","?","E","M","M","?","R","B",null],"character_chosen":"DEFECT","items_purchased":["Block Potion","PowerPotion","Boot","OrangePellets","Orichalcum","Shuriken"],"campfire_rested":5,"item_purchase_floors":[2,4,21,36,36,39],"current_hp_per_floor":[75,75,75,75,65,65,58,58,58,75,75,75,64,63,75,75,75,65,65,65,65,65,55,75,69,69,46,46,24,10,10,32,30,75,62,62,45,53,53,73,73,75,75,66,74,74,75,75,75,52],"gold":0,"neow_bonus":"RANDOM_COLORLESS_2","is_daily":false,"chose_seed":false,"campfire_upgraded":0,"win_rate":0.0,"timestamp":1613173830,"path_taken":["M","$","?","?","M","E","M","M","T","R","?","M","?","E","R","BOSS","M","?","?","$","M","E","R","M","T","M","?","M","?","E","R","BOSS","M","$","?","?","$","E","?","E","T","?","E","M","?","?","R","BOSS"],"items_purchased_type":["Potion","Potion","Relic","Relic","Relic","Relic"],"build_version":"2020-12-22","purchased_purges":0,"victory":true,"max_hp_per_floor":[75,75,75,75,75,75,75,75,75,75,75,75,75,75,75,75,75,75,75,75,75,75,75,75,75,75,75,75,75,75,75,75,75,75,75,75,75,75,75,75,75,75,75,75,75,75,75,75,75,75],"card_choices":[{"not_picked":["Sadistic Nature","Chrysalis"],"picked":"Magnetism","floor":0},{"not_picked":["Cold Snap","Auto Shields","Self Repair"],"picked":"SKIP","floor":1},{"not_picked":["Leap","Reinforced Body"],"picked":"Fusion","floor":5},{"not_picked":["Coolheaded","Beam Cell","Ball Lightning"],"picked":"SKIP","floor":6},{"not_picked":["Steam","Leap","Echo Form"],"picked":"SKIP","floor":7},{"not_picked":["Coolheaded","Gash","Go for the Eyes"],"picked":"SKIP","floor":8},{"not_picked":["Skim","Ball Lightning","Static Discharge"],"picked":"SKIP","floor":12},{"not_picked":["Barrage","Gash","Compile Driver"],"picked":"SKIP","floor":14},{"not_picked":["Beam Cell+1","Go for the Eyes"],"picked":"Capacitor+1","floor":18},{"not_picked":["Rebound","Defragment","Hello World+1"],"picked":"SKIP","floor":22},{"not_picked":["Force Field","Rebound","Amplify"],"picked":"SKIP","floor":23},{"not_picked":["Reinforced Body","Ball Lightning"],"picked":"White Noise+1","floor":25},{"not_picked":["Melter","Cold Snap","Ball Lightning"],"picked":"SKIP","floor":27},{"not_picked":["BootSequence","Redo"],"picked":"White Noise+1","floor":29},{"not_picked":["Seek","Redo","Leap"],"picked":"SKIP","floor":31},{"not_picked":["Machine Learning","Seek"],"picked":"Buffer","floor":33},{"not_picked":["Leap","Doom and Gloom","Beam Cell"],"picked":"SKIP","floor":35},{"not_picked":["Storm","Steam Power"],"picked":"Ball Lightning+1","floor":37},{"not_picked":["Conserve Battery+1","Reboot","Rainbow"],"picked":"SKIP","floor":40},{"not_picked":["Consume+1","Genetic Algorithm","Auto Shields"],"picked":"SKIP","floor":42},{"not_picked":["Dark Shackles","HandOfGreed"],"picked":"Metamorphosis","floor":44},{"not_picked":["Bandage Up","Jack Of All Trades"],"picked":"Mind Blast","floor":44},{"not_picked":["Ball Lightning","Cold Snap","Leap"],"picked":"SKIP","floor":45},{"not_picked":["Steam Power","BootSequence"],"picked":"Cold Snap+1","floor":46},{"not_picked":["Streamline+1","Redo+1"],"picked":"Ball Lightning+1","floor":47}],"player_experience":340774,"relics_obtained":[{"floor":6,"key":"Oddly Smooth Stone"},{"floor":9,"key":"Potion Belt"},{"floor":14,"key":"Letter Opener"},{"floor":23,"key":"Whetstone"},{"floor":26,"key":"Bronze Scales"},{"floor":31,"key":"Bird Faced Urn"},{"floor":37,"key":"WingedGreaves"},{"floor":38,"key":"TungstenRod"},{"floor":40,"key":"Regal Pillow"},{"floor":42,"key":"Lantern"},{"floor":43,"key":"Bag of Preparation"},{"floor":45,"key":"Mummified Hand"}],"event_choices":[{"damage_healed":0,"gold_gain":0,"player_choice":"Leave","damage_taken":0,"max_hp_gain":0,"max_hp_loss":0,"event_name":"The Cleric","floor":3,"gold_loss":0},{"damage_healed":0,"gold_gain":0,"player_choice":"Searched \u00273\u0027 times","damage_taken":0,"relics_obtained":["Bag of Marbles"],"max_hp_gain":0,"max_hp_loss":0,"event_name":"Dead Adventurer","floor":11,"gold_loss":0},{"damage_healed":0,"gold_gain":75,"player_choice":"Gather Gold","damage_taken":11,"max_hp_gain":0,"max_hp_loss":0,"event_name":"World of Goop","floor":13,"gold_loss":0},{"damage_healed":0,"gold_gain":0,"player_choice":"Obtained Relic","damage_taken":0,"relics_obtained":["Pen Nib"],"max_hp_gain":0,"max_hp_loss":0,"event_name":"Addict","floor":19,"gold_loss":85},{"damage_healed":0,"gold_gain":99,"player_choice":"Stole From Cult","damage_taken":0,"max_hp_gain":0,"max_hp_loss":0,"event_name":"Nest","floor":20,"gold_loss":0},{"damage_healed":0,"gold_gain":0,"player_choice":"Simplicity","damage_taken":0,"max_hp_gain":0,"max_hp_loss":0,"event_name":"Back to Basics","floor":28,"gold_loss":0,"cards_upgraded":[]},{"damage_healed":0,"gold_gain":0,"player_choice":"Fight","damage_taken":0,"max_hp_gain":0,"max_hp_loss":0,"event_name":"Colosseum","floor":30,"gold_loss":0},{"damage_healed":0,"gold_gain":0,"player_choice":"Fled From Nobs","damage_taken":0,"max_hp_gain":0,"max_hp_loss":0,"event_name":"Colosseum","floor":30,"gold_loss":0},{"damage_healed":0,"gold_gain":0,"player_choice":"Fight","damage_taken":0,"max_hp_gain":0,"max_hp_loss":0,"event_name":"Mysterious Sphere","floor":37,"gold_loss":0},{"damage_healed":0,"gold_gain":0,"player_choice":"Fight","damage_taken":0,"max_hp_gain":0,"max_hp_loss":0,"event_name":"MindBloom","floor":38,"gold_loss":0},{"cards_removed":["Consume"],"damage_healed":0,"gold_gain":0,"player_choice":"Removed Skill","damage_taken":0,"max_hp_gain":0,"max_hp_loss":0,"event_name":"Falling","floor":41,"gold_loss":0},{"damage_healed":0,"gold_gain":0,"player_choice":"Memory 3","damage_taken":10,"max_hp_gain":0,"max_hp_loss":0,"event_name":"SensoryStone","floor":44,"gold_loss":0},{"damage_healed":0,"gold_gain":0,"player_choice":"Paid","damage_taken":0,"relics_obtained":["Red Mask"],"max_hp_gain":0,"max_hp_loss":0,"event_name":"Tomb of Lord Red Mask","floor":48,"gold_loss":212}],"is_beta":false,"boss_relics":[{"not_picked":["Empty Cage","Calling Bell"],"picked":"Philosopher\u0027s Stone"},{"not_picked":["Tiny House","Coffee Dripper"],"picked":"Inserter"}],"items_purged_floors":[],"is_endless":false,"potions_floor_spawned":[5,6,7,8,12,23,27,31,37,45,46,47],"ascension_level":0}}