{"host":"lxu17chzujqn8whl","time":1613163225,"event":{"mods":["BaseMod","Minty Spire (QoL Compilation)","Relic Stats","StSLib"],"gold_per_floor":[118,130,130,80,80,80,113,132,132,148,170,184,184,203,203,298,298,314,45,41,41,56,56,89,116,116,126,137,137,137,148,148,243,243,261,261,279,299,313,313,1,1,1,15,15,15,28,40,40,40],"floor_reached":51,"language":"ENG","playtime":1806,"items_purged":[],"score":673,"play_id":"3c2c3f9c-91d8-4e3f-b2b4-9ac5a82088f6","local_time":"20210212125345","is_ascension_mode":false,"campfire_choices":[{"data":"Zap","floor":6.0,"key":"SMITH"},{"data":"Conserve Battery","floor":13.0,"key":"SMITH"},{"data":"Core Surge","floor":15.0,"key":"SMITH"},{"data":"Buffer","floor":23.0,"key":"SMITH"},{"data":"Sweeping Beam","floor":29.0,"key":"SMITH"},{"data":"Beam Cell","floor":32.0,"key":"SMITH"},{"data":"Dualcast","floor":40,"key":"SMITH"},{"data":"Self Repair","floor":49,"key":"SMITH"}],"circlet_count":0,"master_deck":["Strike_B+1","Strike_B+1","Strike_B+1","Defend_B+1","Defend_B+1","Defend_B+1","Defend_B+1","Zap+1","Dualcast+1","Glacier+1","Core Surge+1","Beam Cell+1","Conserve Battery+1","Self Repair+1","Buffer+1","Streamline+1","Conserve Battery+1","Barrage+1","Sweeping Beam+1","Turbo+1","Tempest+1","White Noise+1","Electrodynamics+1","Double Energy+1","Master of Strategy+1","White Noise+1","Seek+1"],"relics":["Cracked Core","Shuriken","Sundial","HornCleat","Odd Mushroom","Nuclear Battery","Toxic Egg 2","Omamori","Red Mask","Singing Bowl","Cursed Key","Art of War"],"acts_visited":["Exordium","TheCity","TheBeyond"],"potions_floor_usage":[33,33,50,50,50],"damage_taken":[{"damage":4.0,"enemies":"Jaw Worm","floor":1.0,"turns":4.0},{"damage":2.0,"enemies":"Small Slimes","floor":2.0,"turns":3.0},{"damage":19.0,"enemies":"Lagavulin","floor":7.0,"turns":9.0},{"damage":0.0,"enemies":"Cultist","floor":8.0,"turns":3.0},{"damage":4.0,"enemies":"3 Louse","floor":10.0,"turns":4.0},{"damage":0.0,"enemies":"The Mushroom Lair","floor":11.0,"turns":5.0},{"damage":2.0,"enemies":"Blue Slaver","floor":12.0,"turns":3.0},{"damage":5.0,"enemies":"Exordium Wildlife","floor":14.0,"turns":5.0},{"damage":37.0,"enemies":"The Guardian","floor":16.0,"turns":14.0},{"damage":3.0,"enemies":"3 Byrds","floor":18.0,"turns":8.0},{"damage":0.0,"enemies":"2 Thieves","floor":20.0,"turns":4.0},{"damage":0.0,"enemies":"Snake Plant","floor":22.0,"turns":4.0},{"damage":12.0,"enemies":"Gremlin Leader","floor":24.0,"turns":8.0},{"damage":0.0,"enemies":"Masked Bandits","floor":25.0,"turns":4.0},{"damage":6.0,"enemies":"Chosen and Byrds","floor":27.0,"turns":6.0},{"damage":0.0,"enemies":"3 Cultists","floor":28.0,"turns":6.0},{"damage":0.0,"enemies":"Snecko","floor":31.0,"turns":4.0},{"damage":41,"enemies":"Collector","floor":33,"turns":11},{"damage":0,"enemies":"3 Shapes","floor":35,"turns":4},{"damage":8,"enemies":"3 Darklings","floor":37,"turns":4},{"damage":0,"enemies":"Sphere and 2 Shapes","floor":38,"turns":4},{"damage":25,"enemies":"Writhing Mass","floor":39,"turns":5},{"damage":0,"enemies":"Jaw Worm Horde","floor":44,"turns":2},{"damage":0,"enemies":"Maw","floor":47,"turns":5},{"damage":4,"enemies":"Sphere and 2 Shapes","floor":48,"turns":2},{"damage":18,"enemies":"Donu and Deca","floor":50,"turns":8}],"seed_played":"-2702812715997842874","potions_obtained":[{"floor":7.0,"key":"Regen Potion"},{"floor":10.0,"key":"CultistPotion"},{"floor":11.0,"key":"FocusPotion"},{"floor":14.0,"key":"Strength Potion"},{"floor":16.0,"key":"Strength Potion"},{"floor":28.0,"key":"Block Potion"},{"floor":38,"key":"Dexterity Potion"}],"is_trial":false,"path_per_floor":["M","M","?","?","T","R","E","M","T","M","?","M","R","M","R","B",null,"M","$","M","?","M","R","E","?","T","M","M","R","?","M","R","B",null,"M","?","M","M","M","R","$","?","T","M","?","$","M","M","R","B",null],"character_chosen":"DEFECT","items_purchased":["Toxic Egg 2","Conserve Battery+1","Master of Strategy+1","Defragment","SkillPotion"],"campfire_rested":0,"item_purchase_floors":[19,19,41,41,41],"current_hp_per_floor":[78,76,76,76,76,76,57,57,57,65,65,63,63,58,58,28,82,82,82,82,82,82,82,77,82,82,84,84,84,84,84,84,50,84,84,84,85,88,72,72,72,72,72,72,72,72,79,84,84,76],"gold":40,"neow_bonus":"TEN_PERCENT_HP_BONUS","is_daily":false,"chose_seed":false,"campfire_upgraded":8,"win_rate":0.0,"timestamp":1613163225,"path_taken":["M","M","?","?","?","R","E","M","T","M","?","M","R","M","R","BOSS","M","$","M","?","M","R","E","?","T","M","M","R","?","M","R","BOSS","M","?","M","?","M","R","$","?","T","M","?","?","M","M","R","BOSS"],"items_purchased_type":["Relic","Card","Card","Card","Potion"],"build_version":"2020-12-22","purchased_purges":0,"victory":true,"max_hp_per_floor":[82,82,82,82,82,82,82,82,82,82,82,82,82,82,82,82,82,82,82,82,82,82,82,82,82,82,84,84,84,84,84,84,84,84,84,84,86,88,90,90,90,90,90,90,85,85,85,87,87,87],"relic_stats":{"Singing Bowl":10,"counters":[26,139],"Shuriken":[25],"Sundial":[20],"Art of War":[2],"Cursed Key":1,"obtain_stats":[{"HornCleat":9,"Singing Bowl":26,"Shuriken":5,"Sundial":7,"Omamori":24,"Red Mask":25,"Art of War":43,"Odd Mushroom":11,"Toxic Egg 2":19,"Cracked Core":0,"Cursed Key":34,"Nuclear Battery":17},{"HornCleat":4,"Singing Bowl":14,"Shuriken":2,"Sundial":3,"Omamori":13,"Red Mask":14,"Art of War":22,"Odd Mushroom":6,"Toxic Egg 2":10,"Cracked Core":0,"Cursed Key":18,"Nuclear Battery":9},{"HornCleat":19,"Singing Bowl":78,"Shuriken":7,"Sundial":16,"Omamori":74,"Red Mask":78,"Art of War":122,"Odd Mushroom":28,"Toxic Egg 2":58,"Cracked Core":0,"Cursed Key":105,"Nuclear Battery":50}]},"card_choices":[{"not_picked":["Redo","Rebound","Stack"],"picked":"SKIP","floor":1.0},{"not_picked":["Barrage","Leap"],"picked":"Glacier","floor":2.0},{"not_picked":["Stack","Steam"],"picked":"Core Surge","floor":7.0},{"not_picked":["Barrage","Tempest","Steam"],"picked":"SKIP","floor":8.0},{"not_picked":["Consume","Barrage"],"picked":"Beam Cell","floor":10.0},{"not_picked":["Cold Snap","Lockon"],"picked":"Conserve Battery","floor":12.0},{"not_picked":["Stack","Sweeping Beam"],"picked":"Self Repair","floor":14.0},{"not_picked":["Fission","Rainbow"],"picked":"Buffer","floor":16.0},{"not_picked":["Redo+1","Lockon"],"picked":"Streamline+1","floor":18.0},{"not_picked":["Stack+1","Loop+1"],"picked":"Barrage+1","floor":20.0},{"not_picked":["Streamline","Cold Snap"],"picked":"Sweeping Beam","floor":22.0},{"not_picked":["Doom and Gloom","Reinforced Body+1"],"picked":"Turbo+1","floor":24.0},{"not_picked":["Redo+1","Storm+1","Scrape"],"picked":"Singing Bowl","floor":27.0},{"not_picked":["Sweeping Beam","Turbo+1"],"picked":"Tempest+1","floor":28.0},{"not_picked":["Ball Lightning","Hello World"],"picked":"White Noise+1","floor":31.0},{"not_picked":["Reboot+1","All For One"],"picked":"Electrodynamics","floor":33},{"not_picked":["Sweeping Beam","Chill+1"],"picked":"Double Energy+1","floor":35},{"not_picked":["Go for the Eyes+1","Reprogram+1","Gash"],"picked":"Singing Bowl","floor":37},{"not_picked":["Leap+1","Sweeping Beam+1","Go for the Eyes+1"],"picked":"Singing Bowl","floor":38},{"not_picked":["Stack+1","Sweeping Beam","Steam+1"],"picked":"Singing Bowl","floor":39},{"not_picked":["Leap+1","Beam Cell+1"],"picked":"White Noise+1","floor":44},{"not_picked":["Skim+1","Hologram+1"],"picked":"Seek+1","floor":47},{"not_picked":["Tempest+1","Gash+1","Compile Driver"],"picked":"Singing Bowl","floor":48}],"player_experience":677485,"relics_obtained":[{"floor":5.0,"key":"Shuriken"},{"floor":7.0,"key":"Sundial"},{"floor":9.0,"key":"HornCleat"},{"floor":11.0,"key":"Odd Mushroom"},{"floor":24.0,"key":"Omamori"},{"floor":25.0,"key":"Red Mask"},{"floor":26.0,"key":"Singing Bowl"},{"floor":43,"key":"Art of War"}],"event_choices":[{"damage_healed":0.0,"max_hp_gain":0.0,"max_hp_loss":0.0,"gold_gain":0.0,"event_name":"Living Wall","player_choice":"Grow","floor":3.0,"gold_loss":0.0,"damage_taken":0.0,"cards_upgraded":["Glacier"]},{"cards_removed":["Strike_B"],"damage_healed":0.0,"max_hp_gain":0.0,"max_hp_loss":0.0,"gold_gain":0.0,"event_name":"The Cleric","player_choice":"Card Removal","floor":4.0,"gold_loss":50.0,"damage_taken":0.0},{"damage_healed":0.0,"max_hp_gain":0.0,"max_hp_loss":0.0,"gold_gain":0.0,"event_name":"Mushrooms","player_choice":"Fought Mushrooms","floor":11.0,"gold_loss":0.0,"damage_taken":0.0},{"damage_healed":0.0,"max_hp_gain":0.0,"max_hp_loss":0.0,"gold_gain":0.0,"event_name":"Back to Basics","player_choice":"Simplicity","floor":21.0,"gold_loss":0.0,"damage_taken":0.0,"cards_upgraded":["Strike_B","Strike_B","Strike_B","Defend_B","Defend_B","Defend_B","Defend_B"]},{"damage_healed":0.0,"max_hp_gain":0.0,"max_hp_loss":0.0,"gold_gain":0.0,"event_name":"Masked Bandits","player_choice":"Fought Bandits","floor":25.0,"gold_loss":0.0,"damage_taken":0.0},{"damage_healed":0.0,"max_hp_gain":0.0,"max_hp_loss":0.0,"gold_gain":0.0,"event_name":"Ghosts","player_choice":"Ignored","floor":30.0,"gold_loss":0.0,"damage_taken":0.0},{"damage_healed":0,"gold_gain":0,"player_choice":"Forge","damage_taken":0,"max_hp_gain":0,"max_hp_loss":0,"event_name":"Accursed Blacksmith","floor":36,"gold_loss":0,"cards_upgraded":["Electrodynamics"]},{"cards_removed":["Defragment"],"damage_healed":0,"gold_gain":0,"player_choice":"Removed Power","damage_taken":0,"max_hp_gain":0,"max_hp_loss":0,"event_name":"Falling","floor":42,"gold_loss":0},{"damage_healed":0,"gold_gain":0,"player_choice":"Max HP","damage_taken":0,"max_hp_gain":0,"max_hp_loss":5,"event_name":"Winding Halls","floor":45,"gold_loss":0}],"is_beta":false,"boss_relics":[{"not_picked":["Inserter","Empty Cage"],"picked":"Nuclear Battery"},{"not_picked":["Tiny House","SacredBark"],"picked":"Cursed Key"}],"items_purged_floors":[],"is_endless":false,"potions_floor_spawned":[7,10,11,14,16,22,24,28,31,38,44,47],"ascension_level":0}}