{"host":"3mdjmozz5rahgtdc","time":1613137780,"event":{"mods":["AchievementEnabler","BaseMod","Better Silent Start","Better-Laid Plans","Colored Map","Colored Powertips","Custom Start","DeckTracker","Emptier Cage","KOR Keyword Fix","Keyboard Shortcuts","Minty Spire (QoL Compilation)","Permanent Neow","Quick Restart","StSLib","SuperFastMode"],"gold_per_floor":[413,429,446,181,195,195,16,16,97,108,126,126,126,144,144,244,244,260,35,35,49,67,67,79,79,79,107,107,135,5,5,5,5,5],"floor_reached":33,"language":"KOR","playtime":1008,"items_purged":["Strike_G","Strike_G","Strike_G"],"score":423,"play_id":"5495c3d2-71e1-4467-afe8-004605fd3e5f","local_time":"20210212224940","is_ascension_mode":true,"campfire_choices":[{"data":"Bouncing Flask","floor":6.0,"key":"SMITH"},{"data":"Deadly Poison","floor":8.0,"key":"SMITH"},{"data":"Noxious Fumes","floor":13.0,"key":"SMITH"},{"data":"Reflex","floor":15.0,"key":"SMITH"},{"data":"Catalyst","floor":23,"key":"SMITH"},{"data":"Tools of the Trade","floor":28,"key":"SMITH"},{"data":"Footwork","floor":32,"key":"SMITH"}],"circlet_count":0,"master_deck":["Defend_G","Defend_G","Defend_G","Survivor","Neutralize","CurseOfTheBell","PiercingWail","Bouncing Flask+1","Deadly Poison+1","Dagger Spray","Poisoned Stab","Noxious Fumes+1","After Image+1","Reflex+1","Tools of the Trade+1","Deflect+1","Tools of the Trade","Catalyst+1","Blur","Blur+1","Catalyst+1","Acrobatics+1","Backflip","Footwork+1","Escape Plan"],"relics":["Calling Bell","Boot","Question Card","Old Coin","Lantern","The Courier","Coffee Dripper","Oddly Smooth Stone","InkBottle","Happy Flower","Smiling Mask"],"acts_visited":["Exordium","TheCity"],"potions_floor_usage":[18,27,29,33],"damage_taken":[{"damage":0.0,"enemies":"Cultist","floor":1.0,"turns":4.0},{"damage":0.0,"enemies":"Small Slimes","floor":2.0,"turns":3.0},{"damage":0.0,"enemies":"2 Louse","floor":3.0,"turns":3.0},{"damage":27.0,"enemies":"Large Slime","floor":5.0,"turns":8.0},{"damage":1.0,"enemies":"2 Fungi Beasts","floor":10.0,"turns":3.0},{"damage":0.0,"enemies":"Red Slaver","floor":11.0,"turns":3.0},{"damage":1.0,"enemies":"Exordium Wildlife","floor":14.0,"turns":4.0},{"damage":4.0,"enemies":"The Guardian","floor":16.0,"turns":7.0},{"damage":16,"enemies":"Chosen","floor":18,"turns":5},{"damage":8,"enemies":"3 Byrds","floor":21,"turns":4},{"damage":2,"enemies":"Sentry and Sphere","floor":22,"turns":5},{"damage":1,"enemies":"Cultist and Chosen","floor":24,"turns":6},{"damage":15,"enemies":"Gremlin Leader","floor":27,"turns":5},{"damage":12,"enemies":"Slavers","floor":29,"turns":6},{"damage":27,"enemies":"Automaton","floor":33,"turns":6}],"seed_played":"6884763535486180275","potions_obtained":[{"floor":1.0,"key":"BlessingOfTheForge"},{"floor":2.0,"key":"GamblersBrew"},{"floor":5.0,"key":"Strength Potion"},{"floor":16.0,"key":"PowerPotion"},{"floor":27,"key":"GamblersBrew"}],"is_trial":false,"path_per_floor":["M","M","M","$","M","R","$","R","T","M","M","?","R","M","R","B",null,"M","$","?","M","M","R","M","?","T","E","R","E","$","?","R","B"],"character_chosen":"THE_SILENT","items_purchased":["Dagger Spray","Lantern","Noxious Fumes","Oddly Smooth Stone","Backflip","Footwork","Escape Plan"],"campfire_rested":0,"item_purchase_floors":[4,4,7,19,30,30,30],"current_hp_per_floor":[63,63,63,63,36,36,36,36,36,35,35,35,35,34,34,30,60,44,44,44,36,34,34,33,33,33,18,18,6,6,6,6,0,0],"gold":5,"neow_bonus":"BOSS_RELIC","is_daily":false,"chose_seed":false,"campfire_upgraded":7,"win_rate":0.0,"timestamp":1613137780,"path_taken":["M","M","M","$","M","R","$","R","T","M","?","?","R","M","R","BOSS","M","$","?","M","M","R","M","?","T","E","R","E","$","?","R","BOSS"],"items_purchased_type":["Card","Relic","Card","Relic","Card","Card","Card"],"build_version":"2020-12-22","purchased_purges":3,"victory":false,"max_hp_per_floor":[70,70,70,70,70,70,70,70,70,70,70,70,70,70,70,70,70,70,70,70,70,70,70,70,70,70,70,70,70,70,70,70,70,70],"card_choices":[{"not_picked":["Dodge and Roll","Setup","Sucker Punch"],"picked":"PiercingWail","floor":1.0},{"not_picked":["Blur","Flechettes","Dagger Throw"],"picked":"Bouncing Flask","floor":2.0},{"not_picked":["Eviscerate","Accuracy","Predator"],"picked":"Deadly Poison","floor":3.0},{"not_picked":["Eviscerate","Finisher","Choke"],"picked":"Poisoned Stab","floor":5.0},{"not_picked":["Distraction","Quick Slash","Flechettes","Blade Dance"],"picked":"SKIP","floor":10.0},{"not_picked":["Dodge and Roll","Sucker Punch","Noxious Fumes"],"picked":"After Image","floor":11.0},{"not_picked":["Flying Knee","Eviscerate","Cloak And Dagger"],"picked":"Reflex","floor":14.0},{"not_picked":["Wraith Form v2","A Thousand Cuts","Storm of Steel"],"picked":"Tools of the Trade","floor":16.0},{"not_picked":["Sucker Punch","Deadly Poison","Flying Knee"],"picked":"Deflect+1","floor":18},{"not_picked":["Outmaneuver","Backflip","Masterful Stab+1"],"picked":"Blur","floor":21},{"not_picked":["Skewer","Backflip","Leg Sweep"],"picked":"Blur+1","floor":22},{"not_picked":["Skewer+1","Deadly Poison","Quick Slash+1"],"picked":"Catalyst+1","floor":24},{"not_picked":["All Out Attack+1","Flying Knee+1","Poisoned Stab","Setup"],"picked":"SKIP","floor":27},{"not_picked":["Tactician","Prepared","Blur"],"picked":"Acrobatics+1","floor":29}],"player_experience":320254,"relics_obtained":[{"floor":0.0,"key":"Boot"},{"floor":0.0,"key":"Question Card"},{"floor":0.0,"key":"Old Coin"},{"floor":9.0,"key":"The Courier"},{"floor":26,"key":"InkBottle"},{"floor":27,"key":"Happy Flower"},{"floor":29,"key":"Smiling Mask"}],"event_choices":[{"damage_healed":0.0,"max_hp_gain":0.0,"max_hp_loss":0.0,"gold_gain":0.0,"event_name":"Accursed Blacksmith","player_choice":"Forge","floor":12.0,"gold_loss":0.0,"damage_taken":0.0,"cards_upgraded":["After Image"]},{"damage_healed":0,"gold_gain":0,"cards_transformed":["Strike_G","Defend_G"],"player_choice":"Became Test Subject","damage_taken":0,"max_hp_gain":0,"max_hp_loss":0,"event_name":"Drug Dealer","floor":20,"gold_loss":0,"cards_obtained":["Tools of the Trade","Catalyst"]},{"damage_healed":0,"gold_gain":0,"player_choice":"Ignored","damage_taken":0,"max_hp_gain":0,"max_hp_loss":0,"event_name":"Cursed Tome","floor":31,"gold_loss":0}],"is_beta":false,"boss_relics":[{"not_picked":["Runic Dome","Astrolabe"],"picked":"Coffee Dripper"}],"items_purged_floors":[4,7,19],"is_endless":false,"potions_floor_spawned":[1,2,5,16,27],"killed_by":"Automaton","ascension_level":8}}