{"host":"gfxjwtol062e9znw","time":1613138797,"event":{"mods":["BaseMod","Colored Map","Minty Spire (QoL Compilation)","Rare Cards Sparkle"],"gold_per_floor":[10,27,40,55,55,89,100,131,131,131,131,147,147,147,147,243,243,257,272,272,285,58,58,88,88,139,139,149,160,170,170,170],"floor_reached":31,"language":"ENG","playtime":1773,"items_purged":[],"score":390,"play_id":"71147a32-15b4-4032-bf2d-54cee4fd8548","local_time":"20210213010637","is_ascension_mode":true,"campfire_choices":[{"floor":11,"key":"REST"},{"floor":13,"key":"REST"},{"floor":15,"key":"REST"},{"data":"Caltrops","floor":23,"key":"SMITH"},{"data":"Adrenaline","floor":27,"key":"SMITH"}],"circlet_count":0,"master_deck":["Strike_G","Strike_G","Strike_G","Strike_G","Defend_G","Defend_G","Defend_G","Defend_G","Survivor","Neutralize","Sucker Punch","Deflect","Poisoned Stab","Poisoned Stab","Adrenaline+1","Bouncing Flask","Quick Slash","Blade Dance","After Image","Leg Sweep","Noxious Fumes","Prepared","Caltrops+1","Caltrops","Quick Slash","Catalyst","Footwork"],"relics":["Ring of the Serpent","Tough Bandages","Incense Burner","Potion Belt","Bronze Scales","Lee\u0027s Waffle","Art of War","Nunchaku"],"acts_visited":["Exordium","TheCity"],"potions_floor_usage":[8,8,16,24,28,30,31,31,31],"damage_taken":[{"damage":1.0,"enemies":"Cultist","floor":1.0,"turns":4.0},{"damage":2.0,"enemies":"2 Louse","floor":2.0,"turns":2.0},{"damage":1.0,"enemies":"Small Slimes","floor":3.0,"turns":4.0},{"damage":13.0,"enemies":"Exordium Thugs","floor":4.0,"turns":6.0},{"damage":26.0,"enemies":"Lagavulin","floor":6.0,"turns":10.0},{"damage":4.0,"enemies":"Large Slime","floor":7.0,"turns":7.0},{"damage":14,"enemies":"3 Sentries","floor":8,"turns":10},{"damage":3,"enemies":"Blue Slaver","floor":12,"turns":3},{"damage":23,"enemies":"Hexaghost","floor":16,"turns":8},{"damage":17,"enemies":"2 Thieves","floor":18,"turns":4},{"damage":1,"enemies":"Shell Parasite","floor":19,"turns":6},{"damage":8,"enemies":"Snecko","floor":21,"turns":4},{"damage":26,"enemies":"Book of Stabbing","floor":24,"turns":5},{"damage":11,"enemies":"Sentry and Sphere","floor":28,"turns":5},{"damage":7,"enemies":"Snake Plant","floor":29,"turns":3},{"damage":12,"enemies":"Centurion and Healer","floor":30,"turns":5},{"damage":35,"enemies":"Snecko","floor":31,"turns":5}],"seed_played":"7783468073156154398","potions_obtained":[{"floor":2.0,"key":"Ancient Potion"},{"floor":4.0,"key":"SpeedPotion"},{"floor":8,"key":"DuplicationPotion"},{"floor":20,"key":"Dexterity Potion"},{"floor":20,"key":"DuplicationPotion"},{"floor":20,"key":"Strength Potion"},{"floor":21,"key":"EssenceOfSteel"},{"floor":28,"key":"Strength Potion"},{"floor":29,"key":"SteroidPotion"}],"is_trial":false,"path_per_floor":["M","M","M","M","?","E","M","E","T","?","R","M","R","?","R","B",null,"M","M","?","M","$","R","E","?","T","R","M","M","M","M"],"character_chosen":"THE_SILENT","items_purchased":["Lee\u0027s Waffle","Caltrops"],"campfire_rested":3,"item_purchase_floors":[22,22],"current_hp_per_floor":[62,60,59,46,46,20,16,2,2,2,23,20,41,34,55,32,61,44,43,43,35,77,77,51,51,51,51,40,33,21,0,0],"gold":170,"neow_bonus":"ONE_RARE_RELIC","is_daily":false,"chose_seed":false,"campfire_upgraded":2,"win_rate":0.0,"timestamp":1613138797,"path_taken":["M","M","M","?","?","E","M","E","T","?","R","?","R","?","R","BOSS","M","M","?","?","$","R","E","?","T","R","M","?","M","M"],"items_purchased_type":["Relic","Card"],"build_version":"2020-12-22","purchased_purges":0,"victory":false,"max_hp_per_floor":[70,70,70,70,70,70,70,70,70,70,70,70,70,70,70,70,70,70,70,70,70,77,77,77,77,77,77,77,77,77,77,77],"card_choices":[{"not_picked":["Sucker Punch","Dodge and Roll","Flying Knee"],"picked":"SKIP","floor":1.0},{"not_picked":["Dodge and Roll","Flying Knee"],"picked":"Sucker Punch","floor":1.0},{"not_picked":["Poisoned Stab","Acrobatics"],"picked":"Deflect","floor":2.0},{"not_picked":["Backflip","Dodge and Roll"],"picked":"Poisoned Stab","floor":3.0},{"not_picked":["Terror","Outmaneuver"],"picked":"Poisoned Stab","floor":4.0},{"not_picked":["Deflect","Backstab"],"picked":"Adrenaline","floor":6.0},{"not_picked":["Concentrate","Deadly Poison"],"picked":"Bouncing Flask","floor":7.0},{"not_picked":["Deflect","Deadly Poison"],"picked":"Quick Slash","floor":8},{"not_picked":["Outmaneuver","Backflip"],"picked":"Blade Dance","floor":12},{"not_picked":["Phantasmal Killer","Grand Finale"],"picked":"After Image","floor":16},{"not_picked":["Prepared","Flying Knee"],"picked":"Leg Sweep","floor":18},{"not_picked":["Choke","Predator"],"picked":"Noxious Fumes","floor":19},{"not_picked":["Distraction","Expertise"],"picked":"Prepared","floor":21},{"not_picked":["Leg Sweep","Deflect"],"picked":"Caltrops","floor":24},{"not_picked":["Blade Dance","Predator"],"picked":"Catalyst","floor":28},{"not_picked":["Blur+1","Flying Knee"],"picked":"Footwork","floor":29},{"not_picked":["Prepared","Crippling Poison","Underhanded Strike"],"picked":"SKIP","floor":30}],"player_experience":150869,"relics_obtained":[{"floor":6.0,"key":"Incense Burner"},{"floor":8,"key":"Potion Belt"},{"floor":9,"key":"Bronze Scales"},{"floor":24,"key":"Art of War"},{"floor":26,"key":"Nunchaku"}],"event_choices":[{"damage_healed":0.0,"max_hp_gain":0.0,"max_hp_loss":0.0,"gold_gain":0.0,"event_name":"Liars Game","player_choice":"Ignored","floor":5.0,"gold_loss":0.0,"damage_taken":0.0},{"damage_healed":0,"gold_gain":0,"player_choice":"Fled","damage_taken":0,"max_hp_gain":0,"max_hp_loss":0,"event_name":"Scrap Ooze","floor":10,"gold_loss":0},{"cards_removed":["Defend_G"],"damage_healed":0,"gold_gain":0,"player_choice":"Card Removal","damage_taken":7,"max_hp_gain":0,"max_hp_loss":0,"event_name":"Golden Wing","floor":14,"gold_loss":0},{"damage_healed":0,"gold_gain":0,"player_choice":"Got Potions","damage_taken":0,"max_hp_gain":0,"max_hp_loss":0,"event_name":"Lab","floor":20,"gold_loss":0},{"damage_healed":0,"gold_gain":0,"cards_transformed":["Strike_G"],"player_choice":"Transformed","damage_taken":0,"max_hp_gain":0,"max_hp_loss":0,"event_name":"Transmorgrifier","floor":25,"gold_loss":0,"cards_obtained":["Quick Slash"]}],"is_beta":false,"boss_relics":[{"not_picked":["Empty Cage","Runic Dome"],"picked":"Ring of the Serpent"}],"items_purged_floors":[],"is_endless":false,"potions_floor_spawned":[2,4,8,21,28,29],"killed_by":"Snecko","ascension_level":9}}