{"host":"bg0cyinkrjnqf173","time":1613169626,"event":{"mods":["BaseMod","Colored Map","Minty Spire (QoL Compilation)","StSLib","Together in Spire"],"gold_per_floor":[11,26,40,92,103,103,130,130,182,182,182,182,200,215,215,319,319,331,430,444,459,459,459,472,354,354,354,389,314,325,32,32,137,137,148,148,158,19,70,97,97,111,111,129,145,145,145,145,145,145,145,145,21,52,52,52],"floor_reached":55,"language":"ENG","playtime":2881,"items_purged":["Strike_G"],"score":492,"play_id":"a1127205-2848-4cac-9314-ec83b217dbdd","local_time":"20210212174026","is_ascension_mode":false,"campfire_choices":[{"data":"Envenom","floor":6,"key":"SMITH"},{"data":"Cloak And Dagger","floor":8,"key":"SMITH"},{"data":"Slice","floor":10,"key":"SMITH"},{"floor":12,"key":"RECALL"},{"data":"Footwork","floor":15,"key":"SMITH"},{"data":"Storm of Steel","floor":23,"key":"SMITH"},{"data":"Footwork","floor":27,"key":"SMITH"},{"data":"Infinite Blades","floor":32,"key":"SMITH"},{"floor":41,"key":"REST"},{"floor":47,"key":"REST"},{"floor":49,"key":"REST"},{"data":"Accuracy","floor":52,"key":"SMITH"}],"circlet_count":0,"master_deck":["Strike_G","Strike_G","Strike_G","Strike_G","Defend_G","Defend_G","Defend_G","Defend_G","Defend_G","Survivor","Neutralize","Envenom+1","Crippling Poison","Cloak And Dagger+1","Slice+1","Dagger Spray","Footwork+1","Storm of Steel+1","Blade Dance+1","Flying Knee","Necronomicurse","Leg Sweep","Bane","Footwork+1","Die Die Die+1","Infinite Blades+1","Bullet Time","Bouncing Flask+1","Skewer+1","Accuracy+1","Blade Dance","Deflect+1","Parasite","Backflip+1","Slice+1","Leg Sweep","Cloak And Dagger+1","Poisoned Stab+1","Blade Dance","PiercingWail+1"],"relics":["Ring of the Snake","MealTicket","Strawberry","Dream Catcher","Philosopher\u0027s Stone","Necronomicon","Molten Egg 2","Mango","Ice Cream","WristBlade","Calipers","Blood Vial","HornCleat","Ornamental Fan"],"acts_visited":["Exordium","TheCity","TheBeyond","TheEnding"],"potions_floor_usage":[18,20,21,39,40,50],"damage_taken":[{"damage":0,"enemies":"Cultist","floor":1,"turns":2},{"damage":12,"enemies":"2 Louse","floor":2,"turns":2},{"damage":0,"enemies":"Small Slimes","floor":3,"turns":3},{"damage":0,"enemies":"Exordium Wildlife","floor":5,"turns":2},{"damage":9,"enemies":"Lagavulin","floor":7,"turns":6},{"damage":0,"enemies":"Large Slime","floor":13,"turns":2},{"damage":0,"enemies":"2 Fungi Beasts","floor":14,"turns":1},{"damage":0,"enemies":"Slime Boss","floor":16,"turns":7},{"damage":2,"enemies":"Shell Parasite","floor":18,"turns":2},{"damage":12,"enemies":"Chosen","floor":20,"turns":2},{"damage":7,"enemies":"Snake Plant","floor":21,"turns":5},{"damage":0,"enemies":"Snecko","floor":24,"turns":2},{"damage":8,"enemies":"Slavers","floor":28,"turns":3},{"damage":4,"enemies":"Chosen and Byrds","floor":30,"turns":2},{"damage":2,"enemies":"Champ","floor":33,"turns":7},{"damage":15,"enemies":"3 Darklings","floor":35,"turns":3},{"damage":16,"enemies":"3 Shapes","floor":37,"turns":2},{"damage":55,"enemies":"2 Orb Walkers","floor":39,"turns":5},{"damage":34,"enemies":"Giant Head","floor":40,"turns":6},{"damage":27,"enemies":"Writhing Mass","floor":42,"turns":3},{"damage":0,"enemies":"Transient","floor":44,"turns":1},{"damage":0,"enemies":"Sphere and 2 Shapes","floor":45,"turns":3},{"damage":48,"enemies":"Donu and Deca","floor":50,"turns":8},{"damage":36,"enemies":"Shield and Spear","floor":54,"turns":5},{"damage":62,"enemies":"The Heart","floor":55,"turns":4}],"seed_played":"-3973170337059473252","potions_obtained":[{"floor":3,"key":"Block Potion"},{"floor":7,"key":"DuplicationPotion"},{"floor":16,"key":"SpeedPotion"},{"floor":20,"key":"Fruit Juice"},{"floor":28,"key":"SpeedPotion"},{"floor":33,"key":"Block Potion"},{"floor":39,"key":"CunningPotion"},{"floor":42,"key":"Fire Potion"},{"floor":54,"key":"LiquidMemories"}],"is_trial":false,"path_per_floor":["M","M","M","T","M","R","E","R","T","R","?","R","M","M","R","B",null,"M","?","M","M","?","R","M","$","T","R","E","?","M","$","R","B",null,"M","?","M","$","?","E","R","M","T","M","M","$","R","?","R","B",null,"R","$","E","B"],"character_chosen":"THE_SILENT","items_purchased":["Bane","Footwork","Ice Cream","Skewer+1","Accuracy","Blade Dance"],"campfire_rested":3,"item_purchase_floors":[25,25,31,38,38,53],"current_hp_per_floor":[70,58,58,58,58,58,56,56,56,56,77,77,77,77,77,77,77,75,75,68,61,45,45,45,60,60,60,66,66,62,77,77,75,96,81,81,65,80,25,2,30,5,5,7,9,24,52,52,80,34,96,96,96,60,0,0],"gold":52,"neow_bonus":"THREE_RARE_CARDS","is_daily":false,"chose_seed":false,"campfire_upgraded":8,"win_rate":0.0,"timestamp":1613169626,"path_taken":["M","M","M","?","M","R","E","R","T","R","?","R","M","M","R","BOSS","M","?","M","M","?","R","M","?","T","R","E","?","M","$","R","BOSS","M","?","M","$","?","E","R","M","T","M","?","?","R","?","R","BOSS","R","$","E","BOSS"],"items_purchased_type":["Card","Card","Relic","Card","Card","Card"],"build_version":"2020-12-22","purchased_purges":1,"victory":false,"max_hp_per_floor":[70,70,70,70,70,70,77,77,77,77,77,77,77,77,77,77,77,77,77,82,82,82,82,82,82,82,82,96,96,96,96,96,96,96,96,96,96,96,96,96,96,96,96,96,96,96,96,96,96,96,96,96,96,96,96,96],"card_choices":[{"not_picked":["Tools of the Trade","Bullet Time"],"picked":"Envenom","floor":0},{"not_picked":["PiercingWail","Tactician"],"picked":"Crippling Poison","floor":1},{"not_picked":["Heel Hook","Well Laid Plans"],"picked":"Deflect","floor":2},{"not_picked":["Leg Sweep","Flying Knee"],"picked":"Cloak And Dagger","floor":3},{"not_picked":["Prepared","Slice"],"picked":"All Out Attack","floor":5},{"not_picked":["Concentrate","Heel Hook"],"picked":"Slice","floor":7},{"not_picked":["Sucker Punch","Deflect"],"picked":"Dagger Spray","floor":13},{"not_picked":["PiercingWail","Dagger Throw"],"picked":"Footwork","floor":14},{"not_picked":["Venomology","Tools of the Trade"],"picked":"Storm of Steel","floor":16},{"not_picked":["Bane","Underhanded Strike"],"picked":"Blade Dance+1","floor":18},{"not_picked":["Blur","Heel Hook"],"picked":"Flying Knee","floor":20},{"not_picked":["Underhanded Strike","Expertise","Slice"],"picked":"SKIP","floor":21},{"not_picked":["Crippling Poison","Acrobatics+1"],"picked":"Leg Sweep","floor":24},{"not_picked":["Blur","Deadly Poison"],"picked":"Die Die Die+1","floor":28},{"not_picked":["Heel Hook+1","Bane+1"],"picked":"Infinite Blades","floor":30},{"not_picked":["Malaise","Corpse Explosion"],"picked":"Bullet Time","floor":33},{"not_picked":["Distraction","Endless Agony+1"],"picked":"Bouncing Flask+1","floor":35},{"not_picked":["Quick Slash+1","Flying Knee+1","Sucker Punch+1"],"picked":"SKIP","floor":37},{"not_picked":["Cloak And Dagger+1","Bullet Time"],"picked":"Blade Dance","floor":40},{"not_picked":["Riddle With Holes+1","Bouncing Flask+1"],"picked":"Deflect+1","floor":41},{"not_picked":["Acrobatics","PiercingWail+1"],"picked":"Backflip+1","floor":42},{"not_picked":["Quick Slash+1","Sucker Punch+1"],"picked":"Slice+1","floor":44},{"not_picked":["Dagger Throw+1","Expertise"],"picked":"Leg Sweep","floor":45},{"not_picked":["Terror","Backstab+1"],"picked":"Cloak And Dagger+1","floor":47},{"not_picked":["Deflect+1","Underhanded Strike+1"],"picked":"Poisoned Stab+1","floor":49},{"not_picked":["Eviscerate+1","Corpse Explosion"],"picked":"PiercingWail+1","floor":54}],"player_experience":572425,"relics_obtained":[{"floor":4,"key":"MealTicket"},{"floor":7,"key":"Strawberry"},{"floor":9,"key":"Dream Catcher"},{"floor":22,"key":"Necronomicon"},{"floor":26,"key":"Molten Egg 2"},{"floor":28,"key":"Mango"},{"floor":39,"key":"Calipers"},{"floor":40,"key":"Blood Vial"},{"floor":43,"key":"HornCleat"},{"floor":54,"key":"Ornamental Fan"}],"event_choices":[{"damage_healed":25,"gold_gain":0,"player_choice":"Banana","damage_taken":0,"max_hp_gain":0,"max_hp_loss":0,"event_name":"Big Fish","floor":11,"gold_loss":0},{"damage_healed":0,"gold_gain":99,"player_choice":"Stole From Cult","damage_taken":0,"max_hp_gain":0,"max_hp_loss":0,"event_name":"Nest","floor":19,"gold_loss":0},{"damage_healed":0,"gold_gain":0,"player_choice":"Obtained Book","damage_taken":16,"max_hp_gain":0,"max_hp_loss":0,"event_name":"Cursed Tome","floor":22,"gold_loss":0},{"cards_removed":["All Out Attack"],"damage_healed":0,"gold_gain":0,"player_choice":"Gave Gold","damage_taken":0,"max_hp_gain":0,"max_hp_loss":0,"event_name":"Beggar","floor":29,"gold_loss":75},{"cards_removed":["Deflect"],"damage_healed":0,"gold_gain":0,"player_choice":"Removed Skill","damage_taken":0,"max_hp_gain":0,"max_hp_loss":0,"event_name":"Falling","floor":36,"gold_loss":0},{"damage_healed":0,"gold_gain":0,"player_choice":"Fight","damage_taken":0,"max_hp_gain":0,"max_hp_loss":0,"event_name":"Mysterious Sphere","floor":39,"gold_loss":0},{"damage_healed":0,"gold_gain":0,"player_choice":"0 cards matched","damage_taken":0,"max_hp_gain":0,"max_hp_loss":0,"event_name":"Match and Keep!","floor":48,"gold_loss":0,"cards_obtained":[]}],"is_beta":false,"boss_relics":[{"not_picked":["Ring of the Serpent","Black Star"],"picked":"Philosopher\u0027s Stone"},{"not_picked":["Coffee Dripper","Fusion Hammer"],"picked":"WristBlade"}],"items_purged_floors":[53],"is_endless":false,"potions_floor_spawned":[3,7,16,20,28,33,39,40,42,54],"killed_by":"The Heart","ascension_level":0}}