{"host":"kg61lsvem4dxoat8","time":1613127778,"event":{"mods":["AchievementEnabler","BaseMod","Better Altar","Better Match","Better Sensory Stone","Better Skull","Block Reminder","Highlight Path","Minty Spire (QoL Compilation)","Quick Restart","Rare Cards Sparkle","Relic Sorter","Relic Stats","StSLib","Synergy Search","slay the spire mod where everything is the same but ironclad has a cowboy hat"],"gold_per_floor":[109,284,284,301,358,391,391,391,443,462,473,499,513,540,540,540,540],"floor_reached":16,"language":"ENG","playtime":317,"items_purged":[],"score":218,"play_id":"40922815-5b03-46ae-8ad0-12db0f9a166c","local_time":"20210212190258","is_ascension_mode":true,"campfire_choices":[{"data":"Carnage","floor":7,"key":"SMITH"},{"data":"Juggernaut","floor":15,"key":"SMITH"}],"circlet_count":0,"master_deck":["AscendersBane","Strike_R","Strike_R+1","Strike_R","Strike_R","Strike_R","Defend_R","Defend_R","Defend_R","Defend_R","Bash","Shrug It Off+1","Doubt","Carnage+1","Hemokinesis+1","Juggernaut+1","Iron Wave","Shrug It Off"],"relics":["Burning Blood","NeowsBlessing","Peace Pipe","Toy Ornithopter","Singing Bowl","Bag of Marbles"],"acts_visited":["Exordium"],"potions_floor_usage":[12,14,16,16],"damage_taken":[{"damage":0,"enemies":"Jaw Worm","floor":1,"turns":1},{"damage":0,"enemies":"Cultist","floor":4,"turns":1},{"damage":0,"enemies":"Lagavulin","floor":6,"turns":1},{"damage":2,"enemies":"2 Louse","floor":10,"turns":2},{"damage":4,"enemies":"Large Slime","floor":11,"turns":5},{"damage":36,"enemies":"Gremlin Nob","floor":12,"turns":4},{"damage":6,"enemies":"Exordium Thugs","floor":13,"turns":5},{"damage":23,"enemies":"Lagavulin","floor":14,"turns":5},{"damage":43,"enemies":"Slime Boss","floor":16,"turns":10}],"seed_played":"-680867199405681843","potions_obtained":[{"floor":6,"key":"Weak Potion"},{"floor":10,"key":"Explosive Potion"},{"floor":11,"key":"Energy Potion"},{"floor":14,"key":"Ancient Potion"}],"is_trial":false,"path_per_floor":["M","?","?","M","?","E","R","?","T","M","M","E","M","E","R","B"],"character_chosen":"IRONCLAD","items_purchased":[],"campfire_rested":0,"item_purchase_floors":[],"current_hp_per_floor":[78,78,78,80,80,80,80,64,64,68,70,47,47,37,37,4,4],"gold":540,"neow_bonus":"THREE_ENEMY_KILL","is_daily":false,"chose_seed":false,"campfire_upgraded":2,"win_rate":0.0,"timestamp":1613127778,"path_taken":["M","?","?","?","?","E","R","?","T","M","M","E","M","E","R","BOSS"],"items_purchased_type":[],"build_version":"2020-12-22","purchased_purges":0,"victory":false,"max_hp_per_floor":[80,80,80,80,80,80,80,80,80,80,80,82,82,84,84,84,84],"relic_stats":{"Peace Pipe":0,"Singing Bowl":4,"counters":[9,34],"obtain_stats":[{"Peace Pipe":6,"NeowsBlessing":0,"Singing Bowl":12,"Bag of Marbles":14,"Burning Blood":0,"Toy Ornithopter":9},{"Peace Pipe":3,"NeowsBlessing":0,"Singing Bowl":6,"Bag of Marbles":8,"Burning Blood":0,"Toy Ornithopter":3},{"Peace Pipe":3,"NeowsBlessing":0,"Singing Bowl":14,"Bag of Marbles":24,"Burning Blood":0,"Toy Ornithopter":3}],"Burning Blood":38,"Toy Ornithopter":20},"card_choices":[{"not_picked":["Intimidate","Feel No Pain"],"picked":"Shrug It Off","floor":1},{"not_picked":["Warcry","Clash"],"picked":"Carnage","floor":4},{"not_picked":["Cleave","Burning Pact"],"picked":"Hemokinesis","floor":6},{"not_picked":["Havoc","Hemokinesis"],"picked":"Juggernaut","floor":10},{"not_picked":["Thunderclap","Pommel Strike"],"picked":"Iron Wave","floor":11},{"not_picked":["Dropkick","Power Through","Havoc"],"picked":"Singing Bowl","floor":12},{"not_picked":["Blood for Blood","Pummel"],"picked":"Shrug It Off","floor":13},{"not_picked":["Double Tap","Evolve","Disarm"],"picked":"Singing Bowl","floor":14}],"player_experience":1493668,"relics_obtained":[{"floor":6,"key":"Peace Pipe"},{"floor":9,"key":"Toy Ornithopter"},{"floor":12,"key":"Singing Bowl"},{"floor":14,"key":"Bag of Marbles"}],"event_choices":[{"damage_healed":0,"gold_gain":175,"player_choice":"AGREE","damage_taken":0,"max_hp_gain":0,"max_hp_loss":0,"event_name":"Liars Game","floor":2,"gold_loss":0,"cards_obtained":["Doubt"]},{"damage_healed":0,"gold_gain":0,"player_choice":"Upgraded","damage_taken":0,"max_hp_gain":0,"max_hp_loss":0,"event_name":"Upgrade Shrine","floor":3,"gold_loss":0,"cards_upgraded":["Shrug It Off"]},{"damage_healed":0,"gold_gain":57,"player_choice":"Gained Gold","damage_taken":0,"max_hp_gain":0,"max_hp_loss":0,"event_name":"Golden Wing","floor":5,"gold_loss":0},{"damage_healed":0,"gold_gain":0,"player_choice":"Entered Light","damage_taken":16,"max_hp_gain":0,"max_hp_loss":0,"event_name":"Shining Light","floor":8,"gold_loss":0,"cards_upgraded":["Hemokinesis","Strike_R"]}],"is_beta":false,"boss_relics":[],"items_purged_floors":[],"is_endless":false,"potions_floor_spawned":[6,10,11,14],"killed_by":"Slime Boss","ascension_level":10}}