{"host":"nsc6ozq3atyrdr3m","time":1613152993,"event":{"mods":["BaseMod","Colored Map","Minty Spire (QoL Compilation)"],"gold_per_floor":[109,129,140,140,152,152,179,179,203,234,234,194,194,213,213,213,213],"floor_reached":16,"language":"FRA","playtime":383,"items_purged":[],"score":220,"play_id":"395d3513-1655-4d0a-ba4e-304b722725ab","local_time":"20210212190313","is_ascension_mode":true,"campfire_choices":[{"data":"Bash","floor":6,"key":"SMITH"},{"floor":8,"key":"REST"},{"floor":13,"key":"REST"},{"floor":15,"key":"REST"}],"circlet_count":0,"master_deck":["AscendersBane","Strike_R","Strike_R","Strike_R","Strike_R","Strike_R","Defend_R","Defend_R","Defend_R","Defend_R","Bash+1","Heavy Blade","Rage","Feed","Ghostly Armor","Evolve","Ghostly Armor"],"relics":["Sozu","Juzu Bracelet","Ancient Tea Set","PreservedInsect","Charon\u0027s Ashes"],"acts_visited":["Exordium"],"potions_floor_usage":[],"damage_taken":[{"damage":1,"enemies":"Cultist","floor":1,"turns":3},{"damage":0,"enemies":"Small Slimes","floor":2,"turns":3},{"damage":7,"enemies":"Jaw Worm","floor":3,"turns":2},{"damage":12,"enemies":"2 Fungi Beasts","floor":5,"turns":3},{"damage":19,"enemies":"Lagavulin","floor":7,"turns":6},{"damage":30,"enemies":"Gremlin Nob","floor":10,"turns":4},{"damage":6,"enemies":"Looter","floor":14,"turns":3},{"damage":33,"enemies":"Hexaghost","floor":16,"turns":9}],"seed_played":"7074924542522039988","potions_obtained":[],"is_trial":false,"path_per_floor":["M","M","M","?","M","R","E","R","T","E","?","$","R","M","R","B"],"character_chosen":"IRONCLAD","items_purchased":["Evolve"],"campfire_rested":3,"item_purchase_floors":[12],"current_hp_per_floor":[67,67,60,60,48,48,29,51,51,21,21,21,43,37,59,26,26],"gold":213,"neow_bonus":"BOSS_RELIC","is_daily":false,"chose_seed":false,"campfire_upgraded":1,"win_rate":0.0,"timestamp":1613152993,"path_taken":["M","?","M","?","M","R","E","R","T","E","?","$","R","M","R","BOSS"],"items_purchased_type":["Card"],"build_version":"2020-12-22","purchased_purges":0,"victory":false,"max_hp_per_floor":[75,75,75,75,75,75,75,75,75,75,75,75,75,75,75,75,75],"card_choices":[{"not_picked":["Body Slam","Warcry"],"picked":"Heavy Blade","floor":1},{"not_picked":["Feel No Pain","Armaments","True Grit"],"picked":"SKIP","floor":2},{"not_picked":["Anger","Clothesline"],"picked":"Thunderclap","floor":3},{"not_picked":["Thunderclap","Pommel Strike"],"picked":"Rage","floor":5},{"not_picked":["Warcry","Clash"],"picked":"Feed","floor":7},{"not_picked":["Heavy Blade","Thunderclap"],"picked":"Ghostly Armor","floor":10},{"not_picked":["Iron Wave","Feed"],"picked":"Ghostly Armor","floor":14}],"player_experience":397676,"relics_obtained":[{"floor":7,"key":"Juzu Bracelet"},{"floor":9,"key":"Ancient Tea Set"},{"floor":10,"key":"PreservedInsect"}],"event_choices":[{"damage_healed":0,"gold_gain":0,"player_choice":"Ignored","damage_taken":0,"max_hp_gain":0,"max_hp_loss":0,"event_name":"Liars Game","floor":4,"gold_loss":0},{"cards_removed":["Thunderclap"],"damage_healed":0,"gold_gain":0,"player_choice":"Gave Card","damage_taken":0,"relics_obtained":["Charon\u0027s Ashes"],"max_hp_gain":0,"max_hp_loss":0,"event_name":"WeMeetAgain","floor":11,"gold_loss":0}],"is_beta":false,"boss_relics":[],"items_purged_floors":[],"is_endless":false,"potions_floor_spawned":[2,3,5],"killed_by":"Hexaghost","ascension_level":20}}