{"host":"J","time":1613160377,"event":{"mods":["BaseMod","Minty Spire (QoL Compilation)","Reliquary","StSLib","The Marked"],"gold_per_floor":[117,67,83,83,83,117,117,143,166,166,179,179,208,225,225,326,326,339,254,254,273,288,288,24,24,24,37,70,88,118,129,129,224,224,243,243,258,73,85,110,110,110,135,185,204,77,102,122,122,122],"floor_reached":51,"language":"ENG","playtime":1723,"items_purged":["Shame","Regret"],"score":931,"play_id":"77f10842-4a3e-4d26-9a12-634164e47924","local_time":"20210212210617","is_ascension_mode":true,"campfire_choices":[{"data":"theMarked:OneWithTheBlade","floor":7.0,"key":"SMITH"},{"data":"theMarked:BanishingStrike","floor":10.0,"key":"SMITH"},{"data":"theMarked:Indomitable","floor":15.0,"key":"SMITH"},{"data":"theMarked:BanishingWave","floor":23.0,"key":"SMITH"},{"data":"theMarked:TakeOffHeels","floor":25.0,"key":"SMITH"},{"floor":32.0,"key":"REST"},{"data":"theMarked:TakeOffHeels","floor":42.0,"key":"SMITH"},{"data":"theMarked:Heritage","floor":49.0,"key":"SMITH"}],"circlet_count":0,"master_deck":["theMarked:Strike","theMarked:Strike","theMarked:Strike","theMarked:Strike","theMarked:Defend","theMarked:Defend","theMarked:Defend","theMarked:SoldierOfQuellstein+1","theMarked:SwordAndMagic","theMarked:BanishingStrike+1","theMarked:OneWithTheBlade+1","theMarked:Heritage+1","theMarked:BanishingWave+1","theMarked:Indomitable+1","theMarked:ContemptForTheProud","theMarked:TakeOffHeels+1","theMarked:Heritage+1","Decay","theMarked:BanishingStrike+1","theMarked:ResourceFulStrike+1","theMarked:ChainLightning+1","theMarked:TwofoldDefense+1","theMarked:RogueSparks+1","theMarked:TakeOffHeels+1","Mayhem+1","theMarked:SelfDefenseTraining+1","theMarked:BanishingStrike+1","Clumsy","theMarked:ParalyzingBlade","theMarked:ParalyzingBlade","theMarked:WardOff"],"relics":["theMarked:ArtifactOfAir","theMarked:DemonDagger","Meat on the Bone","PreservedInsect","Frozen Egg 2","Cursed Key","Tiny Chest","Membership Card","Shuriken","Ginger","Centennial Puzzle","theMarked:NailFile","reliquary:KinkedSpring","Mango","Gremlin Horn","Turnip","Orichalcum","theMarked:KettuFlask","DollysMirror","reliquary:PorcupineQuills"],"acts_visited":["Exordium","TheCity","TheBeyond"],"potions_floor_usage":[],"damage_taken":[{"damage":1.0,"enemies":"Jaw Worm","floor":1.0,"turns":3.0},{"damage":1.0,"enemies":"2 Louse","floor":3.0,"turns":3.0},{"damage":21.0,"enemies":"Lagavulin","floor":6.0,"turns":5.0},{"damage":21.0,"enemies":"3 Sentries","floor":8.0,"turns":7.0},{"damage":10.0,"enemies":"Small Slimes","floor":11.0,"turns":2.0},{"damage":0.0,"enemies":"Gremlin Nob","floor":13.0,"turns":2.0},{"damage":13.0,"enemies":"Red Slaver","floor":14.0,"turns":2.0},{"damage":0.0,"enemies":"Slime Boss","floor":16.0,"turns":4.0},{"damage":15.0,"enemies":"Shell Parasite","floor":18.0,"turns":3.0},{"damage":6.0,"enemies":"2 Thieves","floor":21.0,"turns":3.0},{"damage":18.0,"enemies":"Snecko","floor":22.0,"turns":4.0},{"damage":23.0,"enemies":"Cultist and Chosen","floor":27.0,"turns":5.0},{"damage":0.0,"enemies":"Gremlin Leader","floor":28.0,"turns":2.0},{"damage":6.0,"enemies":"Chosen and Byrds","floor":29.0,"turns":4.0},{"damage":27.0,"enemies":"Slavers","floor":30.0,"turns":3.0},{"damage":14.0,"enemies":"3 Cultists","floor":31.0,"turns":4.0},{"damage":22.0,"enemies":"Champ","floor":33.0,"turns":7.0},{"damage":5.0,"enemies":"Orb Walker","floor":35.0,"turns":2.0},{"damage":0.0,"enemies":"3 Darklings","floor":37.0,"turns":3.0},{"damage":1.0,"enemies":"Transient","floor":39.0,"turns":5.0},{"damage":17.0,"enemies":"Nemesis","floor":40.0,"turns":5.0},{"damage":19.0,"enemies":"Mind Bloom Boss Battle","floor":44.0,"turns":6.0},{"damage":18.0,"enemies":"Sphere and 2 Shapes","floor":45.0,"turns":4.0},{"damage":9.0,"enemies":"Giant Head","floor":47.0,"turns":5.0},{"damage":0.0,"enemies":"3 Darklings","floor":48.0,"turns":3.0},{"damage":20,"enemies":"Time Eater","floor":50,"turns":9}],"seed_played":"7971665912153517488","potions_obtained":[{"floor":3.0,"key":"FairyPotion"},{"floor":6.0,"key":"LiquidBronze"},{"floor":13.0,"key":"FairyPotion"},{"floor":14.0,"key":"Block Potion"},{"floor":21.0,"key":"SpeedPotion"},{"floor":29.0,"key":"theMarked:HoverShot"},{"floor":33.0,"key":"Energy Potion"},{"floor":37.0,"key":"Energy Potion"},{"floor":45.0,"key":"SteroidPotion"}],"is_trial":false,"path_per_floor":["M","?","M","?","?","E","R","E","T","R","M","?","E","M","R","B",null,"M","?","?","M","M","R","$","R","T","M","E","M","E","M","R","B",null,"M","?","M","$","M","E","T","R","T","?","M","$","E","M","R","B",null],"character_chosen":"THE_DEFAULT","items_purchased":["Membership Card","Shuriken","Mango","DollysMirror"],"campfire_rested":1,"item_purchase_floors":[24,24,38,46],"current_hp_per_floor":[69,69,68,61,66,45,45,24,24,24,26,26,38,37,37,49,75,60,60,60,54,48,48,48,48,48,37,49,43,28,26,48,38,75,70,70,70,84,83,66,66,66,66,57,51,51,54,54,54,46],"gold":122,"neow_bonus":"UPGRADE_CARD","is_daily":false,"chose_seed":false,"campfire_upgraded":7,"win_rate":0.0,"timestamp":1613160377,"path_taken":["M","?","M","?","?","E","R","E","T","R","M","?","E","M","R","BOSS","M","?","?","?","M","R","$","R","T","M","E","M","E","M","R","BOSS","BOSS","M","?","M","$","M","E","?","R","T","?","M","$","E","M","R","BOSS"],"items_purchased_type":["Relic","Relic","Relic","Relic"],"build_version":"2020-12-18","purchased_purges":2,"victory":true,"max_hp_per_floor":[70,70,70,70,75,75,75,75,75,75,75,75,75,75,75,75,75,75,75,75,75,75,75,75,75,75,75,75,75,75,75,75,75,75,75,75,75,89,89,89,89,89,89,89,89,89,89,89,89,89],"card_choices":[{"not_picked":["theMarked:HeightenedSenses","theMarked:MuscleMemory"],"picked":"theMarked:SwordAndMagic","floor":1.0},{"not_picked":["theMarked:LightningStrikesTwice","theMarked:WardOff"],"picked":"theMarked:BanishingStrike","floor":3.0},{"not_picked":["theMarked:Improvise","theMarked:CreepingChasm"],"picked":"theMarked:OneWithTheBlade","floor":6.0},{"not_picked":["theMarked:EnhanceMovement","theMarked:ChainLightning"],"picked":"theMarked:Heritage","floor":8.0},{"not_picked":["theMarked:Overcharge","theMarked:TwofoldDefense"],"picked":"theMarked:BanishingWave","floor":11.0},{"not_picked":["theMarked:TakeCover","theMarked:UnarmedFury"],"picked":"theMarked:Indomitable","floor":13.0},{"not_picked":["theMarked:Indomitable","theMarked:Generate"],"picked":"theMarked:ContemptForTheProud","floor":14.0},{"not_picked":["theMarked:Defy","theMarked:Levitate"],"picked":"theMarked:TakeOffHeels","floor":16.0},{"not_picked":["theMarked:TwofoldDefense+1","theMarked:Maelstrom"],"picked":"theMarked:Heritage+1","floor":18.0},{"not_picked":["theMarked:TakeCover","theMarked:MuscleMemory+1"],"picked":"theMarked:BanishingStrike+1","floor":21.0},{"not_picked":["theMarked:Frustration","theMarked:TunnelVision"],"picked":"theMarked:ResourceFulStrike+1","floor":22.0},{"not_picked":["theMarked:OneWithTheBlade","theMarked:TwofoldDefense"],"picked":"theMarked:ChainLightning+1","floor":27.0},{"not_picked":["theMarked:Overthink","theMarked:TurnInvisible","theMarked:Generate"],"picked":"SKIP","floor":28.0},{"not_picked":["theMarked:Overcharge+1","theMarked:ElectricStrings"],"picked":"theMarked:TwofoldDefense+1","floor":29.0},{"not_picked":["theMarked:Improvise","theMarked:PowerFlow","theMarked:Overcharge+1"],"picked":"SKIP","floor":30.0},{"not_picked":["theMarked:TakeCover+1","theMarked:PowerFlow"],"picked":"theMarked:RogueSparks+1","floor":31.0},{"not_picked":["theMarked:UnarmedFury","theMarked:ThrowWeapon"],"picked":"theMarked:TakeOffHeels","floor":33.0},{"not_picked":["theMarked:ElectricStrings+1","theMarked:ChainLightning+1","theMarked:Aftermath+1"],"picked":"SKIP","floor":35.0},{"not_picked":["Impatience","Trip"],"picked":"Mayhem+1","floor":36.0},{"not_picked":["theMarked:KeepCalmAndFight+1","theMarked:Polarize+1","theMarked:ContemptForTheProud+1"],"picked":"SKIP","floor":37.0},{"not_picked":["theMarked:Electrify","theMarked:Memento"],"picked":"theMarked:SelfDefenseTraining+1","floor":39.0},{"not_picked":["theMarked:CreepingChasm","theMarked:AttractMetal"],"picked":"theMarked:BanishingStrike+1","floor":40.0},{"not_picked":["theMarked:AttractMetal+1","theMarked:ResourceFulStrike+1"],"picked":"theMarked:ParalyzingBlade","floor":44.0},{"not_picked":["theMarked:HeightenedSenses+1","theMarked:CreepingChasm","theMarked:ChainLightning"],"picked":"SKIP","floor":45.0},{"not_picked":["theMarked:TurnInvisible","theMarked:TwofoldDefense+1","theMarked:ChainLightning"],"picked":"SKIP","floor":47.0},{"not_picked":["theMarked:Overcharge","theMarked:Heritage+1"],"picked":"theMarked:WardOff","floor":48.0}],"player_experience":1256115,"relics_obtained":[{"floor":6.0,"key":"theMarked:DemonDagger"},{"floor":8.0,"key":"Meat on the Bone"},{"floor":9.0,"key":"PreservedInsect"},{"floor":13.0,"key":"Frozen Egg 2"},{"floor":26.0,"key":"Ginger"},{"floor":28.0,"key":"Centennial Puzzle"},{"floor":30.0,"key":"theMarked:NailFile"},{"floor":40.0,"key":"Gremlin Horn"},{"floor":41.0,"key":"Turnip"},{"floor":43.0,"key":"Orichalcum"},{"floor":44.0,"key":"theMarked:KettuFlask"},{"floor":47.0,"key":"reliquary:PorcupineQuills"}],"event_choices":[{"cards_removed":["theMarked:Strike"],"damage_healed":0.0,"max_hp_gain":0.0,"max_hp_loss":0.0,"gold_gain":0.0,"event_name":"The Cleric","player_choice":"Card Removal","floor":2.0,"gold_loss":50.0,"damage_taken":0.0},{"cards_removed":["theMarked:Defend"],"damage_healed":0.0,"max_hp_gain":0.0,"max_hp_loss":0.0,"gold_gain":0.0,"event_name":"Golden Wing","player_choice":"Card Removal","floor":4.0,"gold_loss":0.0,"damage_taken":7.0},{"damage_healed":0.0,"max_hp_gain":5.0,"max_hp_loss":0.0,"gold_gain":0.0,"event_name":"Big Fish","player_choice":"Donut","floor":5.0,"gold_loss":0.0,"damage_taken":0.0},{"damage_healed":0.0,"max_hp_gain":0.0,"max_hp_loss":0.0,"gold_gain":0.0,"event_name":"Shining Light","player_choice":"Ignored","floor":12.0,"gold_loss":0.0,"damage_taken":0.0},{"damage_healed":0.0,"max_hp_gain":0.0,"max_hp_loss":0.0,"gold_gain":0.0,"event_name":"Addict","player_choice":"Obtained Relic","floor":19.0,"gold_loss":85.0,"damage_taken":0.0,"relics_obtained":["Tiny Chest"]},{"damage_healed":0.0,"max_hp_gain":0.0,"max_hp_loss":0.0,"gold_gain":0.0,"event_name":"Wheel of Change","player_choice":"Cursed","floor":20.0,"gold_loss":0.0,"damage_taken":0.0,"cards_obtained":["Decay"]},{"damage_healed":0.0,"max_hp_gain":0.0,"max_hp_loss":0.0,"gold_gain":0.0,"event_name":"SensoryStone","player_choice":"Memory 1","floor":36.0,"gold_loss":0.0,"damage_taken":0.0},{"damage_healed":0.0,"max_hp_gain":0.0,"max_hp_loss":0.0,"gold_gain":0.0,"event_name":"MindBloom","player_choice":"Fight","floor":44.0,"gold_loss":0.0,"damage_taken":0.0}],"is_beta":true,"boss_relics":[{"not_picked":["SacredBark","theMarked:Eyepatch"],"picked":"Cursed Key"},{"not_picked":["Black Star","Calling Bell"],"picked":"reliquary:KinkedSpring"}],"items_purged_floors":[38,46],"is_endless":false,"potions_floor_spawned":[3,6,13,14,21,29,31,33,37,44,45,48],"ascension_level":1}}