{"host":"uod8ea48n93qw90p","time":1613103834,"event":{"mods":["AchievementEnabler","BaseMod","Bestiary","Highlight Path","Minty Spire (QoL Compilation)","Relic Stats","StSLib"],"gold_per_floor":[212,227,302,38,56,88,88,116,116,116,147,169,169,94,94,173,173,189,189,189,104,114,139,139,173,173,173,191,218,34,49,49,123,123,140,14,28,46,61,61,91,91,91,116,116,141,141,171,171,171,171,171,171,30,63,63],"floor_reached":57,"language":"ENG","playtime":4830,"items_purged":["Strike_G","Strike_G"],"score":2999,"play_id":"9b772488-5b26-4157-b907-dc1ef65eb904","local_time":"20210211222354","is_ascension_mode":true,"campfire_choices":[{"floor":7.0,"key":"REST"},{"floor":10.0,"key":"REST"},{"data":"Neutralize","floor":15.0,"key":"SMITH"},{"data":"After Image","floor":24.0,"key":"SMITH"},{"data":"Finisher","floor":27.0,"key":"SMITH"},{"floor":32.0,"key":"REST"},{"floor":40.0,"key":"RECALL"},{"floor":47.0,"key":"REST"},{"data":"1","floor":49.0,"key":"LIFT"},{"data":"2","floor":53.0,"key":"LIFT"}],"circlet_count":0,"master_deck":["AscendersBane","Strike_G","Strike_G","Defend_G","Defend_G","Defend_G","Defend_G","Defend_G","Survivor","Neutralize+1","Dagger Throw","Quick Slash","Backstab","Blade Dance","Terror","Blade Dance","Backflip","After Image+1","Finisher+1","Escape Plan","Accuracy","PiercingWail","Deadly Poison+1","A Thousand Cuts+1","Footwork+1","Well Laid Plans+1","Blade Dance","After Image+1","Calculated Gamble+1","Cloak And Dagger+1","PiercingWail","Leg Sweep","Malaise+1","Concentrate","Blur"],"relics":["Ring of the Snake","Question Card","Pen Nib","Dead Branch","Juzu Bracelet","Odd Mushroom","The Specimen","Philosopher\u0027s Stone","Gambling Chip","The Courier","Frozen Egg 2","Paper Crane","Regal Pillow","Fusion Hammer","OrangePellets","Girya","Lizard Tail","FossilizedHelix","TungstenRod","Letter Opener","Kunai"],"acts_visited":["Exordium","TheCity","TheBeyond","TheEnding"],"potions_floor_usage":[56,56],"damage_taken":[{"damage":9.0,"enemies":"Cultist","floor":1.0,"turns":5.0},{"damage":1.0,"enemies":"Small Slimes","floor":2.0,"turns":4.0},{"damage":0.0,"enemies":"2 Louse","floor":5.0,"turns":2.0},{"damage":18.0,"enemies":"Gremlin Nob","floor":6.0,"turns":4.0},{"damage":22.0,"enemies":"3 Sentries","floor":8.0,"turns":8.0},{"damage":10.0,"enemies":"Lagavulin","floor":11.0,"turns":4.0},{"damage":0.0,"enemies":"The Mushroom Lair","floor":12.0,"turns":2.0},{"damage":12.0,"enemies":"Hexaghost","floor":16.0,"turns":9.0},{"damage":0.0,"enemies":"Chosen","floor":18.0,"turns":2.0},{"damage":0.0,"enemies":"Shell Parasite","floor":22.0,"turns":1.0},{"damage":0.0,"enemies":"Gremlin Leader","floor":23.0,"turns":5.0},{"damage":17.0,"enemies":"Book of Stabbing","floor":25.0,"turns":4.0},{"damage":9.0,"enemies":"Shelled Parasite and Fungi","floor":28.0,"turns":3.0},{"damage":0.0,"enemies":"Gremlin Leader","floor":29.0,"turns":4.0},{"damage":2.0,"enemies":"Snake Plant","floor":31.0,"turns":2.0},{"damage":45.0,"enemies":"Collector","floor":33.0,"turns":8.0},{"damage":0.0,"enemies":"Orb Walker","floor":35.0,"turns":3.0},{"damage":0.0,"enemies":"3 Darklings","floor":37.0,"turns":3.0},{"damage":1.0,"enemies":"4 Shapes","floor":38.0,"turns":8.0},{"damage":0.0,"enemies":"Transient","floor":39.0,"turns":6.0},{"damage":11.0,"enemies":"Reptomancer","floor":41.0,"turns":6.0},{"damage":0.0,"enemies":"Mind Bloom Boss Battle","floor":44.0,"turns":1.0},{"damage":17.0,"enemies":"Nemesis","floor":46.0,"turns":9.0},{"damage":0.0,"enemies":"Reptomancer","floor":48.0,"turns":5.0},{"damage":45.0,"enemies":"Awakened One","floor":50.0,"turns":15.0},{"damage":0.0,"enemies":"Time Eater","floor":51.0,"turns":9.0},{"damage":9.0,"enemies":"Shield and Spear","floor":55.0,"turns":7.0},{"damage":7,"enemies":"The Heart","floor":56,"turns":11}],"seed_played":"3634466688201594931","potions_obtained":[{"floor":1.0,"key":"Fire Potion"},{"floor":11.0,"key":"LiquidBronze"},{"floor":18.0,"key":"SteroidPotion"},{"floor":25.0,"key":"Poison Potion"},{"floor":31.0,"key":"SteroidPotion"},{"floor":37.0,"key":"Dexterity Potion"}],"is_trial":false,"path_per_floor":["M","M","?","$","M","E","R","E","T","R","E","?","?","?","R","B",null,"M","?","?","?","M","E","R","E","T","R","M","E","$","M","R","B",null,"M","$","M","M","M","R","E","?","T","?","?","E","R","E","R","B","B",null,"R","$","E","B",null],"character_chosen":"THE_SILENT","items_purchased":["Question Card","Footwork+1","Well Laid Plans+1","OrangePellets","Blur"],"campfire_rested":4,"item_purchase_floors":[4,30,30,36,54],"current_hp_per_floor":[50,49,38,38,38,20,39,17,17,36,26,26,15,15,15,3,50,50,50,50,50,50,50,50,33,33,33,24,24,24,22,56,11,52,52,52,52,51,51,51,40,40,40,40,40,23,57,57,57,12,12,53,53,53,44,37],"gold":63,"neow_bonus":"HUNDRED_GOLD","is_daily":false,"chose_seed":false,"campfire_upgraded":3,"win_rate":0.0,"timestamp":1613103834,"path_taken":["M","?","?","$","M","E","R","E","T","R","E","?","?","?","R","BOSS","M","?","?","?","M","E","R","E","T","R","M","E","$","M","R","BOSS","M","$","M","M","M","R","E","?","T","?","?","E","R","E","R","BOSS","BOSS","R","$","E","BOSS"],"items_purchased_type":["Relic","Card","Card","Relic","Card"],"build_version":"2020-12-22","purchased_purges":2,"victory":true,"max_hp_per_floor":[66,66,66,66,66,66,66,66,66,66,66,66,66,66,66,66,66,66,66,66,66,66,66,66,66,66,66,66,66,66,66,66,66,66,66,66,66,66,66,66,66,66,66,66,66,66,66,66,66,66,66,66,66,66,66,66],"relic_stats":{"Regal Pillow":30,"counters":[28,150],"Dead Branch":[372],"Pen Nib":[46],"Juzu Bracelet":3,"Letter Opener":[162],"Question Card":23,"OrangePellets":[6],"Lizard Tail":0,"Gambling Chip":[44],"Kunai":[5],"obtain_stats":[{"Girya":41,"Regal Pillow":29,"The Specimen":13,"Dead Branch":8,"Pen Nib":6,"The Courier":23,"Juzu Bracelet":11,"Letter Opener":48,"Odd Mushroom":12,"Frozen Egg 2":25,"Paper Crane":26,"Question Card":4,"OrangePellets":36,"Lizard Tail":43,"Gambling Chip":21,"Philosopher\u0027s Stone":17,"Fusion Hammer":34,"Kunai":55,"FossilizedHelix":44,"TungstenRod":46,"Ring of the Snake":0},{"Girya":21,"Regal Pillow":14,"The Specimen":7,"Dead Branch":5,"Pen Nib":4,"The Courier":11,"Juzu Bracelet":6,"Letter Opener":24,"Odd Mushroom":7,"Frozen Egg 2":12,"Paper Crane":12,"Question Card":2,"OrangePellets":17,"Lizard Tail":21,"Gambling Chip":9,"Philosopher\u0027s Stone":8,"Fusion Hammer":16,"Kunai":27,"FossilizedHelix":22,"TungstenRod":23,"Ring of the Snake":0},{"Girya":93,"Regal Pillow":57,"The Specimen":29,"Dead Branch":23,"Pen Nib":15,"The Courier":46,"Juzu Bracelet":27,"Letter Opener":108,"Odd Mushroom":29,"Frozen Egg 2":50,"Paper Crane":50,"Question Card":9,"OrangePellets":70,"Lizard Tail":93,"Gambling Chip":40,"Philosopher\u0027s Stone":38,"Fusion Hammer":67,"Kunai":139,"FossilizedHelix":94,"TungstenRod":103,"Ring of the Snake":0}],"TungstenRod":13,"Ring of the Snake":[56]},"card_choices":[{"not_picked":["Terror","Blur"],"picked":"Dagger Throw","floor":1.0},{"not_picked":["Deflect","Acrobatics"],"picked":"Quick Slash","floor":2.0},{"not_picked":["Caltrops","Flying Knee","PiercingWail"],"picked":"Backstab","floor":5.0},{"not_picked":["Dodge and Roll","Prepared","Caltrops"],"picked":"Blade Dance","floor":6.0},{"not_picked":["Dagger Throw","Underhanded Strike","Blade Dance"],"picked":"Terror","floor":8.0},{"not_picked":["Bane","Grand Finale","Dagger Throw"],"picked":"Blade Dance","floor":11.0},{"not_picked":["Prepared","Sucker Punch","Underhanded Strike"],"picked":"Backflip","floor":12.0},{"not_picked":["Storm of Steel","Burst","Corpse Explosion"],"picked":"After Image","floor":16.0},{"not_picked":["Dagger Spray","Deflect","Sucker Punch"],"picked":"Finisher","floor":18.0},{"not_picked":["Dagger Spray","Poisoned Stab","Catalyst"],"picked":"Escape Plan","floor":22.0},{"not_picked":["Bane","Well Laid Plans","Die Die Die"],"picked":"Accuracy","floor":23.0},{"not_picked":["Flying Knee","Prepared","Calculated Gamble"],"picked":"PiercingWail","floor":25.0},{"not_picked":["Dagger Throw","Underhanded Strike","Backflip"],"picked":"Deadly Poison+1","floor":28.0},{"not_picked":["Dagger Spray","PiercingWail","Endless Agony"],"picked":"A Thousand Cuts+1","floor":29.0},{"not_picked":["Reflex","Heel Hook","Setup"],"picked":"Blade Dance","floor":31.0},{"not_picked":["Unload","Night Terror","Envenom+1"],"picked":"After Image+1","floor":33.0},{"not_picked":["Distraction","Poisoned Stab","Backflip"],"picked":"Calculated Gamble+1","floor":35.0},{"not_picked":["Quick Slash+1","Flying Knee+1","Flechettes","Underhanded Strike"],"picked":"SKIP","floor":37.0},{"not_picked":["Riddle With Holes","Sucker Punch+1","PiercingWail"],"picked":"Cloak And Dagger+1","floor":38.0},{"not_picked":["Riddle With Holes","Masterful Stab","Prepared","Blade Dance"],"picked":"SKIP","floor":39.0},{"not_picked":["Footwork+1","Sucker Punch","Backflip"],"picked":"PiercingWail","floor":41.0},{"not_picked":["Dash+1","Cloak And Dagger","Deadly Poison+1"],"picked":"Malaise","floor":44.0},{"not_picked":["Flying Knee","Dagger Spray+1","Infinite Blades+1","Bane"],"picked":"SKIP","floor":46.0},{"not_picked":["Reflex","Blade Dance","Quick Slash+1"],"picked":"Concentrate","floor":48.0},{"not_picked":["Eviscerate","Well Laid Plans+1","Endless Agony","Masterful Stab+1"],"picked":"SKIP","floor":55.0}],"player_experience":116200,"relics_obtained":[{"floor":6.0,"key":"Pen Nib"},{"floor":8.0,"key":"Dead Branch"},{"floor":11.0,"key":"Juzu Bracelet"},{"floor":12.0,"key":"Odd Mushroom"},{"floor":23.0,"key":"The Courier"},{"floor":25.0,"key":"Frozen Egg 2"},{"floor":26.0,"key":"Paper Crane"},{"floor":29.0,"key":"Regal Pillow"},{"floor":41.0,"key":"Girya"},{"floor":43.0,"key":"Lizard Tail"},{"floor":44.0,"key":"FossilizedHelix"},{"floor":46.0,"key":"TungstenRod"},{"floor":48.0,"key":"Letter Opener"},{"floor":55.0,"key":"Kunai"}],"event_choices":[{"damage_healed":0.0,"max_hp_gain":0.0,"max_hp_loss":0.0,"gold_gain":75.0,"event_name":"World of Goop","player_choice":"Gather Gold","floor":3.0,"gold_loss":0.0,"damage_taken":11.0},{"damage_healed":0.0,"max_hp_gain":0.0,"max_hp_loss":0.0,"gold_gain":0.0,"event_name":"Mushrooms","player_choice":"Fought Mushrooms","floor":12.0,"gold_loss":0.0,"damage_taken":0.0},{"damage_healed":0.0,"max_hp_gain":0.0,"max_hp_loss":0.0,"gold_gain":0.0,"event_name":"Scrap Ooze","player_choice":"Success","floor":13.0,"gold_loss":0.0,"damage_taken":11.0,"relics_obtained":["The Specimen"]},{"cards_removed":["Strike_G"],"damage_healed":0.0,"max_hp_gain":0.0,"max_hp_loss":0.0,"gold_gain":0.0,"event_name":"The Cleric","player_choice":"Card Removal","floor":14.0,"gold_loss":75.0,"damage_taken":0.0},{"damage_healed":0.0,"max_hp_gain":0.0,"max_hp_loss":0.0,"gold_gain":0.0,"event_name":"N\u0027loth","player_choice":"Ignored","floor":19.0,"gold_loss":0.0,"damage_taken":0.0},{"damage_healed":0.0,"max_hp_gain":0.0,"max_hp_loss":0.0,"gold_gain":0.0,"event_name":"Ghosts","player_choice":"Ignored","floor":20.0,"gold_loss":0.0,"damage_taken":0.0},{"damage_healed":0.0,"max_hp_gain":0.0,"max_hp_loss":0.0,"gold_gain":0.0,"event_name":"Addict","player_choice":"Obtained Relic","floor":21.0,"gold_loss":85.0,"damage_taken":0.0,"relics_obtained":["Gambling Chip"]},{"damage_healed":0.0,"max_hp_gain":0.0,"max_hp_loss":0.0,"gold_gain":0.0,"event_name":"Match and Keep!","player_choice":"1 cards matched","floor":42.0,"gold_loss":0.0,"damage_taken":0.0,"cards_obtained":["Leg Sweep"]},{"damage_healed":0.0,"max_hp_gain":0.0,"max_hp_loss":0.0,"gold_gain":0.0,"event_name":"MindBloom","player_choice":"Fight","floor":44.0,"gold_loss":0.0,"damage_taken":0.0},{"damage_healed":0.0,"max_hp_gain":0.0,"max_hp_loss":0.0,"gold_gain":0.0,"event_name":"Upgrade Shrine","player_choice":"Upgraded","floor":45.0,"gold_loss":0.0,"damage_taken":0.0,"cards_upgraded":["Malaise"]}],"is_beta":false,"boss_relics":[{"not_picked":["WristBlade","Runic Dome"],"picked":"Philosopher\u0027s Stone"},{"not_picked":["Tiny House","SacredBark"],"picked":"Fusion Hammer"}],"items_purged_floors":[30,54],"is_endless":false,"potions_floor_spawned":[1,11,18,25,28,31,37,39,48],"ascension_level":20}}