{"host":"08ib58efwyqa9h2x","time":1613138663,"event":{"mods":["BaseMod","Minty Spire (QoL Compilation)","Relic Stats"],"gold_per_floor":[117,117,192,205,217,250,264,290,340,368,407,419,431,460,472,561,573,604,635,28,41,57,89,103,115,115,115,126,143,143,158,158,231,231,246,146,166,218,243,268,302,302,327,327,356,376,411,411,411,411,411,411,74,105,105,105],"floor_reached":55,"language":"ENG","playtime":3813,"items_purged":["Strike_R","Strike_R","Strike_R"],"score":1686,"play_id":"796d037e-bc41-4e32-bc97-b09ee45ecf5a","local_time":"20210212150423","is_ascension_mode":true,"campfire_choices":[{"floor":12.0,"key":"REST"},{"data":"Shockwave","floor":15.0,"key":"SMITH"},{"data":"Bludgeon","floor":32.0,"key":"SMITH"},{"floor":42.0,"key":"DIG"},{"floor":44.0,"key":"DIG"},{"floor":49.0,"key":"RECALL"},{"floor":52,"key":"DIG"}],"circlet_count":0,"master_deck":["AscendersBane","Strike_R","Strike_R","Defend_R","Defend_R","Defend_R","Defend_R","Bash","Perfected Strike","Battle Trance","Impervious","Shockwave+1","Perfected Strike","Impervious","Flame Barrier","Clothesline","Bludgeon+1","Flex+1","Apotheosis","Feed","CurseOfTheBell","Dual Wield"],"relics":["Snecko Eye","Dream Catcher","Blue Candle","MawBank","Blood Vial","Busted Crown","Orrery","Ancient Tea Set","Tiny Chest","Pen Nib","Pantograph","Calling Bell","PreservedInsect","Frozen Egg 2","Unceasing Top","Calipers","TungstenRod","Nunchaku","Shovel","Juzu Bracelet","Red Skull","Sundial","Bag of Marbles","StrikeDummy","Letter Opener"],"acts_visited":["Exordium","TheCity","TheBeyond","TheEnding"],"potions_floor_usage":[50,54,55],"damage_taken":[{"damage":4.0,"enemies":"Jaw Worm","floor":1.0,"turns":4.0},{"damage":7.0,"enemies":"Small Slimes","floor":4.0,"turns":3.0},{"damage":1.0,"enemies":"2 Louse","floor":5.0,"turns":2.0},{"damage":15.0,"enemies":"Lagavulin","floor":6.0,"turns":5.0},{"damage":9.0,"enemies":"Exordium Thugs","floor":7.0,"turns":6.0},{"damage":20.0,"enemies":"3 Sentries","floor":8.0,"turns":5.0},{"damage":3.0,"enemies":"Gremlin Gang","floor":10.0,"turns":5.0},{"damage":0.0,"enemies":"Lagavulin","floor":11.0,"turns":6.0},{"damage":0.0,"enemies":"3 Louse","floor":14.0,"turns":3.0},{"damage":7.0,"enemies":"Slime Boss","floor":16.0,"turns":9.0},{"damage":3.0,"enemies":"2 Thieves","floor":18.0,"turns":2.0},{"damage":0.0,"enemies":"Chosen","floor":19.0,"turns":3.0},{"damage":0.0,"enemies":"Shelled Parasite and Fungi","floor":21.0,"turns":3.0},{"damage":0.0,"enemies":"Snecko","floor":22.0,"turns":2.0},{"damage":0.0,"enemies":"Gremlin Leader","floor":23.0,"turns":5.0},{"damage":0.0,"enemies":"Centurion and Healer","floor":24.0,"turns":2.0},{"damage":0.0,"enemies":"Snake Plant","floor":25.0,"turns":3.0},{"damage":0.0,"enemies":"Shelled Parasite and Fungi","floor":28.0,"turns":3.0},{"damage":4.0,"enemies":"Chosen and Byrds","floor":29.0,"turns":3.0},{"damage":0.0,"enemies":"Snake Plant","floor":31.0,"turns":3.0},{"damage":2.0,"enemies":"Collector","floor":33.0,"turns":7.0},{"damage":6.0,"enemies":"3 Darklings","floor":35.0,"turns":4.0},{"damage":0.0,"enemies":"3 Shapes","floor":37.0,"turns":2.0},{"damage":22.0,"enemies":"2 Orb Walkers","floor":38.0,"turns":4.0},{"damage":3.0,"enemies":"Mind Bloom Boss Battle","floor":39.0,"turns":6.0},{"damage":32.0,"enemies":"Reptomancer","floor":41.0,"turns":5.0},{"damage":28.0,"enemies":"Giant Head","floor":45.0,"turns":5.0},{"damage":0.0,"enemies":"Sphere and 2 Shapes","floor":46.0,"turns":3.0},{"damage":16.0,"enemies":"Reptomancer","floor":47.0,"turns":3.0},{"damage":70,"enemies":"Awakened One","floor":50,"turns":11},{"damage":15,"enemies":"Shield and Spear","floor":54,"turns":5},{"damage":94,"enemies":"The Heart","floor":55,"turns":6}],"seed_played":"3785097598294432151","potions_obtained":[{"floor":6.0,"key":"Ancient Potion"},{"floor":7.0,"key":"Fire Potion"},{"floor":10.0,"key":"Energy Potion"},{"floor":11.0,"key":"Swift Potion"},{"floor":14.0,"key":"LiquidBronze"},{"floor":18.0,"key":"Swift Potion"},{"floor":25.0,"key":"BloodPotion"},{"floor":27.0,"key":"SneckoOil"},{"floor":31.0,"key":"SmokeBomb"},{"floor":37.0,"key":"FairyPotion"}],"is_trial":false,"path_per_floor":["M","?","?","M","M","E","M","E","T","M","E","R","?","M","R","B",null,"M","M","$","M","M","E","M","M","T","?","M","M","T","M","R","B",null,"M","$","M","?","?","T","E","R","T","R","E","M","E","?","R","B",null,"R","$","E","B"],"character_chosen":"IRONCLAD","items_purchased":["Orrery","Apotheosis","Ancient Tea Set","Dual Wield","GamblersBrew","GamblersBrew"],"campfire_rested":1,"item_purchase_floors":[20,20,20,53,53,53],"current_hp_per_floor":[64,69,58,51,50,35,26,6,6,3,3,27,27,29,29,24,66,65,67,67,69,71,73,75,77,77,77,79,76,76,78,78,78,80,78,78,84,64,85,85,55,55,55,55,29,34,20,20,20,34,76,76,76,67,0,0],"gold":105,"neow_bonus":"BOSS_RELIC","is_daily":false,"chose_seed":false,"campfire_upgraded":2,"win_rate":0.0,"timestamp":1613138663,"path_taken":["M","?","?","M","M","E","M","E","T","M","E","R","?","M","R","BOSS","M","M","$","M","M","E","M","M","T","?","?","?","?","?","R","BOSS","M","$","M","?","?","?","E","R","T","R","E","M","E","?","R","BOSS","R","$","E","BOSS"],"items_purchased_type":["Relic","Card","Relic","Card","Potion","Potion"],"build_version":"2020-12-22","purchased_purges":3,"victory":false,"max_hp_per_floor":[75,80,80,80,80,80,80,80,80,80,80,80,80,80,80,80,80,80,80,80,80,80,80,80,80,80,80,80,80,80,80,80,80,80,84,84,88,88,88,88,88,88,88,88,88,91,91,86,86,90,90,90,90,94,94,94],"relic_stats":{"counters":[32,138],"Blue Candle":[5],"Pen Nib":[13],"PreservedInsect":327,"Juzu Bracelet":0,"Letter Opener":[5],"MawBank":132,"Blood Vial":41,"Dream Catcher":1,"Nunchaku":[7],"Busted Crown":52,"Shovel":3,"Sundial":[6],"Pantograph":76,"Snecko Eye":[264,264,269,242],"Tiny Chest":2,"obtain_stats":[{"Calipers":38,"Juzu Bracelet":42,"Ancient Tea Set":20,"Burning Blood":0,"Blood Vial":11,"Dream Catcher":6,"Nunchaku":40,"Shovel":41,"Sundial":45,"Pantograph":30,"Tiny Chest":23,"Red Skull":44,"Blue Candle":8,"Pen Nib":26,"PreservedInsect":34,"Letter Opener":54,"Frozen Egg 2":34,"MawBank":9,"Calling Bell":34,"Busted Crown":17,"Snecko Eye":0,"Orrery":20,"Bag of Marbles":47,"StrikeDummy":52,"Unceasing Top":34,"TungstenRod":39},{"Calipers":24,"Juzu Bracelet":26,"Ancient Tea Set":12,"Burning Blood":0,"Blood Vial":8,"Dream Catcher":4,"Nunchaku":25,"Shovel":26,"Sundial":27,"Pantograph":19,"Tiny Chest":15,"Red Skull":26,"Blue Candle":6,"Pen Nib":17,"PreservedInsect":21,"Letter Opener":31,"Frozen Egg 2":21,"MawBank":6,"Calling Bell":21,"Busted Crown":10,"Snecko Eye":0,"Orrery":12,"Bag of Marbles":29,"StrikeDummy":30,"Unceasing Top":21,"TungstenRod":25},{"Calipers":94,"Juzu Bracelet":105,"Ancient Tea Set":53,"Burning Blood":0,"Blood Vial":36,"Dream Catcher":14,"Nunchaku":100,"Shovel":105,"Sundial":110,"Pantograph":74,"Tiny Chest":63,"Red Skull":105,"Blue Candle":25,"Pen Nib":68,"PreservedInsect":84,"Letter Opener":132,"Frozen Egg 2":84,"MawBank":25,"Calling Bell":84,"Busted Crown":48,"Snecko Eye":0,"Orrery":53,"Bag of Marbles":116,"StrikeDummy":127,"Unceasing Top":84,"TungstenRod":100}],"Unceasing Top":[0],"TungstenRod":43},"card_choices":[{"not_picked":["Headbutt","True Grit"],"picked":"Perfected Strike","floor":1.0},{"not_picked":["Anger","Clothesline"],"picked":"Battle Trance","floor":4.0},{"not_picked":["Heavy Blade","Feel No Pain"],"picked":"Impervious","floor":5.0},{"not_picked":["Headbutt","Berserk"],"picked":"Shockwave","floor":6.0},{"not_picked":["Flex","Sentinel"],"picked":"Perfected Strike","floor":7.0},{"not_picked":["Cleave","Whirlwind"],"picked":"Impervious","floor":8.0},{"not_picked":["Cleave","Dropkick","Reckless Charge"],"picked":"SKIP","floor":10.0},{"not_picked":["Hemokinesis","Inflame"],"picked":"Flame Barrier","floor":11.0},{"not_picked":["Inflame","Pommel Strike"],"picked":"Clothesline","floor":12.0},{"not_picked":["Anger","Thunderclap","Shrug It Off"],"picked":"SKIP","floor":14.0},{"not_picked":["Berserk","Immolate"],"picked":"Bludgeon","floor":16.0},{"not_picked":[],"picked":"Flex+1","floor":18.0},{"not_picked":["Flex"],"picked":"SKIP","floor":19.0},{"not_picked":["Armaments"],"picked":"SKIP","floor":21.0},{"not_picked":["Sword Boomerang"],"picked":"SKIP","floor":22.0},{"not_picked":["True Grit"],"picked":"SKIP","floor":23.0},{"not_picked":["True Grit"],"picked":"SKIP","floor":24.0},{"not_picked":["Armaments"],"picked":"SKIP","floor":25.0},{"not_picked":["Clash"],"picked":"SKIP","floor":28.0},{"not_picked":["Entrench+1"],"picked":"SKIP","floor":29.0},{"not_picked":["Flex"],"picked":"SKIP","floor":31.0},{"not_picked":[],"picked":"Feed","floor":33.0},{"not_picked":["Sword Boomerang+1"],"picked":"SKIP","floor":35.0},{"not_picked":["True Grit"],"picked":"SKIP","floor":37.0},{"not_picked":["Headbutt"],"picked":"SKIP","floor":41.0},{"not_picked":["Dropkick"],"picked":"SKIP","floor":45.0},{"not_picked":["Clash+1"],"picked":"SKIP","floor":46.0},{"not_picked":["Armaments"],"picked":"SKIP","floor":47.0},{"not_picked":["Thunderclap+1"],"picked":"SKIP","floor":54}],"player_experience":624006,"relics_obtained":[{"floor":6.0,"key":"Dream Catcher"},{"floor":8.0,"key":"Blue Candle"},{"floor":9.0,"key":"MawBank"},{"floor":11.0,"key":"Blood Vial"},{"floor":23.0,"key":"Tiny Chest"},{"floor":26.0,"key":"Pen Nib"},{"floor":30.0,"key":"Pantograph"},{"floor":34.0,"key":"PreservedInsect"},{"floor":34.0,"key":"Frozen Egg 2"},{"floor":34.0,"key":"Unceasing Top"},{"floor":38.0,"key":"Calipers"},{"floor":39.0,"key":"TungstenRod"},{"floor":40.0,"key":"Nunchaku"},{"floor":41.0,"key":"Shovel"},{"floor":42.0,"key":"Juzu Bracelet"},{"floor":44.0,"key":"Red Skull"},{"floor":45.0,"key":"Sundial"},{"floor":47.0,"key":"Bag of Marbles"},{"floor":52,"key":"StrikeDummy"},{"floor":54,"key":"Letter Opener"}],"event_choices":[{"damage_healed":0.0,"max_hp_gain":5.0,"max_hp_loss":0.0,"gold_gain":0.0,"event_name":"Big Fish","player_choice":"Donut","floor":2.0,"gold_loss":0.0,"damage_taken":0.0},{"damage_healed":0.0,"max_hp_gain":0.0,"max_hp_loss":0.0,"gold_gain":75.0,"event_name":"World of Goop","player_choice":"Gather Gold","floor":3.0,"gold_loss":0.0,"damage_taken":11.0},{"damage_healed":0.0,"max_hp_gain":0.0,"max_hp_loss":0.0,"gold_gain":0.0,"event_name":"Liars Game","player_choice":"Ignored","floor":13.0,"gold_loss":0.0,"damage_taken":0.0},{"damage_healed":0.0,"max_hp_gain":0.0,"max_hp_loss":0.0,"gold_gain":0.0,"event_name":"Lab","player_choice":"Got Potions","floor":27.0,"gold_loss":0.0,"damage_taken":0.0},{"damage_healed":0.0,"max_hp_gain":0.0,"max_hp_loss":0.0,"gold_gain":0.0,"event_name":"Mysterious Sphere","player_choice":"Fight","floor":38.0,"gold_loss":0.0,"damage_taken":0.0},{"damage_healed":0.0,"max_hp_gain":0.0,"max_hp_loss":0.0,"gold_gain":0.0,"event_name":"MindBloom","player_choice":"Fight","floor":39.0,"gold_loss":0.0,"damage_taken":0.0},{"damage_healed":0.0,"max_hp_gain":0.0,"max_hp_loss":5.0,"gold_gain":0.0,"event_name":"Winding Halls","player_choice":"Max HP","floor":48.0,"gold_loss":0.0,"damage_taken":0.0}],"is_beta":false,"boss_relics":[{"not_picked":["SacredBark","Empty Cage"],"picked":"Busted Crown"},{"not_picked":["Runic Pyramid","Runic Dome"],"picked":"Calling Bell"}],"items_purged_floors":[20,36,53],"is_endless":false,"potions_floor_spawned":[6,7,10,11,14,18,19,24,25,28,31,37,41,45,46],"killed_by":"The Heart","ascension_level":19}}