{"host":"s24sb66hw4a4sfft","time":1613116999,"event":{"mods":["AchievementEnabler","BaseMod","Colored Map","Colored Powertips","Googly Eyes","Hermit","Hubris","Minty Spire (QoL Compilation)","Quick Restart","Shop Mod","StSLib"],"gold_per_floor":[119,119,130,190,240,240,254,304,340,458,495,557,587,618,630,741,753,780,805,867,929,929],"floor_reached":21,"language":"ENG","playtime":773,"items_purged":[],"score":206,"play_id":"ea143d93-c1b1-42b2-a36e-66eab1114da2","local_time":"20210212030319","is_ascension_mode":false,"campfire_choices":[{"data":"hermit:Quickdraw","floor":6.0,"key":"SMITH"},{"floor":15.0,"key":"REST"}],"circlet_count":0,"master_deck":["hermit:Strike_Hermit","hermit:Strike_Hermit","hermit:Strike_Hermit","hermit:Strike_Hermit","hermit:Defend_Hermit","hermit:Defend_Hermit","hermit:Defend_Hermit","hermit:Defend_Hermit","hermit:Snapshot","hermit:Covet","hermit:Quickdraw+1","hermit:Headshot","hermit:Misfire","hermit:TrackingShot","hermit:TakeAim","hermit:CursedWeapon","Regret","hermit:CursedWeapon","hermit:Snipe","hermit:RoundhouseKick","hermit:Vantage","hermit:Horror"],"relics":["hermit:Momento","NeowsBlessing","SsserpentHead","hubris:Icosahedron","MawBank","hubris:ToyBattleship","Bag of Marbles","Bronze Scales","Torii","Busted Crown"],"acts_visited":["Exordium","TheCity"],"potions_floor_usage":[],"damage_taken":[{"damage":0.0,"enemies":"Jaw Worm","floor":1.0,"turns":1.0},{"damage":0.0,"enemies":"Cultist","floor":3.0,"turns":1.0},{"damage":0.0,"enemies":"2 Louse","floor":4.0,"turns":1.0},{"damage":0.0,"enemies":"Blue Slaver","floor":7.0,"turns":3.0},{"damage":10.0,"enemies":"3 Sentries","floor":10.0,"turns":5.0},{"damage":0.0,"enemies":"Gremlin Nob","floor":11.0,"turns":2.0},{"damage":11.0,"enemies":"3 Louse","floor":13.0,"turns":2.0},{"damage":0.0,"enemies":"2 Fungi Beasts","floor":14.0,"turns":2.0},{"damage":29.0,"enemies":"Slime Boss","floor":16.0,"turns":8.0},{"damage":21.0,"enemies":"3 Byrds","floor":18.0,"turns":4.0},{"damage":19.0,"enemies":"2 Thieves","floor":19.0,"turns":3.0},{"damage":4,"enemies":"Sentry and Sphere","floor":21,"turns":2}],"seed_played":"-1576359727068400459","potions_obtained":[{"floor":4.0,"key":"LiquidMemories"},{"floor":7.0,"key":"hermit:Tonic"},{"floor":10.0,"key":"Weak Potion"},{"floor":14.0,"key":"Weak Potion"}],"is_trial":false,"path_per_floor":["M","?","M","M","?","R","M","?","T","?","E","?","M","M","R","B",null,"M","M","?","M"],"character_chosen":"HERMIT","items_purchased":[],"campfire_rested":1,"item_purchase_floors":[],"current_hp_per_floor":[75,75,75,75,75,75,75,63,63,53,53,53,42,42,64,35,75,54,35,29,25,25],"gold":929,"neow_bonus":"THREE_ENEMY_KILL","is_daily":false,"chose_seed":false,"campfire_upgraded":1,"win_rate":0.0,"timestamp":1613116999,"path_taken":["M","?","M","?","?","R","M","?","T","?","E","?","M","M","R","BOSS","M","M","?","?"],"items_purchased_type":[],"build_version":"2020-12-22","purchased_purges":0,"victory":false,"max_hp_per_floor":[75,75,75,75,75,75,75,75,75,75,75,75,75,75,75,75,75,75,75,75,75,75],"card_choices":[{"not_picked":["hermit:LowProfile","hermit:Virtue"],"picked":"hermit:Quickdraw","floor":1.0},{"not_picked":["hermit:BodyArmor","hermit:ShadowCloak"],"picked":"hermit:Headshot","floor":3.0},{"not_picked":["hermit:Feint","hermit:HoleUp"],"picked":"hermit:Misfire","floor":4.0},{"not_picked":["hermit:HoleUp","hermit:Roulette"],"picked":"hermit:TrackingShot","floor":7.0},{"not_picked":["hermit:BodyArmor","hermit:Coalescence"],"picked":"hermit:TakeAim","floor":10.0},{"not_picked":["hermit:Glare","hermit:Magnum"],"picked":"hermit:CursedWeapon","floor":11.0},{"not_picked":["hermit:LowProfile","hermit:DeadMansHand"],"picked":"hermit:CursedWeapon","floor":13.0},{"not_picked":["hermit:Brawl","hermit:CalledShot"],"picked":"hermit:Snipe","floor":14.0},{"not_picked":["hermit:EternalForm","hermit:FinalCanter"],"picked":"hermit:RoundhouseKick","floor":16.0},{"not_picked":[],"picked":"hermit:Vantage","floor":18.0},{"not_picked":[],"picked":"hermit:Horror","floor":19.0}],"player_experience":628928,"relics_obtained":[{"floor":9.0,"key":"hubris:ToyBattleship"},{"floor":10.0,"key":"Bag of Marbles"},{"floor":11.0,"key":"Bronze Scales"}],"event_choices":[{"damage_healed":0.0,"max_hp_gain":0.0,"max_hp_loss":0.0,"gold_gain":0.0,"event_name":"FaceTrader","player_choice":"Trade","floor":2.0,"gold_loss":0.0,"damage_taken":0.0,"relics_obtained":["SsserpentHead"]},{"damage_healed":0.0,"max_hp_gain":0.0,"max_hp_loss":0.0,"gold_gain":0.0,"event_name":"Scrap Ooze","player_choice":"Success","floor":8.0,"gold_loss":0.0,"damage_taken":12.0,"relics_obtained":["MawBank"]},{"damage_healed":0.0,"max_hp_gain":0.0,"max_hp_loss":0.0,"gold_gain":0.0,"event_name":"Dead Adventurer","player_choice":"Searched \u00271\u0027 times","floor":10.0,"gold_loss":0.0,"damage_taken":0.0},{"damage_healed":0.0,"max_hp_gain":0.0,"max_hp_loss":0.0,"gold_gain":0.0,"event_name":"Big Fish","player_choice":"Box","floor":12.0,"gold_loss":0.0,"damage_taken":0.0,"relics_obtained":["Torii"],"cards_obtained":["Regret"]},{"damage_healed":0.0,"max_hp_gain":0.0,"max_hp_loss":0.0,"gold_gain":0.0,"event_name":"Knowing Skull","player_choice":"","floor":20.0,"potions_obtained":[],"gold_loss":0.0,"damage_taken":6.0,"cards_obtained":[]}],"is_beta":false,"boss_relics":[{"not_picked":["hubris:HollowSoul","Astrolabe"],"picked":"Busted Crown"}],"items_purged_floors":[],"is_endless":false,"potions_floor_spawned":[4,7,10,14],"killed_by":"Sentry and Sphere","ascension_level":0}}