{"host":"Fun","time":1613094922,"event":{"mods":["BaseMod","Colored Map","Minty Spire (QoL Compilation)","Relic Stats","StSLib"],"gold_per_floor":[114,189,189,207,221,252,252,292,340,363,72,96,116,151,151,247,247,267,267,166,189,189,233,233,247,247,26,26,26,50,93,93,192,192,215,215,228,247,29,62,80,80,80],"floor_reached":42,"language":"ENG","playtime":1971,"items_purged":["Strike_R","Strike_R"],"score":1046,"play_id":"16e42226-c217-40cf-9fc2-f07c3a44dda1","local_time":"20210211205522","is_ascension_mode":true,"campfire_choices":[{"floor":7,"key":"REST"},{"data":"Armaments","floor":15,"key":"SMITH"},{"data":"True Grit","floor":24,"key":"SMITH"},{"data":"Strike_R","floor":28,"key":"PURGE"},{"floor":32,"key":"REST"}],"circlet_count":0,"master_deck":["AscendersBane","Strike_R","Strike_R","Defend_R","Defend_R","Defend_R","Defend_R","Bash","Carnage","Twin Strike","Blood for Blood","Armaments+1","Barricade+1","Feed","Reaper","Inflame+1","True Grit","Bloodletting","Sentinel","Sword Boomerang","Limit Break","True Grit+1","Body Slam","Sentinel","Ghostly","Ghostly","Ghostly","Immolate","Power Through","Rupture+1","Burning Pact","Clothesline","Impervious","True Grit+1","Flash of Steel","Panacea","PanicButton","Uppercut","Ghostly","True Grit","Demon Form+1","Rage"],"relics":["Burning Blood","WarpedTongs","Golden Idol","Frozen Egg 2","Anchor","Omamori","MealTicket","Blood Vial","Velvet Choker","Pen Nib","Peace Pipe","Dream Catcher","Philosopher\u0027s Stone","DollysMirror","Vajra"],"acts_visited":["Exordium","TheCity","TheBeyond"],"potions_floor_usage":[8,14,23,41,42,42],"damage_taken":[{"damage":12,"enemies":"Jaw Worm","floor":1,"turns":3},{"damage":4,"enemies":"Small Slimes","floor":4,"turns":3},{"damage":1,"enemies":"Cultist","floor":5,"turns":3},{"damage":22,"enemies":"Lagavulin","floor":6,"turns":6},{"damage":8,"enemies":"Gremlin Nob","floor":8,"turns":3},{"damage":18,"enemies":"Blue Slaver","floor":12,"turns":7},{"damage":19,"enemies":"Exordium Wildlife","floor":13,"turns":6},{"damage":22,"enemies":"3 Sentries","floor":14,"turns":8},{"damage":60,"enemies":"The Guardian","floor":16,"turns":15},{"damage":28,"enemies":"3 Byrds","floor":18,"turns":8},{"damage":7,"enemies":"Chosen","floor":21,"turns":6},{"damage":27,"enemies":"Gremlin Leader","floor":23,"turns":10},{"damage":11,"enemies":"Snake Plant","floor":25,"turns":8},{"damage":10,"enemies":"Snecko","floor":30,"turns":8},{"damage":45,"enemies":"Book of Stabbing","floor":31,"turns":7},{"damage":11,"enemies":"Champ","floor":33,"turns":18},{"damage":2,"enemies":"Orb Walker","floor":35,"turns":7},{"damage":16,"enemies":"3 Shapes","floor":37,"turns":9},{"damage":1,"enemies":"Spire Growth","floor":38,"turns":6},{"damage":22,"enemies":"Nemesis","floor":40,"turns":9},{"damage":3,"enemies":"Jaw Worm Horde","floor":41,"turns":9},{"damage":62,"enemies":"Reptomancer","floor":42,"turns":3}],"seed_played":"-5240584816107145363","potions_obtained":[{"floor":1,"key":"BloodPotion"},{"floor":6,"key":"AttackPotion"},{"floor":8,"key":"Swift Potion"},{"floor":14,"key":"DuplicationPotion"},{"floor":19,"key":"FairyPotion"},{"floor":30,"key":"GamblersBrew"},{"floor":31,"key":"SpeedPotion"},{"floor":41,"key":"DuplicationPotion"}],"is_trial":false,"path_per_floor":["M","?","?","M","M","E","R","E","T","T","$","M","M","E","R","B",null,"M","?","$","M","?","E","R","M","T","$","R","$","M","E","R","B",null,"M","?","M","M","$","E","M","E"],"character_chosen":"IRONCLAD","items_purchased":["Reaper","Inflame+1","True Grit","Body Slam","Power Through","Rupture+1","DollysMirror","True Grit"],"campfire_rested":2,"item_purchase_floors":[11,11,11,20,27,27,39,39],"current_hp_per_floor":[62,51,51,53,58,42,62,60,60,60,68,61,51,70,70,30,70,59,59,74,81,43,38,38,43,43,43,43,43,39,30,42,43,43,43,33,47,47,47,43,51,0,0],"gold":80,"neow_bonus":"THREE_CARDS","is_daily":false,"chose_seed":false,"campfire_upgraded":2,"win_rate":0.0,"timestamp":1613094922,"path_taken":["M","?","?","M","?","E","R","E","T","?","$","M","M","E","R","BOSS","M","?","$","?","?","E","R","M","T","?","R","$","M","E","R","BOSS","M","?","M","M","$","E","M","E"],"items_purchased_type":["Card","Card","Card","Card","Card","Card","Relic","Card"],"build_version":"2020-12-18","purchased_purges":2,"victory":false,"max_hp_per_floor":[75,75,68,68,68,68,68,68,68,68,68,72,75,79,79,83,83,86,86,86,86,43,43,43,43,43,43,43,43,43,43,43,43,43,43,43,47,47,47,47,51,51,51],"relic_stats":{"Blood Vial":15,"Peace Pipe":1,"Dream Catcher":1,"counters":[22,162],"Golden Idol":134,"MealTicket":23,"Pen Nib":[8],"obtain_stats":[{"Golden Idol":3,"Velvet Choker":17,"Vajra":40,"Pen Nib":23,"Omamori":9,"Frozen Egg 2":6,"Burning Blood":0,"WarpedTongs":0,"Blood Vial":14,"Peace Pipe":26,"Anchor":8,"Dream Catcher":31,"DollysMirror":39,"MealTicket":10,"Philosopher\u0027s Stone":34},{"Golden Idol":1,"Velvet Choker":9,"Vajra":20,"Pen Nib":12,"Omamori":5,"Frozen Egg 2":4,"Burning Blood":0,"WarpedTongs":0,"Blood Vial":8,"Peace Pipe":13,"Anchor":5,"Dream Catcher":15,"DollysMirror":19,"MealTicket":5,"Philosopher\u0027s Stone":16},{"Golden Idol":3,"Velvet Choker":54,"Vajra":150,"Pen Nib":78,"Omamori":18,"Frozen Egg 2":15,"Burning Blood":0,"WarpedTongs":0,"Blood Vial":39,"Peace Pipe":86,"Anchor":18,"Dream Catcher":101,"DollysMirror":141,"MealTicket":18,"Philosopher\u0027s Stone":119}],"Burning Blood":98,"WarpedTongs":[158]},"card_choices":[{"not_picked":["Spot Weakness","Iron Wave"],"picked":"Carnage","floor":0},{"not_picked":["Flame Barrier","Dark Embrace"],"picked":"Twin Strike","floor":1},{"not_picked":["Rupture","Perfected Strike"],"picked":"Blood for Blood","floor":4},{"not_picked":["Intimidate","Headbutt"],"picked":"Armaments","floor":5},{"not_picked":["Blood for Blood","Twin Strike"],"picked":"Barricade+1","floor":6},{"not_picked":["Hemokinesis","Whirlwind"],"picked":"Feed","floor":8},{"not_picked":["Infernal Blade","Intimidate"],"picked":"Bloodletting","floor":12},{"not_picked":["Anger","Whirlwind"],"picked":"Sentinel","floor":13},{"not_picked":["Anger","Perfected Strike"],"picked":"Sword Boomerang","floor":14},{"not_picked":["Barricade+1","Feed"],"picked":"Limit Break","floor":16},{"not_picked":["Warcry","Evolve+1"],"picked":"True Grit","floor":18},{"not_picked":["Evolve+1","Wild Strike"],"picked":"Sentinel","floor":21},{"not_picked":["Havoc","Twin Strike+1","Wild Strike"],"picked":"SKIP","floor":23},{"not_picked":["Heavy Blade+1","Pommel Strike"],"picked":"Immolate","floor":25},{"not_picked":["Warcry","Body Slam"],"picked":"Burning Pact","floor":30},{"not_picked":["Berserk+1","Power Through"],"picked":"Clothesline","floor":31},{"not_picked":["Exhume","Offering"],"picked":"Impervious","floor":33},{"not_picked":["Havoc","Blood for Blood"],"picked":"True Grit+1","floor":35},{"not_picked":["Dramatic Entrance","Swift Strike"],"picked":"Flash of Steel","floor":36},{"not_picked":["Panache+1","Flash of Steel"],"picked":"Panacea","floor":36},{"not_picked":["Panacea","Violence"],"picked":"PanicButton","floor":36},{"not_picked":["Infernal Blade","Dual Wield","Whirlwind"],"picked":"SKIP","floor":37},{"not_picked":["Sword Boomerang","Wild Strike"],"picked":"Uppercut","floor":38},{"not_picked":["Reckless Charge","Hemokinesis"],"picked":"Demon Form+1","floor":40},{"not_picked":["Cleave+1","Thunderclap"],"picked":"Rage","floor":41}],"player_experience":171347,"relics_obtained":[{"floor":6,"key":"Frozen Egg 2"},{"floor":8,"key":"Anchor"},{"floor":9,"key":"Omamori"},{"floor":10,"key":"MealTicket"},{"floor":14,"key":"Blood Vial"},{"floor":23,"key":"Pen Nib"},{"floor":26,"key":"Peace Pipe"},{"floor":31,"key":"Dream Catcher"},{"floor":40,"key":"Vajra"}],"event_choices":[{"damage_healed":0,"gold_gain":75,"player_choice":"Gather Gold","damage_taken":11,"max_hp_gain":0,"max_hp_loss":0,"event_name":"World of Goop","floor":2,"gold_loss":0},{"damage_healed":0,"gold_gain":0,"player_choice":"Lose Max HP","damage_taken":0,"relics_obtained":["Golden Idol"],"max_hp_gain":0,"max_hp_loss":7,"event_name":"Golden Idol","floor":3,"gold_loss":0},{"damage_healed":0,"gold_gain":0,"player_choice":"Got Potions","damage_taken":0,"max_hp_gain":0,"max_hp_loss":0,"event_name":"Lab","floor":19,"gold_loss":0},{"damage_healed":0,"gold_gain":0,"player_choice":"Became a Ghost","damage_taken":0,"max_hp_gain":0,"max_hp_loss":43,"event_name":"Ghosts","floor":22,"gold_loss":0,"cards_obtained":["Ghostly","Ghostly","Ghostly"]},{"damage_healed":0,"gold_gain":0,"player_choice":"Memory 3","damage_taken":10,"max_hp_gain":0,"max_hp_loss":0,"event_name":"SensoryStone","floor":36,"gold_loss":0}],"is_beta":true,"boss_relics":[{"not_picked":["Black Star","Calling Bell"],"picked":"Velvet Choker"},{"not_picked":["Pandora\u0027s Box","Empty Cage"],"picked":"Philosopher\u0027s Stone"}],"items_purged_floors":[20,27],"is_endless":false,"potions_floor_spawned":[1,6,8,12,14,18,21,30,31,38,40,41],"killed_by":"Reptomancer","ascension_level":18}}