{"host":"0z6rphzwk0r7ki52","time":1613171334,"event":{"mods":["BaseMod","DeckTracker","Downfall","Minty Spire (QoL Compilation)","Rare Cards Sparkle","StSLib","Waifu the Spire"],"gold_per_floor":[99,99,162,162,58,90,116,134,147,147,147,147],"floor_reached":10,"language":"ENG","playtime":748,"items_purged":[],"score":67,"play_id":"f47efb88-1194-48fb-8463-501792610bd2","local_time":"20210212180854","is_ascension_mode":true,"campfire_choices":[{"floor":1,"key":"RECALL"}],"circlet_count":0,"master_deck":["Guardian:Strike_Guardian","Guardian:Strike_Guardian","Guardian:Strike_Guardian","Guardian:Strike_Guardian","Guardian:Defend_Guardian","Guardian:Defend_Guardian","Guardian:Defend_Guardian","Guardian:Defend_Guardian","Guardian:CurlUp","Guardian:TwinSlam","Guardian:Gem_White","Guardian:Gem_Cyan","Guardian:Gem_Green","Guardian:Gem_Blue","Guardian:Gem_Cyan","Guardian:Gem_Green","Guardian:Gem_Cyan","Guardian:Gem_Orange","Guardian:Gem_Fragmented","Guardian:Gem_Lightblue","Guardian:PrimingBeam","Guardian:ShieldCharger+1","Guardian:Recover+1"],"relics":["Guardian:ModeShifter","downfall:HeartsMalice","Meat on the Bone","Guardian:PickAxe","Toxic Egg 2","Pen Nib"],"acts_visited":["Exordium"],"potions_floor_usage":[6,10],"damage_taken":[{"damage":0,"enemies":"Cultist","floor":2,"turns":1},{"damage":0,"enemies":"Gremlin Nob","floor":3,"turns":1},{"damage":0,"enemies":"Gremlin Nob","floor":4,"turns":1},{"damage":0,"enemies":"downfall:FleeingMerchant","floor":5,"turns":4},{"damage":47,"enemies":"3 Sentries","floor":6,"turns":17},{"damage":5,"enemies":"Small Slimes","floor":8,"turns":4},{"damage":0,"enemies":"Jaw Worm","floor":9,"turns":4},{"damage":98,"enemies":"Lagavulin","floor":10,"turns":20}],"seed_played":"-3021863447623256932","potions_obtained":[{"floor":3,"key":"SkillPotion"},{"floor":8,"key":"FairyPotion"},{"floor":9,"key":"SteroidPotion"}],"is_trial":false,"path_per_floor":["R","M","?","?","$","E","T","M","M","E"],"character_chosen":"GUARDIAN","items_purchased":["Guardian:Gem_Fragmented","Guardian:Gem_Lightblue"],"campfire_rested":0,"item_purchase_floors":[5,5],"current_hp_per_floor":[80,80,80,68,68,33,33,40,52,0,0,0],"gold":147,"neow_bonus":"THREE_ENEMY_KILL","is_daily":false,"chose_seed":false,"campfire_upgraded":0,"win_rate":0.0,"timestamp":1613171334,"path_taken":["R","M","?","?","?","E","T","M","M","E"],"items_purchased_type":["Card","Card"],"build_version":"2020-12-22","purchased_purges":0,"victory":false,"max_hp_per_floor":[80,80,80,80,80,80,80,80,80,80,80,80],"card_choices":[{"not_picked":["Guardian:BronzeOrb","Guardian:CrystalBeam"],"picked":"Guardian:Gem_White","floor":2},{"not_picked":["Guardian:Gem_Green","Guardian:GuardianWhirl"],"picked":"Guardian:Gem_Cyan","floor":3},{"not_picked":["Guardian:WalkerClaw","Guardian:ArmoredProtocol"],"picked":"Guardian:Gem_Orange","floor":5},{"not_picked":["Guardian:WalkerClaw","Guardian:TimeSifter"],"picked":"Guardian:PrimingBeam","floor":6},{"not_picked":["Guardian:RefractedBeam","Guardian:Gem_Lightblue"],"picked":"Guardian:ShieldCharger+1","floor":8},{"not_picked":["Guardian:PiercingHide+1","Guardian:Incinerate"],"picked":"Guardian:Recover+1","floor":9}],"player_experience":402192,"relics_obtained":[{"floor":3,"key":"Meat on the Bone"},{"floor":6,"key":"Toxic Egg 2"},{"floor":7,"key":"Pen Nib"}],"event_choices":[],"is_beta":false,"boss_relics":[],"items_purged_floors":[],"is_endless":false,"potions_floor_spawned":[3,8,9],"killed_by":"Lagavulin","ascension_level":1}}