{"host":"Bilverbakes","time":1613159893,"event":{"mods":["2.2 Compatiblity","AchievementEnabler","BaseMod","Bestiary","Colored Map","Minty Spire (QoL Compilation)","Relic Stats","StSLib","ojb\u0027s Info Mod"],"gold_per_floor":[118,133,148,148,161,187,12,12,38,38,58,58,91,107,107,183,183,202,202,202,220,250,278,278,290,313,347,366,232,245,273,273,273,273],"floor_reached":33,"language":"ENG","playtime":1562,"items_purged":["Defend_G"],"score":709,"play_id":"0a792587-da8e-4f25-8507-e8915175dab5","local_time":"20210212135813","is_ascension_mode":true,"campfire_choices":[{"data":"Finisher","floor":8.0,"key":"SMITH"},{"data":"Tools of the Trade","floor":10.0,"key":"SMITH"},{"data":"Bouncing Flask","floor":12.0,"key":"SMITH"},{"data":"Phantasmal Killer","floor":15,"key":"SMITH"},{"data":"Glass Knife","floor":24,"key":"SMITH"},{"data":"Blade Dance","floor":32,"key":"SMITH"}],"circlet_count":0,"master_deck":["AscendersBane","Defend_G+1","Defend_G","Defend_G+1","Survivor","Neutralize","Caltrops","Underhanded Strike","Blade Dance+1","Slice","Finisher+1","Tools of the Trade+1","Bouncing Flask+1","Footwork","Phantasmal Killer+1","Glass Knife+1","Dagger Throw+1","Bite","Bite","Bite","Bite","Bite","Die Die Die","Leg Sweep+1","Tactician","Masterful Stab+1"],"relics":["Ring of the Snake","War Paint","Happy Flower","Pen Nib","SlaversCollar","Red Mask","FossilizedHelix","Smiling Mask","StoneCalendar","CeramicFish"],"acts_visited":["Exordium","TheCity"],"potions_floor_usage":[13,18,22,23,27,33,33],"damage_taken":[{"damage":4.0,"enemies":"Small Slimes","floor":1.0,"turns":4.0},{"damage":1.0,"enemies":"Cultist","floor":2.0,"turns":5.0},{"damage":0.0,"enemies":"Jaw Worm","floor":3.0,"turns":5.0},{"damage":0.0,"enemies":"Looter","floor":5.0,"turns":3.0},{"damage":22.0,"enemies":"Lagavulin","floor":6.0,"turns":7.0},{"damage":0.0,"enemies":"3 Louse","floor":11.0,"turns":5.0},{"damage":1,"enemies":"Gremlin Nob","floor":13,"turns":3},{"damage":1,"enemies":"Lots of Slimes","floor":14,"turns":4},{"damage":21,"enemies":"The Guardian","floor":16,"turns":9},{"damage":0,"enemies":"Chosen","floor":18,"turns":3},{"damage":13,"enemies":"3 Byrds","floor":21,"turns":2},{"damage":0,"enemies":"Masked Bandits","floor":22,"turns":2},{"damage":20,"enemies":"Book of Stabbing","floor":23,"turns":4},{"damage":0,"enemies":"Centurion and Healer","floor":25,"turns":6},{"damage":8,"enemies":"Slavers","floor":27,"turns":4},{"damage":13,"enemies":"Shelled Parasite and Fungi","floor":28,"turns":3},{"damage":9,"enemies":"Chosen and Byrds","floor":30,"turns":4},{"damage":0,"enemies":"Gremlin Leader","floor":31,"turns":4},{"damage":63,"enemies":"Automaton","floor":33,"turns":6}],"seed_played":"-2314481719947222261","potions_obtained":[{"floor":0.0,"key":"Swift Potion"},{"floor":0.0,"key":"CultistPotion"},{"floor":0.0,"key":"SteroidPotion"},{"floor":6.0,"key":"Strength Potion"},{"floor":14,"key":"Strength Potion"},{"floor":22,"key":"Regen Potion"},{"floor":25,"key":"SteroidPotion"},{"floor":27,"key":"BlessingOfTheForge"},{"floor":30,"key":"BlessingOfTheForge"}],"is_trial":false,"path_per_floor":["M","M","M","?","M","E","$","R","T","R","M","R","E","M","R","B",null,"M","?","?","M","?","E","R","M","T","E","M","$","M","E","R","B"],"character_chosen":"THE_SILENT","items_purchased":["Tools of the Trade","Tactician"],"campfire_rested":0,"item_purchase_floors":[7,29],"current_hp_per_floor":[55,54,54,54,54,32,32,32,32,32,32,32,31,30,30,9,52,52,52,46,35,45,41,41,46,46,44,33,33,32,42,42,0,0],"gold":273,"neow_bonus":"THREE_SMALL_POTIONS","is_daily":false,"chose_seed":false,"campfire_upgraded":6,"win_rate":0.0,"timestamp":1613159893,"path_taken":["M","M","M","?","M","E","$","R","T","R","?","R","E","M","R","BOSS","M","?","?","M","?","E","R","M","T","E","M","$","M","E","R","BOSS"],"items_purchased_type":["Card","Card"],"build_version":"2020-12-18","purchased_purges":1,"victory":false,"max_hp_per_floor":[66,66,66,66,66,66,66,66,66,66,66,66,66,66,66,66,66,66,66,46,46,46,46,46,46,46,46,46,46,46,46,46,46,46],"relic_stats":{"Happy Flower":[19],"counters":[19,83],"CeramicFish":0,"StoneCalendar":[0],"Pen Nib":[15],"War Paint":["Defend_G","Defend_G"],"Smiling Mask":25,"obtain_stats":[{"SlaversCollar":17,"Happy Flower":9,"CeramicFish":31,"StoneCalendar":27,"Pen Nib":13,"Red Mask":22,"War Paint":6,"Smiling Mask":26,"FossilizedHelix":23,"Ring of the Snake":0},{"SlaversCollar":9,"Happy Flower":5,"CeramicFish":18,"StoneCalendar":15,"Pen Nib":7,"Red Mask":12,"War Paint":5,"Smiling Mask":14,"FossilizedHelix":13,"Ring of the Snake":0},{"SlaversCollar":45,"Happy Flower":24,"CeramicFish":77,"StoneCalendar":66,"Pen Nib":32,"Red Mask":52,"War Paint":24,"Smiling Mask":62,"FossilizedHelix":56,"Ring of the Snake":0}],"Ring of the Snake":[38]},"card_choices":[{"not_picked":["Acrobatics","Tactician"],"picked":"Caltrops","floor":1.0},{"not_picked":["Backflip","Infinite Blades"],"picked":"Underhanded Strike","floor":2.0},{"not_picked":["Acrobatics","Outmaneuver"],"picked":"Blade Dance","floor":3.0},{"not_picked":["Cloak And Dagger","Acrobatics"],"picked":"Slice","floor":5.0},{"not_picked":["Cloak And Dagger","Sucker Punch"],"picked":"Finisher","floor":6.0},{"not_picked":["Infinite Blades","Slice"],"picked":"Bouncing Flask","floor":11.0},{"not_picked":["Expertise","Accuracy"],"picked":"Footwork","floor":13},{"not_picked":["Dodge and Roll","Dagger Spray"],"picked":"Phantasmal Killer","floor":14},{"not_picked":["Envenom","Grand Finale"],"picked":"Glass Knife","floor":16},{"not_picked":["Acrobatics","Bane"],"picked":"Dagger Throw+1","floor":18},{"not_picked":["Dagger Throw","Distraction+1","Finisher"],"picked":"SKIP","floor":21},{"not_picked":["Caltrops","Dagger Throw"],"picked":"Die Die Die","floor":23},{"not_picked":["Bane","Heel Hook"],"picked":"Leg Sweep+1","floor":25},{"not_picked":["All Out Attack","Cloak And Dagger","Quick Slash"],"picked":"SKIP","floor":27},{"not_picked":["Outmaneuver","Flying Knee","Backflip"],"picked":"SKIP","floor":28},{"not_picked":["Deadly Poison","PiercingWail"],"picked":"Masterful Stab+1","floor":30},{"not_picked":["Die Die Die","Calculated Gamble","Underhanded Strike"],"picked":"SKIP","floor":31}],"player_experience":939956,"relics_obtained":[{"floor":6.0,"key":"War Paint"},{"floor":9.0,"key":"Happy Flower"},{"floor":13,"key":"Pen Nib"},{"floor":22,"key":"Red Mask"},{"floor":23,"key":"FossilizedHelix"},{"floor":26,"key":"Smiling Mask"},{"floor":27,"key":"StoneCalendar"},{"floor":31,"key":"CeramicFish"}],"event_choices":[{"cards_removed":["Defend_G"],"damage_healed":0.0,"max_hp_gain":0.0,"max_hp_loss":0.0,"gold_gain":0.0,"event_name":"Bonfire Elementals","player_choice":"Offered Basic","floor":4.0,"gold_loss":0.0,"damage_taken":0.0},{"damage_healed":0,"gold_gain":0,"player_choice":"Ignored","damage_taken":0,"max_hp_gain":0,"max_hp_loss":0,"event_name":"Ghosts","floor":19,"gold_loss":0},{"damage_healed":0,"gold_gain":0,"player_choice":"Became a vampire","damage_taken":0,"max_hp_gain":0,"max_hp_loss":20,"event_name":"Vampires","floor":20,"gold_loss":0,"cards_obtained":["Bite","Bite","Bite","Bite","Bite"]},{"damage_healed":0,"gold_gain":0,"player_choice":"Fought Bandits","damage_taken":0,"max_hp_gain":0,"max_hp_loss":0,"event_name":"Masked Bandits","floor":22,"gold_loss":0}],"is_beta":true,"boss_relics":[{"not_picked":["Fusion Hammer","Ectoplasm"],"picked":"SlaversCollar"}],"items_purged_floors":[29],"is_endless":false,"potions_floor_spawned":[2,6,14,22,25,27,30,31],"killed_by":"Automaton","ascension_level":20}}