{"host":"5inz41fcnifmg6v2","time":1613126963,"event":{"mods":["BaseMod","Downfall","Minty Spire (QoL Compilation)","Reliquary","Replay The Spire","StSLib"],"gold_per_floor":[110,60,72,20,20,48,48,79,104,121,146,170,200,227,227,334,334,367,292,95,119,148,188,217,217,243,280,280,280,280,315,315,436,436,473,11,38,78,78,78,128,88,88,130,149,149,189,189,189,199,199],"floor_reached":50,"language":"ZHS","playtime":4143,"items_purged":["Strike_R"],"score":711,"play_id":"9b903846-c387-4759-92e7-1f0a2c52eaa7","local_time":"20210212184923","is_ascension_mode":true,"campfire_choices":[{"floor":15,"key":"REST"},{"floor":28,"key":"REST"},{"floor":30,"key":"REST"},{"floor":32,"key":"REST"},{"floor":40,"key":"RECALL"},{"floor":49,"key":"DIG"}],"circlet_count":0,"master_deck":["Strike_R","Strike_R","Defend_R","Defend_R+1","Defend_R","Bash","Flex","ReplayTheSpireMod:Muscle Training+1","Inflame","Inflame","Limit Break","Limit Break","Replay:Undeath\u0027s Touch","Dropkick","Flame Barrier","Limit Break","Dual Wield","Swift Strike","Thunderclap","Iron Wave","Intimidate","Life Link","Seeing Red","Limit Break","Twin Strike","Inflame","Heavy Blade+1","ReplayTheSpireMod:Limb From Limb","Berserk+1","Flex+1","Rupture","Bloodletting","Shrug It Off+1","Replay:Undeath\u0027s Touch","Bloodletting+1","Sword Boomerang+1","Pummel+1","Cleave","ReplayReversal+1"],"relics":["Burning Blood","NeowsBlessing","reliquary:Crutches","War Paint","Replay:Accelerometer","Replay:Bandana","Replay:Grab Bag","ChewingGum","Ooze Armor","Runic Pyramid","BargainBundle","Strawberry","reliquary:Boomerang","GremlinMask","reliquary:RedCape","Juzu Bracelet","Toolbox","reliquary:Knoch","reliquary:Stiletto","Pear","Spirit Poop","ReplayTheSpireMod:Ninjato"],"acts_visited":["Exordium","TheCity","TheBeyond"],"potions_floor_usage":[8,16,16,16,33,33,33,35,47,50],"damage_taken":[{"damage":0,"enemies":"Small Slimes","floor":1,"turns":1},{"damage":0,"enemies":"2 Louse","floor":3,"turns":1},{"damage":0,"enemies":"3 Sentries","floor":6,"turns":2},{"damage":28,"enemies":"Lagavulin","floor":8,"turns":4},{"damage":15,"enemies":"Jaw Worm","floor":10,"turns":3},{"damage":17,"enemies":"Blue Slaver","floor":12,"turns":4},{"damage":4,"enemies":"Exordium Thugs","floor":13,"turns":3},{"damage":10,"enemies":"Looter","floor":14,"turns":3},{"damage":21,"enemies":"The Guardian","floor":16,"turns":6},{"damage":1,"enemies":"Chosen","floor":18,"turns":4},{"damage":28,"enemies":"Shell Parasite","floor":21,"turns":5},{"damage":1,"enemies":"Snecko","floor":22,"turns":3},{"damage":39,"enemies":"Book of Stabbing","floor":23,"turns":5},{"damage":13,"enemies":"Snake Plant","floor":24,"turns":4},{"damage":10,"enemies":"Sentry and Sphere","floor":27,"turns":3},{"damage":52,"enemies":"Cultist and Chosen","floor":31,"turns":7},{"damage":33,"enemies":"Automaton","floor":33,"turns":4},{"damage":34,"enemies":"3 Shapes","floor":35,"turns":3},{"damage":5,"enemies":"Orb Walker","floor":37,"turns":2},{"damage":42,"enemies":"Jaw Worm Horde","floor":38,"turns":3},{"damage":0,"enemies":"R_Hoarder","floor":41,"turns":3},{"damage":14,"enemies":"Spire Growth","floor":45,"turns":4},{"damage":30,"enemies":"Transient","floor":47,"turns":5},{"damage":69,"enemies":"Replay:Hell Engine","floor":50,"turns":4}],"seed_played":"-3201642298003946081","potions_obtained":[{"floor":1,"key":"Adrenaline Potion"},{"floor":6,"key":"Dexterity Potion"},{"floor":12,"key":"Strength Potion"},{"floor":14,"key":"Dexterity Potion"},{"floor":16,"key":"SteroidPotion"},{"floor":24,"key":"Elixir"},{"floor":33,"key":"ColorlessPotion"},{"floor":38,"key":"SpeedPotion"},{"floor":45,"key":"Regen Potion"},{"floor":47,"key":"Explosive Potion"}],"is_trial":false,"path_per_floor":["M","?","M","$","?","E","?","E","T","M","T","M","M","M","R","B",null,"M","?","$","M","M","E","M","?","T","M","R","?","R","M","R","B",null,"M","$","M","M","?","R","E","?","T","?","M","?","M","?","R","B"],"character_chosen":"IRONCLAD","items_purchased":["Inflame","BargainBundle","Swift Strike","Cursed Concoction","SkillPotion","Thunderclap","Iron Wave","Intimidate","Life Link","Juzu Bracelet","Toolbox","Rupture","Bloodletting"],"campfire_rested":4,"item_purchase_floors":[4,20,20,20,20,20,20,20,20,36,36,36,36],"current_hp_per_floor":[80,80,80,80,68,74,67,45,45,36,36,25,27,23,47,32,80,80,80,80,58,63,37,30,30,30,26,52,52,78,32,58,31,87,59,59,60,24,76,76,76,76,76,86,78,78,68,68,68,0,0],"gold":199,"neow_bonus":"THREE_ENEMY_KILL","is_daily":false,"chose_seed":false,"campfire_upgraded":0,"win_rate":0.0,"timestamp":1613126963,"path_taken":["M","?","M","$","?","E","?","E","T","M","?","M","?","M","R","BOSS","M","?","$","M","M","E","M","?","T","?","R","?","R","M","R","BOSS","M","$","M","M","?","R","E","?","T","?","M","?","M","?","R","BOSS"],"items_purchased_type":["Card","Relic","Card","Potion","Potion","Card","Card","Card","Card","Relic","Relic","Card","Card"],"build_version":"2020-12-22","purchased_purges":1,"victory":false,"max_hp_per_floor":[80,80,80,80,80,80,80,80,80,80,80,80,80,80,80,80,80,80,80,80,80,80,87,87,87,87,87,87,87,87,87,87,87,87,87,87,87,87,76,76,76,76,76,86,86,86,86,86,86,86,86],"card_choices":[{"not_picked":["Power Through","Clash"],"picked":"Flex","floor":1},{"not_picked":["Evolve","Havoc"],"picked":"ReplayTheSpireMod:Muscle Training","floor":3},{"not_picked":["Intimidate","Armaments"],"picked":"Limit Break","floor":6},{"not_picked":["Wild Strike","Pommel Strike"],"picked":"Limit Break","floor":8},{"not_picked":["Body Slam","Perfected Strike"],"picked":"Replay:Undeath\u0027s Touch","floor":10},{"not_picked":["Iron Wave","Armaments"],"picked":"Dropkick","floor":12},{"not_picked":["ReplayTheSpireMod:Limb From Limb","Pommel Strike"],"picked":"Flame Barrier","floor":13},{"not_picked":["Wild Strike","Body Slam","Clothesline"],"picked":"SKIP","floor":14},{"not_picked":["Fiend Fire","Hemogenesis"],"picked":"Limit Break","floor":16},{"not_picked":["Headbutt","Replay:Undeath\u0027s Touch"],"picked":"Dual Wield","floor":18},{"not_picked":["ReplayTheSpireMod:Corrosion Curse","Evolve","Shockwave"],"picked":"SKIP","floor":21},{"not_picked":["Clash","Defy Death"],"picked":"Seeing Red","floor":22},{"not_picked":["Battle Trance","Bloodletting"],"picked":"Limit Break","floor":23},{"not_picked":["Clash","Power Through"],"picked":"Twin Strike","floor":24},{"not_picked":["Cleave","Clothesline"],"picked":"Heavy Blade+1","floor":27},{"not_picked":["Perfected Strike","Run Through+1"],"picked":"ReplayTheSpireMod:Limb From Limb","floor":31},{"not_picked":["Offering","Limit Break"],"picked":"Berserk","floor":33},{"not_picked":["Reckless Charge","Whirlwind+1"],"picked":"Flex+1","floor":35},{"not_picked":["Massacre","Perfected Strike+1"],"picked":"Shrug It Off+1","floor":37},{"not_picked":["Evolve+1","Combust"],"picked":"Replay:Undeath\u0027s Touch","floor":38},{"not_picked":["Havoc+1","Cleave+1"],"picked":"Bloodletting+1","floor":41},{"not_picked":["Armaments","Clash+1"],"picked":"Sword Boomerang+1","floor":44},{"not_picked":["ReplayTheSpireMod:Muscle Training+1","Eclipse"],"picked":"Pummel+1","floor":44},{"not_picked":["Iron Wave+1","Thunderclap"],"picked":"Cleave","floor":45},{"not_picked":["Perfected Strike+1","Uppercut+1"],"picked":"ReplayReversal+1","floor":47}],"player_experience":91848,"relics_obtained":[{"floor":6,"key":"War Paint"},{"floor":8,"key":"Replay:Accelerometer"},{"floor":11,"key":"Replay:Bandana"},{"floor":23,"key":"Strawberry"},{"floor":26,"key":"reliquary:Boomerang"},{"floor":41,"key":"reliquary:Knoch"},{"floor":43,"key":"reliquary:Stiletto"},{"floor":44,"key":"Pear"},{"floor":49,"key":"ReplayTheSpireMod:Ninjato"}],"event_choices":[{"cards_removed":["Defend_R"],"damage_healed":0,"gold_gain":0,"player_choice":"Card Removal","damage_taken":0,"max_hp_gain":0,"max_hp_loss":0,"event_name":"The Cleric","floor":2,"gold_loss":50},{"damage_healed":0,"gold_gain":0,"player_choice":"Success","damage_taken":12,"relics_obtained":["reliquary:Crutches"],"max_hp_gain":0,"max_hp_loss":0,"event_name":"Scrap Ooze","floor":5,"gold_loss":0},{"cards_removed":["Strike_R"],"damage_healed":0,"gold_gain":0,"player_choice":"Card Removal","damage_taken":7,"max_hp_gain":0,"max_hp_loss":0,"event_name":"Golden Wing","floor":7,"gold_loss":0},{"cards_removed":["Strike_R"],"damage_healed":0,"gold_gain":0,"player_choice":"Gave Gold","damage_taken":0,"max_hp_gain":0,"max_hp_loss":0,"event_name":"Beggar","floor":19,"gold_loss":75},{"damage_healed":0,"gold_gain":0,"player_choice":"Copied","damage_taken":0,"max_hp_gain":0,"max_hp_loss":0,"event_name":"Duplicator","floor":25,"gold_loss":0,"cards_obtained":["Inflame"]},{"damage_healed":0,"gold_gain":0,"player_choice":"Trade","damage_taken":0,"relics_obtained":["GremlinMask"],"max_hp_gain":0,"max_hp_loss":0,"event_name":"FaceTrader","floor":29,"gold_loss":0},{"damage_healed":76,"gold_gain":0,"player_choice":"Heal","damage_taken":0,"max_hp_gain":0,"max_hp_loss":11,"event_name":"The Moai Head","floor":39,"gold_loss":0},{"damage_healed":0,"gold_gain":0,"player_choice":"Upgrade","damage_taken":0,"max_hp_gain":0,"max_hp_loss":0,"event_name":"Designer","floor":42,"gold_loss":40,"cards_upgraded":["Berserk"]},{"cards_removed":["ReplayTheSpireMod:Splinters"],"damage_healed":0,"gold_gain":0,"player_choice":"Offered Curse","damage_taken":0,"relics_obtained":["Spirit Poop"],"max_hp_gain":0,"max_hp_loss":0,"event_name":"Bonfire Elementals","floor":46,"gold_loss":0}],"is_beta":false,"boss_relics":[{"not_picked":["Tiny House","reliquary:Ember"],"picked":"Replay:Grab Bag"},{"not_picked":["Philosopher\u0027s Stone","Runic Dome"],"picked":"ChewingGum"},{"not_picked":["Sozu","Coffee Dripper"],"picked":"Ooze Armor"},{"not_picked":["Runic Cube","Empty Cage"],"picked":"Runic Pyramid"},{"not_picked":["Black Star","SacredBark"],"picked":"reliquary:RedCape"}],"items_purged_floors":[20],"is_endless":false,"potions_floor_spawned":[1,6,12,14,16,22,23,24,33,38,45,47],"killed_by":"Replay:Hell Engine","ascension_level":2}}