{"host":"zjc1tzo4ovig5lll","time":1613155690,"event":{"mods":["AchievementEnabler","Aspiration","BaseMod","Beaked The Cultist","Better Altar","Better Match","Better Note","Better Sensory Stone","Colored Map","Colored Powertips","Conspire","Energized Spire","Friendly Minions","GifTheSpireLib","Halation","Hermit","Hubris","Minty Spire (QoL Compilation)","Rare Cards Sparkle","Reliquary","Replay The Spire","StSLib","The Blue Laboratory","The Bug Knight","The Construct","The Jungle","everything is the same but u backflip on backflip"],"gold_per_floor":[113,38,38,49,65,97,97,129,129,141,73,48,48,64,64,167,167],"floor_reached":16,"language":"ENG","playtime":813,"items_purged":[],"score":221,"play_id":"308f7ade-8c5f-4ff5-a2bb-1093b6cb300d","local_time":"20210212204810","is_ascension_mode":true,"campfire_choices":[{"floor":13,"key":"REST"},{"data":"Fasting2","floor":15,"key":"SMITH"}],"circlet_count":0,"master_deck":["Strike_P","Strike_P","Strike_P","Defend_P","Defend_P","Defend_P","Defend_P","Eruption","Vigilance","Brilliance","Pain","Replay:ManipulateFuture","Vengeance","Pot Of Greed","Pot Of Greed","SandsOfTime","Brilliance","BowlingBash","Fasting2+1","FollowUp"],"relics":["PureWater","aspiration:Nostalgia","construct:Cogwheel","WarpedTongs","Grinning Jar","Mirror","conspire:Boomerang"],"acts_visited":["Exordium"],"potions_floor_usage":[],"damage_taken":[{"damage":1.0,"enemies":"2 Louse","floor":1.0,"turns":3.0},{"damage":5.0,"enemies":"Cultist","floor":4.0,"turns":4.0},{"damage":1.0,"enemies":"conspire:RoseBush","floor":5.0,"turns":3.0},{"damage":22.0,"enemies":"Gremlin Nob","floor":6.0,"turns":3.0},{"damage":15.0,"enemies":"Lagavulin","floor":8.0,"turns":6.0},{"damage":7,"enemies":"Red Slaver","floor":10,"turns":3},{"damage":1,"enemies":"conspire:2 RoseBushes","floor":14,"turns":6},{"damage":12,"enemies":"Fading Forest","floor":16,"turns":11}],"seed_played":"-4873334884884306091","potions_obtained":[{"floor":8.0,"key":"LiquidBronze"},{"floor":14,"key":"blueLaboratory:FruitPreserves"}],"is_trial":false,"path_per_floor":["M","$","?","M","M","E","?","E","T","M","$","$","R","M","R","B"],"character_chosen":"WATCHER","items_purchased":["Brilliance","Fasting2","FollowUp"],"campfire_rested":1,"item_purchase_floors":[2,11,12],"current_hp_per_floor":[71,71,71,66,65,43,43,28,28,21,21,21,42,41,41,47,47],"gold":167,"neow_bonus":"NOSTALGIA","is_daily":false,"chose_seed":false,"campfire_upgraded":1,"win_rate":0.0,"timestamp":1613155690,"path_taken":["M","$","?","M","?","E","?","E","T","M","?","$","R","M","R","BOSS"],"items_purchased_type":["Card","Card","Card"],"build_version":"2020-12-22","purchased_purges":0,"victory":false,"max_hp_per_floor":[72,72,72,72,72,72,72,72,72,72,72,72,72,72,72,72,72],"card_choices":[{"not_picked":["Halt","ClearTheMind","JustLucky"],"picked":"SKIP","floor":1.0},{"not_picked":["Halt","PathToVictory"],"picked":"Replay:ManipulateFuture","floor":4.0},{"not_picked":["Protect","ThirdEye"],"picked":"Vengeance","floor":5.0},{"not_picked":["JustLucky","DeusExMachina"],"picked":"SandsOfTime","floor":6.0},{"not_picked":["PathToVictory","WindmillStrike","SignatureMove"],"picked":"SKIP","floor":8.0},{"not_picked":["Replay:BluntJabs","JustLucky"],"picked":"BowlingBash","floor":10},{"not_picked":["FlurryOfBlows","JustLucky","EmptyFist"],"picked":"SKIP","floor":14}],"player_experience":723911,"relics_obtained":[{"floor":6.0,"key":"Grinning Jar"},{"floor":8.0,"key":"Mirror"},{"floor":9.0,"key":"conspire:Boomerang"}],"event_choices":[{"damage_healed":0.0,"max_hp_gain":0.0,"max_hp_loss":0.0,"gold_gain":0.0,"event_name":"Accursed Blacksmith","player_choice":"Rummage","floor":3.0,"gold_loss":0.0,"damage_taken":0.0,"relics_obtained":["WarpedTongs"],"cards_obtained":["Pain"]},{"damage_healed":0.0,"max_hp_gain":0.0,"max_hp_loss":0.0,"gold_gain":0.0,"cards_transformed":["Strike_P"],"event_name":"Transmorgrifier","player_choice":"Transformed","floor":7.0,"gold_loss":0.0,"damage_taken":0.0,"cards_obtained":["Brilliance"]}],"is_beta":false,"boss_relics":[],"items_purged_floors":[],"is_endless":false,"potions_floor_spawned":[5,8,10,14],"killed_by":"Fading Forest","ascension_level":1}}