{"host":"l7ku00cw7dmofayg","time":1613168536,"event":{"mods":["ATMod(∞¢Ë™Mod)","Act Like it!","Arknights","BaseMod","Marisa£®ÏF”Í°°ƒß¿Ì…≥£©","Minty Spire (QoL Compilation)","Remilia£®¿Ÿ√◊¿Ú—«£©","StSLib"],"gold_per_floor":[113,113,129,129,304,333,351,415,415,446,485,485,174,241,241,241,241],"floor_reached":16,"language":"ZHS","playtime":809,"items_purged":[],"score":135,"play_id":"d6f1cc97-9610-4f4b-ad76-c162b073b8ab","local_time":"20210213062216","is_ascension_mode":false,"campfire_choices":[{"floor":12,"key":"REST"},{"floor":15,"key":"REST"}],"circlet_count":0,"master_deck":["ats:Strike C","ats:Strike G","ats:Strike S","ats:Strike V","ats:Armor Crushing Shot","ats:Defend","ats:Defend","ats:Defend+1","ats:Defend","ats:Emotion Absorption","ats:Sunburst","Iron Wave","ats:Directed Diagnosis+1","Doubt","ats:Very Hot Blade","ats:Shadow Assault","ats:Assault Order","ats:Burning Ground","ats:Leaping Hammer","ats:Durian","ats:Ignite"],"relics":["ats:Sanity","AT_ATBox","NeowsBlessing","ats:Originium","AntiCross","War Paint","ats:Industrial Water Cannon","AT_MibuBalloonWealth","ats:Arts"],"acts_visited":["Exordium"],"potions_floor_usage":[10,16],"damage_taken":[{"damage":0,"enemies":"Jaw Worm","floor":1,"turns":1},{"damage":0,"enemies":"Cultist","floor":3,"turns":1},{"damage":0,"enemies":"3 Sentries","floor":6,"turns":1},{"damage":6,"enemies":"ats:Genji","floor":7,"turns":3},{"damage":32,"enemies":"Lagavulin Event","floor":8,"turns":4},{"damage":27,"enemies":"Lagavulin","floor":10,"turns":6},{"damage":11,"enemies":"Blue Slaver","floor":11,"turns":3},{"damage":22,"enemies":"Exordium Wildlife","floor":14,"turns":3},{"damage":28,"enemies":"Hexaghost","floor":16,"turns":4}],"seed_played":"-2242040735828023694","potions_obtained":[{"floor":6,"key":"Block Potion"},{"floor":7,"key":"Dexterity Potion"},{"floor":11,"key":"PowerPotion"}],"is_trial":false,"path_per_floor":["M","?","M","$","?","E","M","?","T","E","M","R","$","M","R","B"],"character_chosen":"DOCTOR_CLASS","items_purchased":["ats:Arts","ats:Durian"],"campfire_rested":2,"item_purchase_floors":[13,13],"current_hp_per_floor":[72,72,72,72,72,72,66,39,39,12,6,27,27,5,26,0,0],"gold":241,"neow_bonus":"THREE_ENEMY_KILL","is_daily":false,"chose_seed":false,"campfire_upgraded":0,"win_rate":0.0,"timestamp":1613168536,"path_taken":["M","?","?","$","?","E","M","?","T","E","M","R","?","M","R","BOSS"],"items_purchased_type":["Relic","Card"],"build_version":"2020-12-22","purchased_purges":0,"victory":false,"max_hp_per_floor":[72,72,72,72,72,72,72,72,72,72,72,72,72,72,72,72,72],"card_choices":[{"not_picked":["ats:Very Hot Blade","ats:Counter Healing Mode"],"picked":"ats:Sunburst","floor":1},{"not_picked":["ats:Explosion Area Strengthen","ats:LN2 Cannon"],"picked":"ats:Directed Diagnosis","floor":3},{"not_picked":["ats:Flexible Camouflage","ats:Explosion Area Strengthen"],"picked":"ats:Very Hot Blade","floor":6},{"not_picked":["ats:Guard Mode","ats:Poison Spread"],"picked":"ats:Shadow Assault","floor":7},{"not_picked":["ats:Explosion Area Strengthen","ats:Very Hot Blade"],"picked":"ats:Assault Order","floor":8},{"not_picked":["ats:Poison Spread","ats:Guard Mode"],"picked":"ats:Burning Ground","floor":10},{"not_picked":["ats:Consecutive Shot Auto","ats:Poison Spread"],"picked":"ats:Leaping Hammer","floor":11},{"not_picked":["ats:Blood Oath","ats:Revitalization"],"picked":"ats:Ignite","floor":14}],"player_experience":30483,"relics_obtained":[{"floor":6,"key":"ats:Originium"},{"floor":6,"key":"AntiCross"},{"floor":8,"key":"War Paint"},{"floor":9,"key":"ats:Industrial Water Cannon"},{"floor":10,"key":"ats:Originium"},{"floor":10,"key":"AT_MibuBalloonWealth"}],"event_choices":[{"cards_removed":["AT_Desolate"],"damage_healed":0,"gold_gain":0,"player_choice":"Took Card","damage_taken":0,"max_hp_gain":0,"max_hp_loss":0,"event_name":"NoteForYourself","floor":2,"gold_loss":0,"cards_obtained":["Iron Wave"]},{"damage_healed":0,"gold_gain":175,"player_choice":"AGREE","damage_taken":0,"max_hp_gain":0,"max_hp_loss":0,"event_name":"Liars Game","floor":5,"gold_loss":0,"cards_obtained":["Doubt"]},{"damage_healed":0,"gold_gain":0,"player_choice":"Searched \u00271\u0027 times","damage_taken":0,"max_hp_gain":0,"max_hp_loss":0,"event_name":"Dead Adventurer","floor":8,"gold_loss":0}],"is_beta":false,"boss_relics":[],"items_purged_floors":[],"is_endless":false,"potions_floor_spawned":[6,7,11],"killed_by":"Hexaghost","ascension_level":0}}