{"host":"3fuwgqa6zowkodik","time":1613159085,"event":{"mods":["AchievementEnabler","BaseMod","Colored Map","Colored Powertips","Minty Spire (QoL Compilation)","Random Character Button","Rare Cards Sparkle","Replay The Spire","StSLib"],"gold_per_floor":[119,119,119,194,214,214,240,252,279,279,296,296,21,34,34,139,139,159,84,84,104,29,29,29,29],"floor_reached":24,"language":"ENG","playtime":978,"items_purged":["Defend_G"],"score":263,"play_id":"c58fbbd5-5fba-4799-a243-9c9e490a4988","local_time":"20210212204445","is_ascension_mode":true,"campfire_choices":[{"data":"Sucker Punch","floor":6,"key":"SMITH"},{"data":"Blade Dance","floor":10,"key":"SMITH"},{"data":"Dagger Spray","floor":12,"key":"SMITH"},{"data":"Noxious Fumes","floor":15,"key":"SMITH"},{"data":"Storm of Steel","floor":23,"key":"SMITH"}],"circlet_count":0,"master_deck":["Strike_G","Strike_G","Strike_G","Strike_G","Defend_G","Defend_G","Defend_G","Defend_G","Survivor","Neutralize","Sucker Punch+1","Blade Dance+1","Flying Knee","Outmaneuver","Dagger Spray+1","Noxious Fumes+1","Panache","Grand Finale","Storm of Steel+1","Poisoned Stab+1","Backflip","ReplayTheSpireMod:Scrap Shanks+1"],"relics":["NeowsBlessing","Sizzling Blood","Replay:Wax Seal","Centennial Puzzle","Honey Jar"],"acts_visited":["Exordium","TheCity"],"potions_floor_usage":[11,16,24,24],"damage_taken":[{"damage":0,"enemies":"Jaw Worm","floor":1,"turns":1},{"damage":0,"enemies":"2 Louse","floor":5,"turns":1},{"damage":0,"enemies":"Gremlin Nob","floor":7,"turns":1},{"damage":0,"enemies":"Small Slimes","floor":8,"turns":2},{"damage":2,"enemies":"3 Louse","floor":11,"turns":3},{"damage":0,"enemies":"2 Fungi Beasts","floor":14,"turns":1},{"damage":13,"enemies":"Fading Forest","floor":16,"turns":11},{"damage":0,"enemies":"Chosen","floor":18,"turns":4},{"damage":9,"enemies":"3 Byrds","floor":21,"turns":3},{"damage":49,"enemies":"Slavers","floor":24,"turns":4}],"seed_played":"4073854609717137306","potions_obtained":[{"floor":5,"key":"DistilledChaos"},{"floor":7,"key":"SpeedPotion"},{"floor":11,"key":"ColorlessPotion"},{"floor":18,"key":"Adrenaline Potion"}],"is_trial":false,"path_per_floor":["M","?","?","?","M","R","E","M","T","R","M","R","$","M","R","B",null,"M","?","?","M","$","R","E"],"character_chosen":"THE_SILENT","items_purchased":["Noxious Fumes","Panache"],"campfire_rested":0,"item_purchase_floors":[13,13],"current_hp_per_floor":[70,70,74,63,67,67,71,74,74,74,74,74,74,74,74,68,74,74,74,74,69,69,69,20,20],"gold":29,"neow_bonus":"THREE_ENEMY_KILL","is_daily":false,"chose_seed":false,"campfire_upgraded":5,"win_rate":0.0,"timestamp":1613159085,"path_taken":["M","?","?","?","M","R","E","M","T","R","M","R","$","M","R","BOSS","M","?","?","M","$","R","E"],"items_purchased_type":["Card","Card"],"build_version":"2020-12-22","purchased_purges":1,"victory":false,"max_hp_per_floor":[70,70,74,74,74,74,74,74,74,74,74,74,74,74,74,74,74,74,74,74,74,74,74,74,74],"card_choices":[{"not_picked":["Bane","Tactician"],"picked":"Sucker Punch","floor":1},{"not_picked":["PiercingWail","Heel Hook"],"picked":"Blade Dance","floor":5},{"not_picked":["Bane","Expertise"],"picked":"Flying Knee","floor":7},{"not_picked":["Masterful Stab","Bane"],"picked":"Outmaneuver","floor":8},{"not_picked":["Reflex","Acrobatics"],"picked":"Dagger Spray","floor":11},{"not_picked":["Quick Slash","Well Laid Plans"],"picked":"Grand Finale","floor":14},{"not_picked":["Wraith Form v2","Tools of the Trade"],"picked":"Storm of Steel","floor":16},{"not_picked":["Dodge and Roll","Sucker Punch","Underhanded Strike"],"picked":"Poisoned Stab+1","floor":18},{"not_picked":["Bane+1","Outmaneuver","Backflip"],"picked":"ReplayTheSpireMod:Scrap Shanks+1","floor":21}],"player_experience":145341,"relics_obtained":[{"floor":7,"key":"Replay:Wax Seal"},{"floor":9,"key":"Centennial Puzzle"}],"event_choices":[{"damage_healed":0,"gold_gain":0,"player_choice":"Ignored","damage_taken":0,"max_hp_gain":0,"max_hp_loss":0,"event_name":"Liars Game","floor":2,"gold_loss":0},{"damage_healed":0,"gold_gain":75,"player_choice":"Gather Gold","damage_taken":11,"max_hp_gain":0,"max_hp_loss":0,"event_name":"World of Goop","floor":4,"gold_loss":0},{"cards_removed":["Strike_G"],"damage_healed":0,"gold_gain":0,"player_choice":"Gave Gold","damage_taken":0,"max_hp_gain":0,"max_hp_loss":0,"event_name":"Beggar","floor":19,"gold_loss":75},{"damage_healed":0,"gold_gain":0,"player_choice":"Read","damage_taken":0,"max_hp_gain":0,"max_hp_loss":0,"event_name":"The Library","floor":20,"gold_loss":0,"cards_obtained":["Backflip"]}],"is_beta":false,"boss_relics":[{"not_picked":["Coffee Dripper","Ring of Chaos"],"picked":"Honey Jar"}],"items_purged_floors":[22],"is_endless":false,"potions_floor_spawned":[5,7,11,18],"killed_by":"Slavers","ascension_level":4}}