{"host":"ox3dgw2yjlxh2ggi","time":1613157927,"event":{"mods":["100% Spire Juice","AchievementEnabler","BaseMod","Better Third Choice","Downfall","GungeonMod","Hermit","Hubris","Infinite Spire","Jorbs\u0027s Wanderer Trilogy","Lobotomy","LobotomyExtend","Marisa????????","Minty Spire (QoL Compilation)","Relic Stats","Reliquary","Replay The Spire","Robot Space Explorer","StSLib","SuperFastMode","The Animator","The Blue Laboratory","The Cursed","The Hierophant","The Marked","The Saiyan","Waifu the Spire","WarShipGirlsR/????R mod"],"gold_per_floor":[90,90,90,102,0,27,27,27,100,100,53,69,69,87,87,87,87],"floor_reached":16,"language":"ENG","playtime":710,"items_purged":[],"score":98,"play_id":"d3846b39-d1b1-45c7-90a8-ab05b6454247","local_time":"20210212202527","is_ascension_mode":false,"campfire_choices":[{"floor":10,"key":"REST"},{"data":"Saiyan:CCCapsule","floor":13,"key":"SMITH"},{"floor":15,"key":"REST"}],"circlet_count":0,"master_deck":["Saiyan:SAIYA_Strike","Saiyan:SAIYA_Strike","Saiyan:SAIYA_Strike","Saiyan:SAIYA_Strike","Saiyan:SAIYA_Defend","Saiyan:SAIYA_Defend","Saiyan:SAIYA_Defend","Saiyan:SAIYA_Defend","Saiyan:EnergyBlast","Saiyan:KaioKen","Saiyan:RuthlessBlow","Saiyan:Quickening","infinitespire:UltimateForm","Saiyan:CCCapsule+1","Enlightenment+1","Saiyan:BurningSoul","Saiyan:PlotArmor","Saiyan:CCCapsule","Saiyan:PowerUp"],"relics":["SaiyanSoul","SaiyanHeart","LetterFromLob","DemoMod:AgedBell","reliquary:Knoch","hubris:MysteriousPyramids"],"acts_visited":["Exordium"],"potions_floor_usage":[6,16,16,16],"damage_taken":[{"damage":3,"enemies":"2 Louse","floor":1,"turns":3},{"damage":1,"enemies":"Small Slimes","floor":4,"turns":3},{"damage":23,"enemies":"Gremlin Nob","floor":6,"turns":5},{"damage":6,"enemies":"Jaw Worm","floor":12,"turns":5},{"damage":5,"enemies":"Red Slaver","floor":14,"turns":5},{"damage":71,"enemies":"Fading Forest","floor":16,"turns":7}],"seed_played":"1172753667693019918","potions_obtained":[{"floor":0,"key":"GamblersBrew"},{"floor":0,"key":"blueLaboratory:FrostheartPotion"},{"floor":0,"key":"Doom Potion"},{"floor":4,"key":"CultistPotion"},{"floor":6,"key":"blueLaboratory:AbyssPotion"},{"floor":12,"key":"blueLaboratory:FruitPunch"}],"is_trial":false,"path_per_floor":["M","?","?","M","?","E","?","?","T","R","$","M","R","M","R","B"],"character_chosen":"SAIYAJIN","items_purchased":["Saiyan:PlotArmor"],"campfire_rested":2,"item_purchase_floors":[11],"current_hp_per_floor":[57,57,41,42,48,26,26,26,26,46,46,41,41,37,58,0,0],"gold":87,"neow_bonus":"THREE_SMALL_POTIONS","is_daily":false,"chose_seed":false,"campfire_upgraded":1,"win_rate":0.0,"timestamp":1613157927,"path_taken":["M","?","?","M","?","E","?","?","T","R","$","M","R","?","R","BOSS"],"items_purchased_type":["Card"],"build_version":"2020-12-22","purchased_purges":0,"victory":false,"max_hp_per_floor":[60,60,60,62,68,69,69,69,69,69,69,70,70,71,71,73,73],"relic_stats":{"counters":[6,28],"obtain_stats":[{"DemoMod:AgedBell":2,"SaiyanSoul":0,"DemoMod:GlassGuonStoneRelic":4,"SaiyanHeart":0,"LetterFromLob":1,"reliquary:Knoch":6,"hubris:MysteriousPyramids":9},{"DemoMod:AgedBell":1,"SaiyanSoul":0,"DemoMod:GlassGuonStoneRelic":2,"SaiyanHeart":0,"LetterFromLob":1,"reliquary:Knoch":3,"hubris:MysteriousPyramids":3},{"DemoMod:AgedBell":3,"SaiyanSoul":0,"DemoMod:GlassGuonStoneRelic":6,"SaiyanHeart":0,"LetterFromLob":3,"reliquary:Knoch":11,"hubris:MysteriousPyramids":11}]},"card_choices":[{"not_picked":["Saiyan:Planning","Saiyan:Expend"],"picked":"Saiyan:Quickening","floor":1},{"not_picked":["infinitespire:SevenWalls","hubris:Rewind"],"picked":"infinitespire:UltimateForm","floor":3},{"not_picked":["Saiyan:Rekindle","Saiyan:UltraInstinct"],"picked":"Saiyan:CCCapsule","floor":4},{"not_picked":["Saiyan:PressOn","Saiyan:RemoveWeights"],"picked":"Saiyan:BurningSoul","floor":6},{"not_picked":["Saiyan:Honing","Saiyan:KameHameHa"],"picked":"Saiyan:CCCapsule","floor":12},{"not_picked":["Saiyan:Reset","Saiyan:MindBoom"],"picked":"Saiyan:PowerUp","floor":14}],"player_experience":149668,"relics_obtained":[{"floor":1,"key":"LetterFromLob"},{"floor":2,"key":"DemoMod:AgedBell"},{"floor":6,"key":"reliquary:Knoch"},{"floor":9,"key":"hubris:MysteriousPyramids"}],"event_choices":[{"damage_healed":0,"gold_gain":0,"player_choice":"RENOUNCE","damage_taken":102,"max_hp_gain":0,"max_hp_loss":0,"event_name":"betterThird:BetterSerpent","floor":5,"gold_loss":102,"cards_obtained":["Enlightenment"]},{"damage_healed":0,"gold_gain":0,"player_choice":"Grow","damage_taken":0,"max_hp_gain":0,"max_hp_loss":0,"event_name":"Living Wall","floor":8,"gold_loss":0,"cards_upgraded":["Enlightenment"]}],"is_beta":false,"boss_relics":[],"items_purged_floors":[],"is_endless":false,"potions_floor_spawned":[4,6,12],"killed_by":"Fading Forest","ascension_level":0}}