{"host":"baymyijz6sxaqj5s","time":1613115667,"event":{"mods":["AchievementEnabler","BaseMod","Colored Map","Colored Powertips","DeckTracker","Highlight Path","KOR Keyword Fix","Keyboard Shortcuts","Minty Spire (QoL Compilation)","StSLib","SuperFastMode","everything is the same but u backflip on backflip"],"gold_per_floor":[117,192,192,207,219,219,238,257,335,335,335,346,346,356,356,452,502,514,529,529],"floor_reached":19,"language":"KOR","playtime":422,"items_purged":[],"score":212,"play_id":"5188e960-6900-4222-a083-98918cac2168","local_time":"20210212164107","is_ascension_mode":true,"campfire_choices":[{"data":"Spot Weakness","floor":6,"key":"SMITH"},{"data":"Sword Boomerang","floor":10,"key":"SMITH"},{"data":"Bash","floor":15,"key":"SMITH"}],"circlet_count":0,"master_deck":["Strike_R+1","Strike_R","Strike_R","Strike_R","Strike_R","Defend_R","Defend_R","Defend_R","Defend_R","Bash+1","Spot Weakness+1","Sword Boomerang+1","Double Tap","Battle Trance"],"relics":["Burning Blood","HornCleat","Tiny House"],"acts_visited":["Exordium","TheCity"],"potions_floor_usage":[7,7,8,16,18],"damage_taken":[{"damage":1,"enemies":"Cultist","floor":1,"turns":3},{"damage":2,"enemies":"2 Louse","floor":4,"turns":4},{"damage":13,"enemies":"Jaw Worm","floor":5,"turns":4},{"damage":12,"enemies":"Gremlin Gang","floor":7,"turns":4},{"damage":1,"enemies":"Large Slime","floor":8,"turns":6},{"damage":5,"enemies":"Exordium Wildlife","floor":12,"turns":3},{"damage":1,"enemies":"Looter","floor":14,"turns":3},{"damage":44,"enemies":"The Guardian","floor":16,"turns":10},{"damage":48,"enemies":"2 Thieves","floor":18,"turns":4},{"damage":47,"enemies":"3 Byrds","floor":19,"turns":6}],"seed_played":"4603457802470423284","potions_obtained":[{"floor":1,"key":"SkillPotion"},{"floor":4,"key":"Fire Potion"},{"floor":7,"key":"Fire Potion"},{"floor":8,"key":"AttackPotion"},{"floor":17,"key":"LiquidBronze"}],"is_trial":false,"path_per_floor":["M","?","?","M","M","R","M","M","T","R","?","M","?","M","R","B",null,"M","M"],"character_chosen":"IRONCLAD","items_purchased":[],"campfire_rested":0,"item_purchase_floors":[],"current_hp_per_floor":[88,77,88,88,81,81,75,80,80,80,80,81,86,91,91,53,98,56,15,15],"gold":529,"neow_bonus":"TEN_PERCENT_HP_BONUS","is_daily":false,"chose_seed":false,"campfire_upgraded":3,"win_rate":0.0,"timestamp":1613115667,"path_taken":["M","?","?","?","M","R","M","M","T","R","?","M","?","?","R","BOSS","M","?"],"items_purchased_type":[],"build_version":"2020-12-22","purchased_purges":0,"victory":false,"max_hp_per_floor":[88,88,88,88,88,88,88,88,88,88,88,88,93,93,93,93,98,98,98,98],"card_choices":[{"not_picked":["Battle Trance","Bloodletting"],"picked":"Spot Weakness","floor":1},{"not_picked":["Dark Embrace","Fire Breathing","Feel No Pain"],"picked":"SKIP","floor":4},{"not_picked":["Warcry","Perfected Strike","Pommel Strike"],"picked":"SKIP","floor":5},{"not_picked":["Pommel Strike","Clothesline","Warcry"],"picked":"SKIP","floor":7},{"not_picked":["Shockwave","Juggernaut"],"picked":"Sword Boomerang","floor":8},{"not_picked":["Burning Pact","Carnage","Iron Wave"],"picked":"SKIP","floor":12},{"not_picked":["Bloodletting","Twin Strike","Headbutt"],"picked":"SKIP","floor":14},{"not_picked":["Feed","Berserk"],"picked":"Double Tap","floor":16},{"not_picked":["Sword Boomerang+1","Blood for Blood"],"picked":"Battle Trance","floor":18}],"player_experience":81622,"relics_obtained":[{"floor":9,"key":"HornCleat"}],"event_choices":[{"damage_healed":0,"gold_gain":75,"player_choice":"Gather Gold","damage_taken":11,"max_hp_gain":0,"max_hp_loss":0,"event_name":"World of Goop","floor":2,"gold_loss":0},{"damage_healed":11,"gold_gain":0,"player_choice":"Full Heal","damage_taken":0,"max_hp_gain":0,"max_hp_loss":0,"event_name":"Wheel of Change","floor":3,"gold_loss":0},{"damage_healed":0,"gold_gain":0,"player_choice":"Ignored","damage_taken":0,"max_hp_gain":0,"max_hp_loss":0,"event_name":"Liars Game","floor":11,"gold_loss":0},{"damage_healed":0,"gold_gain":0,"player_choice":"Donut","damage_taken":0,"max_hp_gain":5,"max_hp_loss":0,"event_name":"Big Fish","floor":13,"gold_loss":0}],"is_beta":false,"boss_relics":[{"not_picked":["Empty Cage","Black Star"],"picked":"Tiny House"}],"items_purged_floors":[],"is_endless":false,"potions_floor_spawned":[1,4,7,8],"killed_by":"3 Byrds","ascension_level":3}}