{"host":"sc0o2qwpf9j16a4i","time":1613145260,"event":{"mods":["AchievementEnabler","BaseMod","BetterRewards","Block Reminder","Colored Map","Colored Powertips","Custom Start","Highlight Path","Minty Spire (QoL Compilation)","Relic Stats"],"gold_per_floor":[113,32,42,59,59,59,91,91,114,147,161,174,174,207,207,311,311,326,326,341,353,45,73,84,113,162,162,188,188,206,206,206,309,309,329,340,340,352,369,369,395,395,420,449,460,471,502,519,519,519],"floor_reached":51,"language":"ENG","playtime":2039,"items_purged":[],"score":969,"play_id":"5ec168fb-73a2-4ec1-a4b7-9c5ce5e6b4b6","local_time":"20210212175420","daily_mods":["SealedDeck","ControlledChaos","Terminal"],"is_ascension_mode":false,"campfire_choices":[{"data":"Offering","floor":6,"key":"SMITH"},{"data":"Evolve","floor":8,"key":"SMITH"},{"data":"Whirlwind","floor":13,"key":"SMITH"},{"data":"Spot Weakness","floor":15,"key":"SMITH"},{"data":"Battle Trance","floor":27,"key":"SMITH"},{"floor":32,"key":"REST"},{"data":"Feel No Pain","floor":40,"key":"SMITH"},{"data":"Battle Trance","floor":49,"key":"SMITH"}],"circlet_count":0,"master_deck":["Ghostly Armor","Wild Strike","Evolve+1","Thunderclap","Thunderclap","Spot Weakness+1","Pommel Strike","Pommel Strike","Cleave","Offering+1","Disarm","Power Through","Whirlwind+1","Wild Strike","Feed","Reaper","Battle Trance+1","Burning Pact","Feel No Pain+1","Dual Wield+1","Shockwave+1","Reaper","Ghostly Armor+1","Infernal Blade+1","Wild Strike+1","Body Slam+1","Heavy Blade+1","Whirlwind+1","Battle Trance+1","Inflame","Flame Barrier"],"relics":["Burning Blood","Frozen Eye","Pantograph","Orichalcum","Pen Nib","Oddly Smooth Stone","Omamori","Busted Crown","Bottled Tornado","Juzu Bracelet","Lizard Tail","Bag of Preparation","Art of War","Incense Burner","Calling Bell","Anchor","Matryoshka","Prayer Wheel","Red Skull","Vajra","Potion Belt","Molten Egg 2","Bird Faced Urn"],"acts_visited":["Exordium","TheCity","TheBeyond"],"potions_floor_usage":[16,25,33,46,50,50,50],"damage_taken":[{"damage":0,"enemies":"Cultist","floor":1,"turns":2},{"damage":0,"enemies":"Small Slimes","floor":3,"turns":1},{"damage":6,"enemies":"Jaw Worm","floor":4,"turns":2},{"damage":17,"enemies":"Lagavulin","floor":7,"turns":6},{"damage":0,"enemies":"3 Sentries","floor":10,"turns":5},{"damage":0,"enemies":"Exordium Wildlife","floor":11,"turns":2},{"damage":6,"enemies":"2 Fungi Beasts","floor":12,"turns":1},{"damage":0,"enemies":"Gremlin Nob","floor":14,"turns":2},{"damage":6,"enemies":"Slime Boss","floor":16,"turns":5},{"damage":0,"enemies":"Shell Parasite","floor":18,"turns":3},{"damage":0,"enemies":"Chosen","floor":20,"turns":3},{"damage":15,"enemies":"Sentry and Sphere","floor":21,"turns":4},{"damage":12,"enemies":"Book of Stabbing","floor":23,"turns":7},{"damage":21,"enemies":"Shelled Parasite and Fungi","floor":24,"turns":3},{"damage":17,"enemies":"Slavers","floor":25,"turns":3},{"damage":19,"enemies":"Book of Stabbing","floor":28,"turns":6},{"damage":6,"enemies":"Snake Plant","floor":30,"turns":4},{"damage":6,"enemies":"Champ","floor":33,"turns":9},{"damage":6,"enemies":"3 Darklings","floor":35,"turns":4},{"damage":8,"enemies":"Orb Walker","floor":36,"turns":3},{"damage":11,"enemies":"4 Shapes","floor":38,"turns":3},{"damage":13,"enemies":"Spire Growth","floor":39,"turns":5},{"damage":7,"enemies":"Nemesis","floor":41,"turns":11},{"damage":8,"enemies":"Reptomancer","floor":44,"turns":4},{"damage":6,"enemies":"Maw","floor":45,"turns":8},{"damage":15,"enemies":"Sphere and 2 Shapes","floor":46,"turns":3},{"damage":9,"enemies":"Giant Head","floor":47,"turns":6},{"damage":1,"enemies":"Spire Growth","floor":48,"turns":4},{"damage":14,"enemies":"Donu and Deca","floor":50,"turns":9}],"seed_played":"-3983790480044287547","potions_obtained":[{"floor":1,"key":"Ancient Potion"},{"floor":10,"key":"PowerPotion"},{"floor":11,"key":"BloodPotion"},{"floor":16,"key":"Dexterity Potion"},{"floor":30,"key":"ElixirPotion"},{"floor":35,"key":"BloodPotion"},{"floor":44,"key":"Dexterity Potion"},{"floor":47,"key":"ElixirPotion"}],"is_trial":true,"path_per_floor":["M","$","M","M","T","R","E","R","T","E","M","M","R","E","R","B",null,"M","?","M","M","$","E","M","E","T","R","E","?","M","T","R","B",null,"M","M","?","M","M","R","E","?","T","E","M","M","E","M","R","B",null],"character_chosen":"IRONCLAD","items_purchased":["Offering","Feel No Pain","Bottled Tornado"],"campfire_rested":1,"item_purchase_floors":[2,22,22],"current_hp_per_floor":[78,77,76,75,74,73,62,62,62,68,68,67,66,65,64,63,62,61,60,62,53,53,47,32,35,35,35,28,28,36,36,52,52,51,50,51,51,49,48,48,50,49,48,47,49,48,45,49,48,47],"gold":519,"neow_bonus":"","is_daily":false,"chose_seed":false,"campfire_upgraded":7,"win_rate":0.0,"timestamp":1613145260,"path_taken":["M","?","M","M","?","R","E","R","T","E","M","M","R","E","R","BOSS","M","?","?","M","$","E","M","E","T","R","E","?","M","?","R","BOSS","M","M","?","M","M","R","E","?","T","E","M","M","E","M","R","BOSS"],"items_purchased_type":["Card","Card","Relic"],"build_version":"2020-12-22","purchased_purges":0,"victory":true,"max_hp_per_floor":[78,77,76,75,74,73,72,71,70,69,68,67,66,65,64,63,62,61,60,62,61,60,59,58,60,59,58,57,56,55,54,53,52,51,50,52,51,53,52,51,50,49,48,47,49,48,47,49,48,47],"relic_stats":{"counters":[29,128],"Pen Nib":[22],"Juzu Bracelet":1,"Bag of Preparation":[28],"Orichalcum":[192],"Burning Blood":123,"Lizard Tail":0,"Busted Crown":54,"Pantograph":1,"Bird Faced Urn":[10],"Prayer Wheel":7,"Art of War":[8],"obtain_stats":[{"Potion Belt":43,"Oddly Smooth Stone":10,"Vajra":43,"Pen Nib":9,"Omamori":14,"Juzu Bracelet":23,"Bag of Preparation":26,"Incense Burner":31,"Orichalcum":7,"Bottled Tornado":22,"Burning Blood":0,"Calling Bell":34,"Frozen Eye":0,"Lizard Tail":25,"Anchor":34,"Busted Crown":17,"Matryoshka":34,"Pantograph":5,"Bird Faced Urn":47,"Prayer Wheel":34,"Molten Egg 2":44,"Art of War":28,"Red Skull":41},{"Potion Belt":23,"Oddly Smooth Stone":5,"Vajra":23,"Pen Nib":4,"Omamori":8,"Juzu Bracelet":13,"Bag of Preparation":15,"Incense Burner":17,"Orichalcum":4,"Bottled Tornado":12,"Burning Blood":0,"Calling Bell":18,"Frozen Eye":0,"Lizard Tail":15,"Anchor":18,"Busted Crown":9,"Matryoshka":18,"Pantograph":3,"Bird Faced Urn":27,"Prayer Wheel":18,"Molten Egg 2":24,"Art of War":16,"Red Skull":23},{"Potion Belt":94,"Oddly Smooth Stone":16,"Vajra":94,"Pen Nib":11,"Omamori":21,"Juzu Bracelet":43,"Bag of Preparation":49,"Incense Burner":59,"Orichalcum":11,"Bottled Tornado":36,"Burning Blood":0,"Calling Bell":68,"Frozen Eye":0,"Lizard Tail":49,"Anchor":68,"Busted Crown":26,"Matryoshka":68,"Pantograph":5,"Bird Faced Urn":115,"Prayer Wheel":68,"Molten Egg 2":98,"Art of War":55,"Red Skull":94}]},"card_choices":[{"not_picked":["Shrug It Off","Anger"],"picked":"Cleave","floor":1},{"not_picked":["Twin Strike","True Grit","Sever Soul"],"picked":"SKIP","floor":3},{"not_picked":["Wild Strike","Armaments"],"picked":"Disarm","floor":4},{"not_picked":["Dual Wield","Disarm"],"picked":"Power Through","floor":7},{"not_picked":["Juggernaut","True Grit"],"picked":"Whirlwind","floor":10},{"not_picked":["Heavy Blade","Cleave"],"picked":"Wild Strike","floor":11},{"not_picked":["Sword Boomerang","Twin Strike"],"picked":"Feed","floor":12},{"not_picked":["Searing Blow","Anger","Cleave"],"picked":"SKIP","floor":14},{"not_picked":["Berserk","Brutality"],"picked":"Reaper","floor":16},{"not_picked":[],"picked":"Battle Trance","floor":18},{"not_picked":["Body Slam"],"picked":"SKIP","floor":20},{"not_picked":[],"picked":"Burning Pact","floor":21},{"not_picked":["Iron Wave"],"picked":"SKIP","floor":23},{"not_picked":["Bloodletting"],"picked":"SKIP","floor":24},{"not_picked":[],"picked":"Dual Wield+1","floor":25},{"not_picked":["Iron Wave"],"picked":"SKIP","floor":28},{"not_picked":[],"picked":"Shockwave+1","floor":30},{"not_picked":[],"picked":"Reaper","floor":33},{"not_picked":[],"picked":"Ghostly Armor+1","floor":35},{"not_picked":["Searing Blow"],"picked":"SKIP","floor":35},{"not_picked":["Hemokinesis+1"],"picked":"SKIP","floor":36},{"not_picked":["Rupture+1"],"picked":"SKIP","floor":36},{"not_picked":["Twin Strike+1"],"picked":"SKIP","floor":38},{"not_picked":["Perfected Strike+1"],"picked":"SKIP","floor":38},{"not_picked":[],"picked":"Infernal Blade+1","floor":39},{"not_picked":[],"picked":"Wild Strike+1","floor":39},{"not_picked":[],"picked":"Body Slam+1","floor":41},{"not_picked":["Cleave+1"],"picked":"SKIP","floor":44},{"not_picked":[],"picked":"Heavy Blade+1","floor":45},{"not_picked":[],"picked":"Whirlwind+1","floor":45},{"not_picked":[],"picked":"Battle Trance","floor":46},{"not_picked":["Rupture"],"picked":"SKIP","floor":46},{"not_picked":["Thunderclap+1"],"picked":"SKIP","floor":47},{"not_picked":[],"picked":"Inflame","floor":48},{"not_picked":[],"picked":"Flame Barrier","floor":48}],"player_experience":1370031,"relics_obtained":[{"floor":5,"key":"Pantograph"},{"floor":7,"key":"Orichalcum"},{"floor":9,"key":"Pen Nib"},{"floor":10,"key":"Oddly Smooth Stone"},{"floor":14,"key":"Omamori"},{"floor":23,"key":"Juzu Bracelet"},{"floor":25,"key":"Lizard Tail"},{"floor":26,"key":"Bag of Preparation"},{"floor":28,"key":"Art of War"},{"floor":31,"key":"Incense Burner"},{"floor":34,"key":"Anchor"},{"floor":34,"key":"Matryoshka"},{"floor":34,"key":"Prayer Wheel"},{"floor":41,"key":"Red Skull"},{"floor":43,"key":"Vajra"},{"floor":43,"key":"Potion Belt"},{"floor":44,"key":"Molten Egg 2"},{"floor":47,"key":"Bird Faced Urn"}],"event_choices":[{"damage_healed":0,"gold_gain":0,"player_choice":"Ignored","damage_taken":0,"max_hp_gain":0,"max_hp_loss":0,"event_name":"NoteForYourself","floor":19,"gold_loss":0},{"cards_removed":["Dropkick"],"damage_healed":0,"gold_gain":0,"player_choice":"Elegance","damage_taken":0,"max_hp_gain":0,"max_hp_loss":0,"event_name":"Back to Basics","floor":29,"gold_loss":0},{"damage_healed":0,"gold_gain":0,"player_choice":"Ignored","damage_taken":0,"max_hp_gain":0,"max_hp_loss":0,"event_name":"Tomb of Lord Red Mask","floor":37,"gold_loss":0},{"cards_removed":["Wild Strike"],"damage_healed":0,"gold_gain":0,"player_choice":"Removed Attack","damage_taken":0,"max_hp_gain":0,"max_hp_loss":0,"event_name":"Falling","floor":42,"gold_loss":0}],"is_beta":false,"boss_relics":[{"not_picked":["Ectoplasm","Astrolabe"],"picked":"Busted Crown"},{"not_picked":["SlaversCollar","Philosopher\u0027s Stone"],"picked":"Calling Bell"}],"items_purged_floors":[],"is_endless":false,"potions_floor_spawned":[1,10,11,12,16,20,23,30,35,38,39,44,47],"ascension_level":0}}