{"host":"adt9pv9dmmkchns7","time":1613122851,"event":{"mods":["AchievementEnabler","Aspiration","BaseMod","Beaked The Cultist","Better Third Choice","Curses Come First","Energized Spire","Minty Spire (QoL Compilation)","Permanent Neow","Potionbrewer","Quick Restart","Reliquary","Replay The Spire","Robot Space Explorer","Shade Mod","Spicy Shops","StSLib","The Blackbeard","The Cursed","The Forsaken","The Gatherer","The Necromancer","Wandering Minibosses"],"gold_per_floor":[113,127,138,138,138,158,158,168,168,168],"floor_reached":8,"language":"ENG","playtime":632,"items_purged":[],"score":70,"play_id":"79358c0a-ac0d-4e28-add9-9a2dc85e1cfa","local_time":"20210212104051","is_ascension_mode":true,"campfire_choices":[{"floor":7,"key":"RECALL"}],"circlet_count":0,"master_deck":["blackbeard:BlackbeardStrike","blackbeard:BlackbeardStrike","blackbeard:BlackbeardStrike","blackbeard:BlackbeardStrike","blackbeard:IntimidatingStrike","blackbeard:BlackbeardDefend","blackbeard:BlackbeardDefend","blackbeard:BlackbeardDefend","blackbeard:BlackbeardDefend","blackbeard:Cutlass+1","blackbeard:RemoveScurvy","blackbeard:GoldenStrike","blackbeard:PirateEarring","ReplayTheSpireMod:System Scan","blackbeard:BuriedTreasure"],"relics":["blackbeard:LoadTheCannons","aspiration:Nostalgia","Iron Core","reliquary:SilkGlove"],"acts_visited":["Exordium"],"potions_floor_usage":[6,8],"damage_taken":[{"damage":1,"enemies":"2 Louse","floor":1,"turns":2},{"damage":2,"enemies":"Small Slimes","floor":2,"turns":4},{"damage":0,"enemies":"Cultist","floor":3,"turns":3},{"damage":25,"enemies":"3 Louse","floor":5,"turns":7},{"damage":45,"enemies":"Lagavulin","floor":6,"turns":9},{"damage":27,"enemies":"Replay:BlueRogue","floor":8,"turns":3}],"seed_played":"-3442224669969889827","potions_obtained":[{"floor":1,"key":"potionbrewer:DiscountPotion"},{"floor":3,"key":"potionbrewer:CleansingPotion"},{"floor":6,"key":"Explosive Potion"}],"is_trial":false,"path_per_floor":["M","M","M","?","M","E","R","E"],"character_chosen":"BLACKBEARD_CLASS","items_purchased":[],"campfire_rested":0,"item_purchase_floors":[],"current_hp_per_floor":[74,75,75,75,55,15,15,0,0,0],"gold":168,"neow_bonus":"NOSTALGIA","is_daily":false,"chose_seed":false,"campfire_upgraded":0,"win_rate":0.0,"timestamp":1613122851,"path_taken":["M","M","M","?","M","E","R","E"],"items_purchased_type":[],"build_version":"2020-12-22","purchased_purges":0,"victory":false,"max_hp_per_floor":[75,75,75,75,75,75,75,75,75,75],"card_choices":[{"not_picked":["ReplayTheSpireMod:System Scan","blackbeard:DeadlyArsenal"],"picked":"blackbeard:RemoveScurvy","floor":1},{"not_picked":["Beam Cell","blackbeard:Shrapnel"],"picked":"blackbeard:GoldenStrike","floor":2},{"not_picked":["blackbeard:Shrapnel","blackbeard:CloakAndCannonball"],"picked":"blackbeard:PirateEarring","floor":3},{"not_picked":["blackbeard:Spear","Heavy Blade"],"picked":"ReplayTheSpireMod:System Scan","floor":5},{"not_picked":["blackbeard:GoldenStrike","Dual Wield"],"picked":"blackbeard:BuriedTreasure","floor":6}],"player_experience":913783,"relics_obtained":[{"floor":6,"key":"reliquary:SilkGlove"}],"event_choices":[{"damage_healed":0,"gold_gain":0,"player_choice":"Grow","damage_taken":0,"max_hp_gain":0,"max_hp_loss":0,"event_name":"Living Wall","floor":4,"gold_loss":0,"cards_upgraded":["blackbeard:Cutlass"]}],"is_beta":false,"boss_relics":[],"items_purged_floors":[],"is_endless":false,"potions_floor_spawned":[1,3,6],"killed_by":"Replay:BlueRogue","ascension_level":4}}