{"host":"91blwi3hgehj6ch9","time":1613165746,"event":{"mods":["2.2 Compatiblity","AchievementEnabler","BaseMod","Colored Map","DeckTracker","Keyboard Shortcuts","Minty Spire (QoL Compilation)","Permanent Neow","Quick Restart","StSLib","SuperFastMode","everything is the same but u backflip on backflip"],"gold_per_floor":[119,119,136,61,80,80,99,115,115,190,203,203,85,85,85,164,164,175,225,225,235,235,235,235,235],"floor_reached":24,"language":"KOR","playtime":740,"items_purged":["Defend_G"],"score":353,"play_id":"7e788c65-1ccd-44db-8341-67637825b4de","local_time":"20210213063546","is_ascension_mode":true,"campfire_choices":[{"data":"Acrobatics","floor":6.0,"key":"SMITH"},{"data":"Reflex","floor":12.0,"key":"SMITH"},{"data":"Skewer","floor":15,"key":"SMITH"},{"data":"Tactician","floor":23,"key":"SMITH"}],"circlet_count":0,"master_deck":["AscendersBane","Strike_G","Strike_G","Defend_G","Defend_G","Defend_G","Survivor","Neutralize","Backflip","Acrobatics+1","Reflex+1","Escape Plan","Masterful Stab","Skewer+1","After Image","Cloak And Dagger+1","Crippling Poison+1","Accuracy+1","Blur","Tactician+1"],"relics":["Coffee Dripper","Bottled Lightning","Astrolabe"],"acts_visited":["Exordium","TheCity"],"potions_floor_usage":[16,16,24],"damage_taken":[{"damage":1.0,"enemies":"2 Louse","floor":1.0,"turns":3.0},{"damage":0.0,"enemies":"Small Slimes","floor":3.0,"turns":4.0},{"damage":7.0,"enemies":"Jaw Worm","floor":5.0,"turns":6.0},{"damage":0.0,"enemies":"Blue Slaver","floor":7.0,"turns":7.0},{"damage":6.0,"enemies":"Large Slime","floor":8.0,"turns":10.0},{"damage":1.0,"enemies":"Exordium Thugs","floor":11.0,"turns":6.0},{"damage":9,"enemies":"Slime Boss","floor":16,"turns":7},{"damage":6,"enemies":"2 Thieves","floor":18,"turns":4},{"damage":0,"enemies":"3 Byrds","floor":21,"turns":4},{"damage":35,"enemies":"Sentry and Sphere","floor":24,"turns":5}],"seed_played":"5162189764933040403","potions_obtained":[{"floor":7.0,"key":"PowerPotion"},{"floor":8.0,"key":"SkillPotion"},{"floor":16,"key":"SkillPotion"}],"is_trial":false,"path_per_floor":["M","?","M","?","M","R","M","M","T","?","M","R","$","?","R","B",null,"M","?","?","M","?","R","M"],"character_chosen":"THE_SILENT","items_purchased":["Skewer"],"campfire_rested":0,"item_purchase_floors":[13],"current_hp_per_floor":[58,58,58,58,51,51,51,45,45,34,33,33,33,33,33,24,56,50,50,50,50,32,32,0,0],"gold":235,"neow_bonus":"BOSS_RELIC","is_daily":false,"chose_seed":false,"campfire_upgraded":4,"win_rate":0.0,"timestamp":1613165746,"path_taken":["M","?","M","?","M","R","M","M","T","?","M","R","$","?","R","BOSS","M","?","?","?","?","R","M"],"items_purchased_type":["Card"],"build_version":"2020-12-22","purchased_purges":1,"victory":false,"max_hp_per_floor":[66,66,66,66,66,66,66,66,66,66,66,66,66,66,66,66,66,66,66,66,66,71,71,71,71],"card_choices":[{"not_picked":["Dodge and Roll","All Out Attack"],"picked":"Backflip","floor":1.0},{"not_picked":["Sucker Punch","Riddle With Holes"],"picked":"Acrobatics","floor":3.0},{"not_picked":["Unload","Slice"],"picked":"Reflex","floor":5.0},{"not_picked":["Slice","Dagger Spray"],"picked":"Escape Plan","floor":7.0},{"not_picked":["Setup","Bane","Bullet Time"],"picked":"SKIP","floor":8.0},{"not_picked":["Acrobatics","Sucker Punch"],"picked":"Masterful Stab","floor":11.0},{"not_picked":["Burst","Doppelganger"],"picked":"After Image","floor":16},{"not_picked":["Slice","Dagger Spray"],"picked":"Blur","floor":18},{"not_picked":["Poisoned Stab","Grand Finale"],"picked":"Tactician","floor":21}],"player_experience":237511,"relics_obtained":[{"floor":9.0,"key":"Bottled Lightning"}],"event_choices":[{"damage_healed":0.0,"max_hp_gain":0.0,"max_hp_loss":0.0,"gold_gain":0.0,"event_name":"Liars Game","player_choice":"Ignored","floor":2.0,"gold_loss":0.0,"damage_taken":0.0},{"cards_removed":["Strike_G"],"damage_healed":0.0,"max_hp_gain":0.0,"max_hp_loss":0.0,"gold_gain":0.0,"event_name":"The Cleric","player_choice":"Card Removal","floor":4.0,"gold_loss":75.0,"damage_taken":0.0},{"damage_healed":0.0,"max_hp_gain":0.0,"max_hp_loss":0.0,"gold_gain":75.0,"event_name":"World of Goop","player_choice":"Gather Gold","floor":10.0,"gold_loss":0.0,"damage_taken":11.0},{"damage_healed":0,"gold_gain":0,"player_choice":"Searched \u00270\u0027 times","damage_taken":0,"max_hp_gain":0,"max_hp_loss":0,"event_name":"Dead Adventurer","floor":14,"gold_loss":0},{"damage_healed":0,"gold_gain":50,"player_choice":"Stole From Cult","damage_taken":0,"max_hp_gain":0,"max_hp_loss":0,"event_name":"Nest","floor":19,"gold_loss":0},{"damage_healed":0,"gold_gain":0,"player_choice":"Ignored","damage_taken":0,"max_hp_gain":0,"max_hp_loss":0,"event_name":"Cursed Tome","floor":20,"gold_loss":0},{"damage_healed":0,"gold_gain":0,"player_choice":"Shed Blood","damage_taken":23,"max_hp_gain":5,"max_hp_loss":0,"event_name":"Forgotten Altar","floor":22,"gold_loss":0}],"is_beta":false,"boss_relics":[{"not_picked":["HoveringKite","Calling Bell"],"picked":"Astrolabe"}],"items_purged_floors":[13],"is_endless":false,"potions_floor_spawned":[7,8,11,16],"killed_by":"Sentry and Sphere","ascension_level":18}}