{"host":"z2qbs5oitkx9dzyk","time":1613159682,"event":{"mods":["BaseMod","Colored Map","Colored Powertips","Minty Spire (QoL Compilation)","Shop Mod"],"gold_per_floor":[114,114,129,142,158,184,149,479,479,479,495,505,515,36,36,136,136,154,135,135,0,0,0,11,11,11,11,11,11,31,31,31,135,135,155,155,166,106,156,156,116,126,126,226,226,237,237,256,256,256,256,256,16,41,41],"floor_reached":56,"language":"ENG","playtime":2319,"items_purged":["Pain"],"score":1182,"play_id":"214616de-2adb-4a44-83a5-f96b603e4954","local_time":"20210212135442","is_ascension_mode":false,"campfire_choices":[{"floor":10,"key":"REST"},{"floor":15,"key":"REST"},{"data":"Defragment","floor":25,"key":"SMITH"},{"data":"Defragment","floor":28,"key":"SMITH"},{"data":"Glacier","floor":32,"key":"SMITH"},{"data":"White Noise","floor":40,"key":"SMITH"},{"data":"White Noise","floor":45,"key":"SMITH"},{"floor":47,"key":"RECALL"},{"floor":49,"key":"REST"},{"data":"Amplify","floor":52,"key":"SMITH"}],"circlet_count":0,"master_deck":["Strike_B+1","Strike_B+1","Strike_B+1","Defend_B+1","Defend_B+1","Defend_B+1","Defend_B+1","Zap","Dualcast","Genetic Algorithm","Lockon","Reprogram","Ball Lightning","Conserve Battery","Defragment+1","Defragment+1","Multi-Cast","Glacier+1","White Noise+1","Capacitor","Capacitor","Cold Snap","Compile Driver+1","White Noise+1","White Noise+1","Amplify+1","Stack+1","Reboot","Ball Lightning+1","BootSequence+1","Defragment"],"relics":["FrozenCore","Pen Nib","Happy Flower","Old Coin","The Courier","Runic Capacitor","DataDisk","Juzu Bracelet","Lantern","SacredBark","Question Card","WarpedTongs","Ginger","Blood Vial","Anchor","Pantograph"],"acts_visited":["Exordium","TheCity","TheBeyond","TheEnding"],"potions_floor_usage":[4,6,11,13,16,24,33,54,55,55,55],"damage_taken":[{"damage":7,"enemies":"Small Slimes","floor":1,"turns":3},{"damage":0,"enemies":"Cultist","floor":3,"turns":3},{"damage":5,"enemies":"Jaw Worm","floor":4,"turns":3},{"damage":9,"enemies":"Exordium Wildlife","floor":5,"turns":3},{"damage":43,"enemies":"3 Sentries","floor":6,"turns":9},{"damage":31,"enemies":"Gremlin Nob","floor":8,"turns":5},{"damage":0,"enemies":"Red Slaver","floor":11,"turns":3},{"damage":0,"enemies":"2 Fungi Beasts","floor":12,"turns":3},{"damage":0,"enemies":"Lots of Slimes","floor":13,"turns":3},{"damage":14,"enemies":"Hexaghost","floor":16,"turns":7},{"damage":9,"enemies":"Shell Parasite","floor":18,"turns":5},{"damage":5,"enemies":"2 Thieves","floor":19,"turns":5},{"damage":14,"enemies":"Shelled Parasite and Fungi","floor":24,"turns":7},{"damage":11,"enemies":"Snake Plant","floor":30,"turns":4},{"damage":29,"enemies":"Champ","floor":33,"turns":9},{"damage":8,"enemies":"Orb Walker","floor":35,"turns":5},{"damage":4,"enemies":"3 Shapes","floor":37,"turns":7},{"damage":1,"enemies":"Mind Bloom Boss Battle","floor":39,"turns":9},{"damage":5,"enemies":"Spire Growth","floor":42,"turns":5},{"damage":0,"enemies":"Maw","floor":46,"turns":5},{"damage":4,"enemies":"Writhing Mass","floor":48,"turns":7},{"damage":23,"enemies":"Time Eater","floor":50,"turns":10},{"damage":13,"enemies":"Shield and Spear","floor":54,"turns":8},{"damage":43,"enemies":"The Heart","floor":55,"turns":11}],"seed_played":"-181391619492833852","potions_obtained":[{"floor":3,"key":"PotionOfCapacity"},{"floor":4,"key":"Fruit Juice"},{"floor":5,"key":"EssenceOfSteel"},{"floor":11,"key":"Weak Potion"},{"floor":12,"key":"DistilledChaos"},{"floor":24,"key":"EntropicBrew"},{"floor":30,"key":"Energy Potion"},{"floor":39,"key":"Weak Potion"},{"floor":42,"key":"CultistPotion"},{"floor":54,"key":"Fruit Juice"}],"is_trial":false,"path_per_floor":["M","?","M","M","M","E","?","E","T","R","M","M","M","$","R","B",null,"M","M","?","$","?","?","M","R","T","?","R","?","M","$","R","B",null,"M","?","M","$","?","R","?","M","T","?","R","M","R","M","R","B",null,"R","$","E","B",null],"character_chosen":"DEFECT","items_purchased":["Runic Capacitor","DataDisk","Juzu Bracelet","Lantern","Capacitor","Capacitor","Cold Snap","Blood Vial","Anchor"],"campfire_rested":3,"item_purchase_floors":[14,14,14,14,21,21,21,53,53],"current_hp_per_floor":[68,68,68,68,59,16,36,5,5,29,29,29,29,29,53,39,80,71,66,66,66,80,80,66,66,66,66,66,66,55,55,55,26,80,72,72,68,68,67,67,67,62,62,62,62,62,62,58,80,57,80,80,80,67,47],"gold":41,"neow_bonus":"RANDOM_COMMON_RELIC","is_daily":false,"chose_seed":false,"campfire_upgraded":6,"win_rate":0.0,"timestamp":1613159682,"path_taken":["M","?","?","M","M","E","?","E","T","R","M","M","M","$","R","BOSS","M","M","?","$","?","?","M","R","T","?","R","?","M","$","R","BOSS","M","?","M","$","?","R","?","M","T","?","R","M","R","M","R","BOSS","R","$","E","BOSS"],"items_purchased_type":["Relic","Relic","Relic","Relic","Card","Card","Card","Relic","Relic"],"build_version":"2020-12-22","purchased_purges":1,"victory":true,"max_hp_per_floor":[75,75,75,80,80,80,80,80,80,80,80,80,80,80,80,80,80,80,80,80,80,80,80,80,80,80,80,80,80,80,80,80,80,80,80,80,80,80,80,80,80,80,80,80,80,80,80,80,80,80,80,80,80,80,90],"card_choices":[{"not_picked":["Beam Cell","Ball Lightning"],"picked":"Genetic Algorithm","floor":1},{"not_picked":["Chaos","FTL","Tempest"],"picked":"SKIP","floor":3},{"not_picked":["Rebound","Turbo"],"picked":"Reprogram","floor":4},{"not_picked":["Compile Driver","Sweeping Beam"],"picked":"Ball Lightning","floor":5},{"not_picked":["Beam Cell","Fusion"],"picked":"Conserve Battery","floor":6},{"not_picked":["Sunder","All For One"],"picked":"Defragment","floor":8},{"not_picked":["Fusion","Hologram","Gash"],"picked":"SKIP","floor":11},{"not_picked":["Double Energy","Compile Driver","Sweeping Beam"],"picked":"SKIP","floor":12},{"not_picked":["Cold Snap","Gash"],"picked":"Defragment","floor":13},{"not_picked":["Hyperbeam","Thunder Strike"],"picked":"Multi-Cast","floor":16},{"not_picked":["Ball Lightning","Skim+1"],"picked":"Glacier","floor":18},{"not_picked":["Hello World","Steam"],"picked":"White Noise","floor":19},{"not_picked":["Turbo+1","Blizzard"],"picked":"Compile Driver+1","floor":24},{"not_picked":["BootSequence","Glacier+1","Turbo+1"],"picked":"White Noise","floor":30},{"not_picked":["Multi-Cast","Reboot","Hyperbeam"],"picked":"Amplify","floor":33},{"not_picked":["Stack","Undo","Storm","Turbo"],"picked":"SKIP","floor":35},{"not_picked":["Beam Cell","Redo+1","Melter"],"picked":"Stack+1","floor":37},{"not_picked":["Compile Driver","Streamline+1","Leap"],"picked":"Reboot","floor":39},{"not_picked":["Double Energy","Steam+1","Compile Driver"],"picked":"Ball Lightning+1","floor":42},{"not_picked":["Stack","Beam Cell","Force Field+1","Steam"],"picked":"SKIP","floor":46},{"not_picked":["FTL+1","Cold Snap+1","Fusion"],"picked":"BootSequence+1","floor":48},{"not_picked":["Stack","Chill+1","Storm"],"picked":"Defragment","floor":54}],"player_experience":423051,"relics_obtained":[{"floor":6,"key":"Happy Flower"},{"floor":8,"key":"Old Coin"},{"floor":9,"key":"The Courier"},{"floor":26,"key":"Question Card"},{"floor":39,"key":"Ginger"},{"floor":54,"key":"Pantograph"}],"event_choices":[{"damage_healed":0,"gold_gain":0,"cards_transformed":["Strike_B"],"player_choice":"Transformed","damage_taken":0,"max_hp_gain":0,"max_hp_loss":0,"event_name":"Transmorgrifier","floor":2,"gold_loss":0,"cards_obtained":["Lockon"]},{"damage_healed":20,"gold_gain":0,"player_choice":"Healed","damage_taken":0,"max_hp_gain":0,"max_hp_loss":0,"event_name":"The Cleric","floor":7,"gold_loss":35},{"damage_healed":0,"gold_gain":0,"player_choice":"Simplicity","damage_taken":0,"max_hp_gain":0,"max_hp_loss":0,"event_name":"Back to Basics","floor":20,"gold_loss":0,"cards_upgraded":["Strike_B","Strike_B","Strike_B","Defend_B","Defend_B","Defend_B","Defend_B"]},{"damage_healed":14,"gold_gain":0,"player_choice":"Full Heal","damage_taken":0,"max_hp_gain":0,"max_hp_loss":0,"event_name":"Wheel of Change","floor":22,"gold_loss":0},{"damage_healed":0,"gold_gain":0,"player_choice":"Rummage","damage_taken":0,"relics_obtained":["WarpedTongs"],"max_hp_gain":0,"max_hp_loss":0,"event_name":"Accursed Blacksmith","floor":27,"gold_loss":0,"cards_obtained":["Pain"]},{"damage_healed":0,"gold_gain":0,"player_choice":"Read","damage_taken":0,"max_hp_gain":0,"max_hp_loss":0,"event_name":"The Library","floor":29,"gold_loss":0,"cards_obtained":["White Noise"]},{"damage_healed":0,"gold_gain":0,"player_choice":"Ignored","damage_taken":0,"max_hp_gain":0,"max_hp_loss":0,"event_name":"Tomb of Lord Red Mask","floor":36,"gold_loss":0},{"damage_healed":0,"gold_gain":0,"player_choice":"Fight","damage_taken":0,"max_hp_gain":0,"max_hp_loss":0,"event_name":"MindBloom","floor":39,"gold_loss":0},{"damage_healed":0,"gold_gain":0,"player_choice":"Upgrade","damage_taken":0,"max_hp_gain":0,"max_hp_loss":0,"event_name":"Designer","floor":41,"gold_loss":40,"cards_upgraded":["White Noise"]},{"damage_healed":0,"gold_gain":100,"player_choice":"Pray","damage_taken":0,"max_hp_gain":0,"max_hp_loss":0,"event_name":"Golden Shrine","floor":44,"gold_loss":0}],"is_beta":false,"boss_relics":[{"not_picked":["Snecko Eye","Runic Dome"],"picked":"SacredBark"},{"not_picked":["Black Star","Philosopher\u0027s Stone"],"picked":"FrozenCore"}],"items_purged_floors":[38],"is_endless":false,"potions_floor_spawned":[3,4,5,11,12,24,30,39,42,46,54],"ascension_level":0}}