{"host":"4ge9z8h6k0ioij78","time":1613131157,"event":{"mods":["AchievementEnabler","BaseMod","Colored Map","Colored Powertips","Custom Start","DeckTracker","Faster Ascension Climbing","Minty Spire (QoL Compilation)","SuperFastMode"],"gold_per_floor":[109,121,141,141,151,151,183,183,183,210,229,77,77,96,96,195,195,215,115,130,130,230,265,280,314,340,357,357,357,357],"floor_reached":29,"language":"KOR","playtime":1007,"items_purged":["Strike_P","Defend_P"],"score":289,"play_id":"8ffe53af-32dc-4365-8c6a-f82174fde6cf","local_time":"20210212205917","is_ascension_mode":true,"campfire_choices":[{"data":"Eruption","floor":6,"key":"SMITH"},{"data":"Adaptation","floor":8,"key":"SMITH"},{"data":"InnerPeace","floor":15,"key":"SMITH"},{"data":"MentalFortress","floor":28,"key":"SMITH"}],"circlet_count":0,"master_deck":["Strike_P","Defend_P","Defend_P","Eruption+1","Vigilance+1","Ragnarok+1","Prostrate+1","DeceiveReality+1","Worship","BowlingBash","Swivel","Adaptation+1","Meditate","ForeignInfluence+1","MentalFortress+1","InnerPeace+1","LessonLearned+1","Prostrate","Pray","WheelKick+1","Swivel"],"relics":["Astrolabe","Bronze Scales","Yang","MealTicket","Molten Egg 2","Snecko Eye","MutagenicStrength","Omamori","TungstenRod","Blood Vial"],"acts_visited":["Exordium","TheCity"],"potions_floor_usage":[16,16,20,24,29],"damage_taken":[{"damage":0.0,"enemies":"2 Louse","floor":1.0,"turns":1.0},{"damage":10,"enemies":"Small Slimes","floor":2,"turns":3},{"damage":0,"enemies":"Cultist","floor":3,"turns":2},{"damage":3,"enemies":"Blue Slaver","floor":5,"turns":2},{"damage":5,"enemies":"Gremlin Nob","floor":7,"turns":3},{"damage":30,"enemies":"3 Sentries","floor":10,"turns":4},{"damage":0,"enemies":"Large Slime","floor":11,"turns":3},{"damage":8,"enemies":"Lots of Slimes","floor":14,"turns":2},{"damage":23,"enemies":"The Guardian","floor":16,"turns":9},{"damage":0,"enemies":"Chosen","floor":18,"turns":3},{"damage":5,"enemies":"Spheric Guardian","floor":20,"turns":3},{"damage":26,"enemies":"Slavers","floor":23,"turns":4},{"damage":4,"enemies":"Cultist and Chosen","floor":24,"turns":2},{"damage":12,"enemies":"Book of Stabbing","floor":25,"turns":4},{"damage":10,"enemies":"Centurion and Healer","floor":27,"turns":4},{"damage":21,"enemies":"Slavers","floor":29,"turns":1}],"seed_played":"1976419426240004516","potions_obtained":[{"floor":1.0,"key":"Weak Potion"},{"floor":5,"key":"Ancient Potion"},{"floor":11,"key":"Block Potion"},{"floor":16,"key":"SpeedPotion"},{"floor":18,"key":"PowerPotion"},{"floor":23,"key":"PowerPotion"},{"floor":27,"key":"BottledMiracle"}],"is_trial":false,"path_per_floor":["M","M","M","?","M","R","E","R","T","E","M","$","?","M","R","B",null,"M","$","M","?","?","E","M","E","T","M","R","E"],"character_chosen":"WATCHER","items_purchased":["MentalFortress"],"campfire_rested":0,"item_purchase_floors":[12],"current_hp_per_floor":[72,62,62,55,52,52,47,47,47,17,17,32,32,24,24,1,72,72,72,67,67,67,41,37,25,25,17,17,0,0],"gold":357,"neow_bonus":"BOSS_RELIC","is_daily":false,"chose_seed":false,"campfire_upgraded":4,"win_rate":0.0,"timestamp":1613131157,"path_taken":["M","M","M","?","M","R","E","R","T","E","M","$","?","M","R","BOSS","M","?","M","?","?","E","M","E","T","M","R","E"],"items_purchased_type":["Card"],"build_version":"2020-12-22","purchased_purges":2,"victory":false,"max_hp_per_floor":[72,72,72,72,72,72,72,72,72,72,72,72,72,72,72,72,72,72,72,72,72,72,72,72,72,72,72,72,72,72],"card_choices":[{"not_picked":["Collect","Crescendo","EmptyBody"],"picked":"SKIP","floor":1.0},{"not_picked":["Prostrate","Consecrate"],"picked":"Worship","floor":2},{"not_picked":["Halt","EmptyFist"],"picked":"BowlingBash","floor":3},{"not_picked":["CrushJoints","Wish"],"picked":"Swivel","floor":5},{"not_picked":["EmptyFist","BowlingBash"],"picked":"Adaptation","floor":7},{"not_picked":["Vengeance","FlurryOfBlows+1"],"picked":"Meditate","floor":10},{"not_picked":["ClearTheMind","Meditate"],"picked":"ForeignInfluence","floor":11},{"not_picked":["Prostrate","BowlingBash+1"],"picked":"InnerPeace","floor":14},{"not_picked":["Alpha","Vault"],"picked":"LessonLearned+1","floor":16},{"not_picked":["Consecrate+1","FlyingSleeves+1"],"picked":"Prostrate","floor":18},{"not_picked":["FlyingSleeves+1","ThirdEye","SashWhip+1"],"picked":"SKIP","floor":20},{"not_picked":["Evaluate","Pray","JustLucky+1"],"picked":"SKIP","floor":23},{"not_picked":["Evaluate","JustLucky+1"],"picked":"Pray","floor":23},{"not_picked":["DeceiveReality","FlurryOfBlows+1","Vengeance"],"picked":"SKIP","floor":24},{"not_picked":["Consecrate+1","BowlingBash+1"],"picked":"WheelKick+1","floor":25},{"not_picked":["Swivel","FlyingSleeves+1","FollowUp+1"],"picked":"SKIP","floor":27},{"not_picked":["FlyingSleeves+1","FollowUp+1"],"picked":"Swivel","floor":27}],"player_experience":1333072,"relics_obtained":[{"floor":7,"key":"Yang"},{"floor":9,"key":"MealTicket"},{"floor":10,"key":"Molten Egg 2"},{"floor":23,"key":"Omamori"},{"floor":25,"key":"TungstenRod"},{"floor":26,"key":"Blood Vial"}],"event_choices":[{"damage_healed":0,"gold_gain":0,"player_choice":"Success","damage_taken":7,"relics_obtained":["Bronze Scales"],"max_hp_gain":0,"max_hp_loss":0,"event_name":"Scrap Ooze","floor":4,"gold_loss":0},{"damage_healed":0,"gold_gain":0,"player_choice":"Bought 0 Potions","damage_taken":0,"max_hp_gain":0,"max_hp_loss":0,"event_name":"The Woman in Blue","floor":13,"gold_loss":0},{"damage_healed":0,"gold_gain":0,"player_choice":"Inject Mutagens","damage_taken":0,"relics_obtained":["MutagenicStrength"],"max_hp_gain":0,"max_hp_loss":0,"event_name":"Drug Dealer","floor":21,"gold_loss":0},{"damage_healed":0,"gold_gain":100,"player_choice":"Pray","damage_taken":0,"max_hp_gain":0,"max_hp_loss":0,"event_name":"Golden Shrine","floor":22,"gold_loss":0}],"is_beta":false,"boss_relics":[{"not_picked":["Ectoplasm","Busted Crown"],"picked":"Snecko Eye"}],"items_purged_floors":[12,19],"is_endless":false,"potions_floor_spawned":[1,5,11,16,18,23,27],"killed_by":"Slavers","ascension_level":1}}