{"host":"5inz41fcnifmg6v2","time":1613122766,"event":{"mods":["BaseMod","Downfall","Minty Spire (QoL Compilation)","Reliquary","Replay The Spire","StSLib"],"gold_per_floor":[109,59,134,134,154,188,204,204,252,286,81,81,58,72,72,170,170,188,200,220,240,240,269,269,269,269,301,85,85,111,134,134,271,271,319,319,319,349,241,241,286,306,376,206,206],"floor_reached":44,"language":"ZHS","playtime":3280,"items_purged":[],"score":712,"play_id":"42eb8e46-754e-49f7-a89e-3824fff27b12","local_time":"20210212173926","is_ascension_mode":true,"campfire_choices":[{"floor":8,"key":"REST"},{"floor":15,"key":"REST"},{"floor":24,"key":"REST"},{"floor":32,"key":"RECALL"},{"data":"Apotheosis","floor":40,"key":"SMITH"}],"circlet_count":0,"master_deck":["Strike_R","Strike_R","Strike_R","Strike_R+1","Defend_R","Defend_R","Defend_R","Defend_R","Bash+1","Demonic Infusion","Clash","Whirlwind","Life Link","Headbutt","Searing Blow","Demon Form","Cleave","Body Slam","Limit Break","Bloodletting","Cleave","Immolate","Cleave+1","RitualDagger","Searing Blow+1","Double Tap","Spot Weakness+1","Ghostly","Ghostly","Ghostly","Ghostly","Ghostly","Double Tap","Reaper+1","Bloodletting+1","Ghostly Armor+1","Pummel+1","Ghostly Armor+1","Apotheosis+1","ReplayTheSpireMod:IOU","Anger","Rupture+1"],"relics":["Burning Blood","Replay:Wax Seal","Orichalcum","Replay:Mystery Machine","Sling","FaceOfCleric","bronze:MakeshiftBattery","Gremlin Horn","Ring of Searing","Garlic","Cauldron","Replay:Bandana","Astrolabe","reliquary:Sideboard","White Beast Statue"],"acts_visited":["Exordium","TheCity","TheBeyond"],"potions_floor_usage":[10,16,18,19,20,22,23,28,30,33,33,33,35,41],"damage_taken":[{"damage":3,"enemies":"2 Louse","floor":1,"turns":3},{"damage":2,"enemies":"Jaw Worm","floor":5,"turns":3},{"damage":26,"enemies":"Lagavulin","floor":6,"turns":5},{"damage":5,"enemies":"Small Slimes","floor":7,"turns":3},{"damage":33,"enemies":"3 Sentries","floor":10,"turns":11},{"damage":11,"enemies":"Gremlin Gang","floor":14,"turns":4},{"damage":10,"enemies":"Fading Forest","floor":16,"turns":11},{"damage":2,"enemies":"Chosen","floor":18,"turns":4},{"damage":33,"enemies":"2 Thieves","floor":19,"turns":4},{"damage":28,"enemies":"Snake Plant","floor":20,"turns":3},{"damage":20,"enemies":"3 Cultists","floor":21,"turns":4},{"damage":0,"enemies":"Gremlin Leader","floor":23,"turns":3},{"damage":33,"enemies":"Book of Stabbing","floor":27,"turns":3},{"damage":0,"enemies":"Slavers","floor":30,"turns":1},{"damage":19,"enemies":"Snecko","floor":31,"turns":4},{"damage":27,"enemies":"Automaton","floor":33,"turns":10},{"damage":5,"enemies":"3 Darklings","floor":35,"turns":2},{"damage":15,"enemies":"Orb Walker","floor":38,"turns":3},{"damage":9,"enemies":"Reptomancer","floor":41,"turns":3},{"damage":5,"enemies":"Transient","floor":42,"turns":5},{"damage":56,"enemies":"3 Darklings","floor":44,"turns":3}],"seed_played":"4569160617883058353","potions_obtained":[{"floor":1,"key":"Swift Potion"},{"floor":6,"key":"Elixir"},{"floor":10,"key":"LifebloodPotion"},{"floor":18,"key":"Strength Potion"},{"floor":19,"key":"ColorlessPotion"},{"floor":21,"key":"AttackPotion"},{"floor":28,"key":"BloodPotion"},{"floor":28,"key":"Block Potion"},{"floor":28,"key":"SteroidPotion"},{"floor":28,"key":"Weak Potion"},{"floor":30,"key":"Fire Potion"},{"floor":33,"key":"champ:CounterPotion"},{"floor":38,"key":"Adrenaline Potion"}],"is_trial":false,"path_per_floor":["M","?","?","?","M","E","M","R","T","E","$","?","$","M","R","B",null,"M","M","M","M","?","E","R","?","T","E","$","?","E","M","R","B",null,"M","?","?","M","$","R","E","M","T","M"],"character_chosen":"IRONCLAD","items_purchased":["Sling","Searing Blow","Demon Form","Cleave","BloodPotion","Spot Weakness+1","Cauldron","Apotheosis","Anger"],"campfire_rested":3,"item_purchase_floors":[11,11,13,13,13,28,28,39,39],"current_hp_per_floor":[80,80,69,53,57,37,38,62,62,35,35,35,35,31,55,62,82,83,57,36,23,34,41,67,67,67,41,58,44,45,33,33,13,47,48,48,48,40,40,40,38,40,40,0,0],"gold":206,"neow_bonus":"ONE_RANDOM_RARE_CARD","is_daily":false,"chose_seed":false,"campfire_upgraded":1,"win_rate":0.0,"timestamp":1613122766,"path_taken":["M","?","?","?","M","E","M","R","T","E","$","?","$","M","R","BOSS","M","M","?","?","?","E","R","?","T","E","?","?","E","M","R","BOSS","M","?","?","?","$","R","E","M","T","M"],"items_purchased_type":["Relic","Card","Card","Card","Potion","Card","Relic","Card","Card"],"build_version":"2020-12-22","purchased_purges":0,"victory":false,"max_hp_per_floor":[80,80,80,80,80,80,80,80,80,80,80,80,80,81,81,82,82,83,84,85,86,86,87,87,87,87,88,88,44,45,46,46,47,47,48,48,48,49,49,49,50,51,51,51,51],"card_choices":[{"not_picked":["Defy Death","Twin Strike"],"picked":"Clash","floor":1},{"not_picked":["Twin Strike","Body Slam"],"picked":"Whirlwind","floor":5},{"not_picked":["Burning Pact","Power Through"],"picked":"Disarm","floor":6},{"not_picked":["Wild Strike","Clash"],"picked":"Life Link","floor":7},{"not_picked":["Wild Strike","Battle Trance"],"picked":"Headbutt","floor":10},{"not_picked":["Exhume","Shrug It Off"],"picked":"Body Slam","floor":14},{"not_picked":["Feed","Barricade"],"picked":"Limit Break","floor":16},{"not_picked":["Wild Strike","Body Slam"],"picked":"Bloodletting","floor":18},{"not_picked":["Power Through+1","True Grit"],"picked":"Cleave","floor":19},{"not_picked":["Sentinel","Shrug It Off+1"],"picked":"Immolate","floor":20},{"not_picked":["Clash","Thunderclap"],"picked":"Cleave+1","floor":21},{"not_picked":["True Grit","Warcry"],"picked":"Searing Blow+1","floor":23},{"not_picked":["Clash+1","Anger"],"picked":"Double Tap","floor":27},{"not_picked":["Sever Soul+1","Defy Death"],"picked":"Wild Strike","floor":30},{"not_picked":["Defy Death","Headbutt"],"picked":"True Grit","floor":31},{"not_picked":["Berserk","Feed"],"picked":"Double Tap","floor":33},{"not_picked":["Headbutt","Metallicize"],"picked":"Pummel+1","floor":35},{"not_picked":["Wild Strike+1","Massacre"],"picked":"Ghostly Armor+1","floor":38},{"not_picked":["Carnage+1","Cleave+1"],"picked":"Rupture+1","floor":41},{"not_picked":["Disarm","Whirlwind"],"picked":"Dropkick+1","floor":42}],"player_experience":88553,"relics_obtained":[{"floor":6,"key":"Replay:Wax Seal"},{"floor":9,"key":"Orichalcum"},{"floor":10,"key":"Replay:Mystery Machine"},{"floor":23,"key":"Gremlin Horn"},{"floor":25,"key":"Ring of Searing"},{"floor":27,"key":"Garlic"},{"floor":30,"key":"Replay:Bandana"},{"floor":41,"key":"reliquary:Sideboard"},{"floor":43,"key":"White Beast Statue"}],"event_choices":[{"cards_removed":["Strike_R"],"damage_healed":0,"gold_gain":0,"player_choice":"Card Removal","damage_taken":0,"max_hp_gain":0,"max_hp_loss":0,"event_name":"The Cleric","floor":2,"gold_loss":50},{"damage_healed":0,"gold_gain":75,"player_choice":"Gather Gold","damage_taken":11,"max_hp_gain":0,"max_hp_loss":0,"event_name":"World of Goop","floor":3,"gold_loss":0},{"damage_healed":0,"gold_gain":0,"player_choice":"Entered Light","damage_taken":16,"max_hp_gain":0,"max_hp_loss":0,"event_name":"Shining Light","floor":4,"gold_loss":0,"cards_upgraded":["Bash","Strike_R"]},{"damage_healed":0,"gold_gain":0,"player_choice":"Trade","damage_taken":0,"relics_obtained":["FaceOfCleric"],"max_hp_gain":0,"max_hp_loss":0,"event_name":"FaceTrader","floor":12,"gold_loss":0},{"damage_healed":0,"gold_gain":0,"player_choice":"Joined the Cult","damage_taken":6,"max_hp_gain":0,"max_hp_loss":0,"event_name":"Nest","floor":22,"gold_loss":0,"cards_obtained":["RitualDagger"]},{"damage_healed":0,"gold_gain":0,"player_choice":"Became a Ghost","damage_taken":0,"max_hp_gain":0,"max_hp_loss":44,"event_name":"Ghosts","floor":29,"gold_loss":0,"cards_obtained":["Ghostly","Ghostly","Ghostly","Ghostly","Ghostly"]},{"damage_healed":0,"gold_gain":0,"player_choice":"Ignored","damage_taken":0,"max_hp_gain":0,"max_hp_loss":0,"event_name":"Tomb of Lord Red Mask","floor":36,"gold_loss":0},{"cards_removed":["Disarm"],"damage_healed":0,"gold_gain":0,"player_choice":"Purged","damage_taken":0,"max_hp_gain":0,"max_hp_loss":0,"event_name":"Purifier","floor":37,"gold_loss":0}],"is_beta":false,"boss_relics":[{"not_picked":["Replay:Drink Me","SlaversCollar"],"picked":"bronze:MakeshiftBattery"},{"not_picked":["Ooze Armor","Busted Crown"],"picked":"Astrolabe"}],"items_purged_floors":[],"is_endless":false,"potions_floor_spawned":[1,6,10,18,19,21,30,33,38],"killed_by":"3 Darklings","ascension_level":2}}