{"host":"2yqfi47fogfu1ic4","time":1613138679,"event":{"mods":["AchievementEnabler","BaseMod","Colored Map","Colored Powertips","Highlight Path","Minty Spire (QoL Compilation)","Permanent Neow","Relic Stats","StSLib"],"gold_per_floor":[115,131,144,144,157,157,190,200,282,316,391,411,411,411,411,489,489,504,530,445,445,445,445,464,482,482,494,494,507,535,210,210,282,282,292,302,302,350,350,350,350,350,373,373,407,4,37,37,37,37,37,37,37,37,68,68],"floor_reached":57,"language":"DEU","playtime":5810,"items_purged":["Strike_G","Strike_G"],"score":3122,"play_id":"b687e954-059f-48bc-891e-9619a8710d59","local_time":"20210212150439","is_ascension_mode":true,"campfire_choices":[{"data":"Glass Knife","floor":6.0,"key":"SMITH"},{"data":"Choke","floor":13.0,"key":"SMITH"},{"data":"Neutralize","floor":15.0,"key":"SMITH"},{"floor":23.0,"key":"RECALL"},{"data":"Leg Sweep","floor":32.0,"key":"SMITH"},{"data":"Eviscerate","floor":40.0,"key":"SMITH"},{"data":"Bullet Time","floor":42.0,"key":"SMITH"},{"data":"Trip","floor":44.0,"key":"SMITH"},{"data":"Footwork","floor":49.0,"key":"SMITH"},{"data":"After Image","floor":53.0,"key":"SMITH"}],"circlet_count":0,"master_deck":["AscendersBane","Strike_G","Defend_G","Defend_G","Defend_G","Defend_G","Defend_G","Survivor","Neutralize+1","CurseOfTheBell","Eviscerate+1","Blade Dance","Choke+1","Glass Knife+1","Dagger Throw","After Image+1","Corpse Explosion","PiercingWail","Dagger Throw","Backstab","PiercingWail","Eviscerate+1","PiercingWail","Leg Sweep+1","Bullet Time+1","Backflip","Calculated Gamble","Master of Strategy","Bandage Up","Trip+1","PiercingWail+1","Reflex+1","Footwork+1","Dark Shackles","Blur","Distraction"],"relics":["Calling Bell","Potion Belt","Mercury Hourglass","Gambling Chip","Ninja Scroll","InkBottle","FossilizedHelix","Coffee Dripper","Red Mask","Boot","WarpedTongs","Pear","Art of War","Pen Nib","Runic Pyramid","Prayer Wheel","Bronze Scales","Anchor","Oddly Smooth Stone","Dream Catcher","Orichalcum"],"acts_visited":["Exordium","TheCity","TheBeyond","TheEnding"],"potions_floor_usage":[56],"damage_taken":[{"damage":4.0,"enemies":"Small Slimes","floor":1.0,"turns":3.0},{"damage":0.0,"enemies":"Jaw Worm","floor":2.0,"turns":5.0},{"damage":2.0,"enemies":"2 Louse","floor":3.0,"turns":3.0},{"damage":0.0,"enemies":"2 Fungi Beasts","floor":5.0,"turns":1.0},{"damage":12.0,"enemies":"3 Sentries","floor":7.0,"turns":5.0},{"damage":0.0,"enemies":"Exordium Wildlife","floor":8.0,"turns":3.0},{"damage":0.0,"enemies":"Lagavulin","floor":10.0,"turns":2.0},{"damage":0.0,"enemies":"Looter","floor":12.0,"turns":1.0},{"damage":24.0,"enemies":"The Guardian","floor":16.0,"turns":12.0},{"damage":0.0,"enemies":"Shell Parasite","floor":18.0,"turns":2.0},{"damage":0.0,"enemies":"Masked Bandits","floor":19.0,"turns":2.0},{"damage":0.0,"enemies":"Spheric Guardian","floor":24.0,"turns":2.0},{"damage":0.0,"enemies":"Snecko","floor":25.0,"turns":1.0},{"damage":3.0,"enemies":"Snake Plant","floor":27.0,"turns":3.0},{"damage":0.0,"enemies":"Chosen and Byrds","floor":29.0,"turns":3.0},{"damage":0.0,"enemies":"Gremlin Leader","floor":30.0,"turns":3.0},{"damage":43.0,"enemies":"Champ","floor":33.0,"turns":13.0},{"damage":0.0,"enemies":"Orb Walker","floor":35.0,"turns":3.0},{"damage":0.0,"enemies":"3 Shapes","floor":36.0,"turns":3.0},{"damage":0.0,"enemies":"2 Orb Walkers","floor":38.0,"turns":3.0},{"damage":0.0,"enemies":"Nemesis","floor":45.0,"turns":5.0},{"damage":23.0,"enemies":"Reptomancer","floor":47.0,"turns":3.0},{"damage":0.0,"enemies":"Time Eater","floor":50.0,"turns":12.0},{"damage":0.0,"enemies":"Donu and Deca","floor":51.0,"turns":8.0},{"damage":0.0,"enemies":"Shield and Spear","floor":55.0,"turns":5.0},{"damage":45,"enemies":"The Heart","floor":56,"turns":15}],"seed_played":"6856666265284235699","potions_obtained":[{"floor":1.0,"key":"Block Potion"},{"floor":3.0,"key":"Fire Potion"},{"floor":5.0,"key":"SteroidPotion"},{"floor":10.0,"key":"GhostInAJar"},{"floor":18.0,"key":"Fruit Juice"},{"floor":19.0,"key":"Weak Potion"},{"floor":25.0,"key":"Strength Potion"},{"floor":45.0,"key":"Strength Potion"},{"floor":47.0,"key":"LiquidMemories"},{"floor":55.0,"key":"DistilledChaos"}],"is_trial":false,"path_per_floor":["M","M","M","?","M","R","E","M","T","E","?","M","R","?","R","B",null,"M","?","?","?","?","R","M","M","T","M","?","M","E","$","R","B",null,"M","M","?","?","?","R","T","R","T","R","E","$","E","?","R","B","B",null,"R","$","E","B",null],"character_chosen":"THE_SILENT","items_purchased":["Pen Nib","Leg Sweep","Oddly Smooth Stone","Footwork","Dark Shackles"],"campfire_rested":0,"item_purchase_floors":[31,31,46,46,46],"current_hp_per_floor":[55,55,53,53,53,53,41,41,41,41,30,30,30,35,35,11,56,56,61,61,39,39,39,39,39,49,46,46,46,46,46,46,3,69,69,69,59,63,63,63,63,63,63,63,67,67,48,48,48,52,56,82,82,82,86,45],"gold":68,"neow_bonus":"BOSS_RELIC","is_daily":false,"chose_seed":false,"campfire_upgraded":9,"win_rate":0.0,"timestamp":1613138679,"path_taken":["M","M","M","?","M","R","E","M","T","E","?","M","R","?","R","BOSS","M","?","?","?","?","R","?","M","T","M","?","?","E","$","R","BOSS","M","?","?","?","?","R","?","R","T","R","E","$","E","?","R","BOSS","BOSS","R","$","E","BOSS"],"items_purchased_type":["Relic","Card","Relic","Card","Card"],"build_version":"2020-12-22","purchased_purges":2,"victory":true,"max_hp_per_floor":[66,66,66,66,66,66,66,66,66,66,66,66,66,71,71,71,71,71,76,76,81,81,81,81,81,91,91,91,91,91,91,91,91,91,91,91,91,91,91,91,91,91,91,91,91,91,91,91,91,91,91,91,91,91,91,91],"relic_stats":{"counters":[26,120],"Pen Nib":[15],"Orichalcum":[12],"Boot":[93],"Mercury Hourglass":[369],"WarpedTongs":[81],"Dream Catcher":0,"Gambling Chip":[80],"Bronze Scales":[340],"Prayer Wheel":0,"Art of War":[15],"obtain_stats":[{"Potion Belt":0,"Pear":26,"Oddly Smooth Stone":46,"Pen Nib":31,"Orichalcum":55,"Boot":20,"Mercury Hourglass":0,"WarpedTongs":22,"Calling Bell":0,"Anchor":45,"Dream Catcher":47,"Ninja Scroll":7,"Gambling Chip":0,"Bronze Scales":43,"Prayer Wheel":38,"Coffee Dripper":17,"Red Mask":19,"Art of War":30,"InkBottle":9,"FossilizedHelix":10,"Ring of the Snake":0,"Runic Pyramid":34},{"Potion Belt":0,"Pear":13,"Oddly Smooth Stone":21,"Pen Nib":16,"Orichalcum":25,"Boot":11,"Mercury Hourglass":0,"WarpedTongs":11,"Calling Bell":0,"Anchor":21,"Dream Catcher":22,"Ninja Scroll":5,"Gambling Chip":0,"Bronze Scales":20,"Prayer Wheel":20,"Coffee Dripper":9,"Red Mask":11,"Art of War":16,"InkBottle":6,"FossilizedHelix":7,"Ring of the Snake":0,"Runic Pyramid":17},{"Potion Belt":0,"Pear":42,"Oddly Smooth Stone":77,"Pen Nib":50,"Orichalcum":105,"Boot":39,"Mercury Hourglass":0,"WarpedTongs":39,"Calling Bell":0,"Anchor":77,"Dream Catcher":80,"Ninja Scroll":17,"Gambling Chip":0,"Bronze Scales":72,"Prayer Wheel":72,"Coffee Dripper":35,"Red Mask":39,"Art of War":50,"InkBottle":20,"FossilizedHelix":22,"Ring of the Snake":0,"Runic Pyramid":63}],"InkBottle":[42]},"card_choices":[{"not_picked":["Acrobatics","Prepared"],"picked":"Eviscerate","floor":1.0},{"not_picked":["Crippling Poison","Backflip"],"picked":"Blade Dance","floor":2.0},{"not_picked":["Outmaneuver","Bane"],"picked":"Choke","floor":3.0},{"not_picked":["Choke","Dagger Spray"],"picked":"Glass Knife","floor":5.0},{"not_picked":["Setup","Poisoned Stab"],"picked":"Dagger Throw","floor":7.0},{"not_picked":["Outmaneuver","Dagger Spray"],"picked":"After Image","floor":8.0},{"not_picked":["Quick Slash","All Out Attack","Flechettes"],"picked":"SKIP","floor":10.0},{"not_picked":["Distraction","Bane","Flying Knee"],"picked":"SKIP","floor":12.0},{"not_picked":["Envenom","After Image"],"picked":"Corpse Explosion","floor":16.0},{"not_picked":["Calculated Gamble","Masterful Stab"],"picked":"PiercingWail","floor":18.0},{"not_picked":["Bane","All Out Attack"],"picked":"Dagger Throw","floor":19.0},{"not_picked":["Slice","Quick Slash"],"picked":"Backstab","floor":24.0},{"not_picked":["Dagger Spray","Crippling Poison"],"picked":"PiercingWail","floor":25.0},{"not_picked":["Flying Knee","Dodge and Roll"],"picked":"Eviscerate","floor":27.0},{"not_picked":["Cloak And Dagger","Noxious Fumes","Dagger Throw"],"picked":"SKIP","floor":29.0},{"not_picked":["Dagger Throw","Outmaneuver+1"],"picked":"PiercingWail","floor":30.0},{"not_picked":["Grand Finale","Doppelganger"],"picked":"Bullet Time","floor":33.0},{"not_picked":["Dagger Throw+1","Dagger Spray+1"],"picked":"Backflip","floor":35.0},{"not_picked":["Poisoned Stab","Quick Slash"],"picked":"Calculated Gamble","floor":36.0},{"not_picked":["Transmutation","Dramatic Entrance"],"picked":"Master of Strategy","floor":37.0},{"not_picked":["Dramatic Entrance","Forethought"],"picked":"Bandage Up","floor":37.0},{"not_picked":["Secret Weapon","Good Instincts"],"picked":"Trip","floor":37.0},{"not_picked":["Crippling Poison","Dagger Throw"],"picked":"PiercingWail+1","floor":38.0},{"not_picked":["Skewer","Quick Slash"],"picked":"Reflex+1","floor":45.0},{"not_picked":["Backflip","Noxious Fumes"],"picked":"Blur","floor":47.0},{"not_picked":["Corpse Explosion","Infinite Blades","Bane"],"picked":"SKIP","floor":55.0}],"player_experience":1787956,"relics_obtained":[{"floor":0.0,"key":"Potion Belt"},{"floor":0.0,"key":"Mercury Hourglass"},{"floor":0.0,"key":"Gambling Chip"},{"floor":7.0,"key":"Ninja Scroll"},{"floor":9.0,"key":"InkBottle"},{"floor":10.0,"key":"FossilizedHelix"},{"floor":19.0,"key":"Red Mask"},{"floor":26.0,"key":"Pear"},{"floor":30.0,"key":"Art of War"},{"floor":38.0,"key":"Prayer Wheel"},{"floor":43.0,"key":"Bronze Scales"},{"floor":45.0,"key":"Anchor"},{"floor":47.0,"key":"Dream Catcher"},{"floor":55.0,"key":"Orichalcum"}],"event_choices":[{"damage_healed":0.0,"max_hp_gain":0.0,"max_hp_loss":0.0,"gold_gain":0.0,"event_name":"Living Wall","player_choice":"Grow","floor":4.0,"gold_loss":0.0,"damage_taken":0.0,"cards_upgraded":["Eviscerate"]},{"damage_healed":0.0,"max_hp_gain":0.0,"max_hp_loss":0.0,"gold_gain":75.0,"event_name":"World of Goop","player_choice":"Gather Gold","floor":11.0,"gold_loss":0.0,"damage_taken":11.0},{"damage_healed":0.0,"max_hp_gain":5.0,"max_hp_loss":0.0,"gold_gain":0.0,"event_name":"Big Fish","player_choice":"Donut","floor":14.0,"gold_loss":0.0,"damage_taken":0.0},{"damage_healed":0.0,"max_hp_gain":0.0,"max_hp_loss":0.0,"gold_gain":0.0,"event_name":"Masked Bandits","player_choice":"Fought Bandits","floor":19.0,"gold_loss":0.0,"damage_taken":0.0},{"damage_healed":0.0,"max_hp_gain":0.0,"max_hp_loss":0.0,"gold_gain":0.0,"event_name":"Addict","player_choice":"Obtained Relic","floor":20.0,"gold_loss":85.0,"damage_taken":0.0,"relics_obtained":["Boot"]},{"damage_healed":0.0,"max_hp_gain":5.0,"max_hp_loss":0.0,"gold_gain":0.0,"event_name":"Forgotten Altar","player_choice":"Shed Blood","floor":21.0,"gold_loss":0.0,"damage_taken":27.0},{"damage_healed":0.0,"max_hp_gain":0.0,"max_hp_loss":0.0,"gold_gain":0.0,"event_name":"Accursed Blacksmith","player_choice":"Rummage","floor":22.0,"gold_loss":0.0,"damage_taken":0.0,"relics_obtained":["WarpedTongs"],"cards_obtained":["Pain"]},{"cards_removed":["Pain"],"damage_healed":0.0,"max_hp_gain":0.0,"max_hp_loss":0.0,"gold_gain":0.0,"event_name":"Purifier","player_choice":"Purged","floor":28.0,"gold_loss":0.0,"damage_taken":0.0},{"damage_healed":0.0,"max_hp_gain":0.0,"max_hp_loss":0.0,"gold_gain":0.0,"event_name":"SensoryStone","player_choice":"Memory 3","floor":37.0,"gold_loss":0.0,"damage_taken":10.0},{"damage_healed":0.0,"max_hp_gain":0.0,"max_hp_loss":0.0,"gold_gain":0.0,"event_name":"Mysterious Sphere","player_choice":"Fight","floor":38.0,"gold_loss":0.0,"damage_taken":0.0},{"cards_removed":["Strike_G"],"damage_healed":0.0,"max_hp_gain":0.0,"max_hp_loss":0.0,"gold_gain":0.0,"event_name":"Falling","player_choice":"Removed Attack","floor":39.0,"gold_loss":0.0,"damage_taken":0.0},{"damage_healed":0.0,"max_hp_gain":0.0,"max_hp_loss":0.0,"gold_gain":0.0,"cards_transformed":["Strike_G"],"event_name":"Transmorgrifier","player_choice":"Transformed","floor":48.0,"gold_loss":0.0,"damage_taken":0.0,"cards_obtained":["Distraction"]}],"is_beta":false,"boss_relics":[{"not_picked":["Fusion Hammer","Philosopher\u0027s Stone"],"picked":"Coffee Dripper"},{"not_picked":["HoveringKite","WristBlade"],"picked":"Runic Pyramid"}],"items_purged_floors":[31,46],"is_endless":false,"potions_floor_spawned":[1,3,5,10,18,19,25,29,30,45,47,55],"ascension_level":20}}