{"host":"Ringo","time":1613098483,"event":{"mods":["BaseMod","Colored Map","Conspire","Dota2Spire","Hubris","Minty Spire (QoL Compilation)","Replay The Spire","StSLib","The Construct","[IsaacMod]ÒÔÈö¼âËþ","¡¾ÒÅÎï¿¨ÅÆ¡¿REMEMod"],"gold_per_floor":[410,410,420,447,83,111,144,171,171,204,231,265,323,379,379,474,474,514,514,514,59,97,170,244,244,268,330,386,450,517,594,594,693,693,721,996,497,89,161,222,55,112,112,171,198,250,345,397,397,442,442,483,211,250,313,379,542,565,618,659,727,459,497,497,573,625],"floor_reached":52,"language":"ZHS","playtime":1805,"items_purged":["Wild Strike","Regret"],"score":4770,"play_id":"869f038c-c1d0-4113-8ff8-bd7a0b8554ab","local_time":"20210212105443","daily_mods":["SealedDeck","Vintage","Red Cards","Purple Cards","Colorless Cards","Heirloom","Time Dilation","Flight","DeadlyEvents","Elite Swarm","Lethality","Binary"],"is_ascension_mode":true,"campfire_choices":[{"data":"Armaments","floor":15.0,"key":"SMITH"},{"data":"REME_Fury","floor":25.0,"key":"SMITH"},{"data":"Crescendo","floor":32,"key":"SMITH"},{"data":"ReplayTheSpireMod:Muscle Training","floor":49,"key":"SMITH"},{"data":"Flash of Steel","floor":49,"key":"SMITH"}],"circlet_count":0,"master_deck":["AscendersBane","FollowUp","FlyingSleeves","Shrug It Off+1","Iron Wave","Armaments+1","Flex","Replay:BluntJabs","Thunderclap+1","Evolve","REME_Fury+1","Crescendo+1","Inflame+1","ReplayTheSpireMod:Muscle Training+1","Flash of Steel+1","Dramatic Entrance","Wallop","EmptyFist","Metallicize+1","Replay:Undeath\u0027s Touch","Finesse"],"relics":["Burning Blood","Busted Crown","HushsDoor","REME_ComplimentaryCards","replay:Trail_Library","Leech","Chaos","Old Coin","ReplayTheSpireMod:DimensionalGlitch","Mark of Pain","ReplayTheSpireMod:Ninjato","conspire:Flyswatter","OrangePellets","Dota2Spire:CrimsonGuard","Akabeko","Happy Flower","Strawberry","Replay:Bandana","Medical Kit","Replay:Baseball","Cables","Dota2Spire:MantaStyle","Dota2Spire:EyeOfSkadi","Frozen Egg 2","Anchor","SacredBark","Quantum Egg","Byrd Skull","HoveringKite","Eternal Feather","Replay:Bottled Steam","Replay:Drink Me","Sling","Ice Cream","ReplayTheSpireMod:TigerMarble","Basket Of Snakes","HornCleat","ReplayTheSpireMod:Lightbulb","Dota2Spire:ArmletOfMordiggian","Runic Pyramid","Ancient Tea Set","DoctorsRemote","Raider\u0027s Mask","conspire:RunicOctahedron","Art of War","Du-Vu Doll","Ornamental Fan","Bottled Lightning","Dota2Spire:MonkeyKingBar","TheAbacus","Replay:Wanted Poster","conspire:GlowingRock","AnarchistCookbook","BloodDonationMachine","ChewingGum","Dota2Spire:AghanimScepter","Replay:Bottled Eggs"],"acts_visited":["Exordium","TheCity","TheBeyond"],"potions_floor_usage":[28,51,51],"damage_taken":[{"damage":3.0,"enemies":"conspire:RoseBush","floor":1.0,"turns":2.0},{"damage":0.0,"enemies":"Small Slimes","floor":3.0,"turns":2.0},{"damage":0.0,"enemies":"conspire:MimicChest","floor":4.0,"turns":2.0},{"damage":0.0,"enemies":"Gremlin Nob","floor":6.0,"turns":2.0},{"damage":0.0,"enemies":"3 Sentries","floor":7.0,"turns":2.0},{"damage":0.0,"enemies":"Gremlin Nob","floor":8.0,"turns":2.0},{"damage":2.0,"enemies":"Replay:BlueRogue","floor":10.0,"turns":2.0},{"damage":0.0,"enemies":"3 Sentries","floor":11.0,"turns":2.0},{"damage":0.0,"enemies":"Lagavulin","floor":12.0,"turns":2.0},{"damage":0.0,"enemies":"3 Sentries","floor":13.0,"turns":2.0},{"damage":0.0,"enemies":"Lagavulin","floor":14.0,"turns":1.0},{"damage":0.0,"enemies":"Slime Boss","floor":16.0,"turns":1.0},{"damage":0.0,"enemies":"Chosen","floor":18.0,"turns":2.0},{"damage":0.0,"enemies":"Spheric Guardian","floor":22.0,"turns":1.0},{"damage":0.0,"enemies":"conspire:Head Lice","floor":23.0,"turns":2.0},{"damage":0.0,"enemies":"REME_1_Revenger","floor":24.0,"turns":2.0},{"damage":0.0,"enemies":"Slavers","floor":27.0,"turns":2.0},{"damage":0,"enemies":"Gremlin Leader","floor":28,"turns":1},{"damage":0,"enemies":"conspire:Head Lice","floor":29,"turns":1},{"damage":0,"enemies":"Gremlin Leader","floor":30,"turns":1},{"damage":0,"enemies":"conspire:Head Lice","floor":31,"turns":2},{"damage":0,"enemies":"Collector","floor":33,"turns":1},{"damage":2,"enemies":"Orb Walker","floor":35,"turns":1},{"damage":0,"enemies":"Reptomancer","floor":39,"turns":1},{"damage":0,"enemies":"R_Hoarder","floor":40,"turns":2},{"damage":2,"enemies":"Giant Head","floor":42,"turns":1},{"damage":8,"enemies":"R_Hoarder","floor":44,"turns":2},{"damage":0,"enemies":"3 Shapes","floor":45,"turns":1},{"damage":2,"enemies":"3 Darklings","floor":46,"turns":1},{"damage":2,"enemies":"Giant Head","floor":47,"turns":2},{"damage":7,"enemies":"R_Hoarder","floor":48,"turns":1},{"damage":0,"enemies":"3 Darklings","floor":35,"turns":1},{"damage":0,"enemies":"3 Shapes","floor":37,"turns":1},{"damage":0,"enemies":"Sphere and 2 Shapes","floor":39,"turns":1},{"damage":0,"enemies":"Nemesis","floor":40,"turns":1},{"damage":0,"enemies":"Giant Head","floor":41,"turns":1},{"damage":0,"enemies":"Nemesis","floor":42,"turns":1},{"damage":0,"enemies":"R_Hoarder","floor":44,"turns":1},{"damage":0,"enemies":"Mind Bloom Boss Battle","floor":45,"turns":1},{"damage":0,"enemies":"Giant Head","floor":46,"turns":1},{"damage":0,"enemies":"Nemesis","floor":48,"turns":1},{"damage":0,"enemies":"Time Eater","floor":50,"turns":2},{"damage":0,"enemies":"hubris:GrandSnecko","floor":51,"turns":1}],"seed_played":"2230035522857164733","potions_obtained":[{"floor":1.0,"key":"LifebloodPotion"},{"floor":4.0,"key":"SpeedPotion"},{"floor":16.0,"key":"AttackPotion"},{"floor":24.0,"key":"DuplicationPotion"},{"floor":28,"key":"Block Potion"}],"is_trial":true,"path_per_floor":["M","?","M","?","$","E","E","E","T","E","E","E","E","E","R","B",null,"M","?","T","$","M","E","E","R","T","E","E","E","E","E","R","B",null,"M","?","$","$","E","E","$","E","T","E","M","M","E","E","R","M","?","M","$","M","E","E","E","T","E","?","E","$","E","R","B","B",null],"character_chosen":"IRONCLAD","items_purchased":["ReplayTheSpireMod:Ninjato","Evolve","REME_Fury","Dota2Spire:EyeOfSkadi","Crescendo","Inflame+1","ReplayTheSpireMod:Muscle Training","Flash of Steel","Dramatic Entrance","Wallop","EmptyFist","ReplayTheSpireMod:TigerMarble","Basket Of Snakes","Metallicize+1","Dota2Spire:ArmletOfMordiggian","Ornamental Fan","Dota2Spire:AghanimScepter"],"campfire_rested":0,"item_purchase_floors":[5,5,17,21,21,34,34,34,37,37,37,37,38,38,41,38,47],"current_hp_per_floor":[72,72,75,75,75,75,75,75,75,75,82,82,82,82,82,82,78,78,78,78,83,83,83,83,83,83,83,83,83,83,63,63,63,55,55,55,55,55,55,55,55,55,55,51,54,55,55,53,58,58,53,56,56,58,58,58,58,58,58,58,58,58,58,58,58,58],"gold":625,"neow_bonus":"","is_daily":false,"chose_seed":false,"campfire_upgraded":5,"win_rate":0.0,"timestamp":1613098483,"path_taken":["M","?","?","?","$","E","E","E","T","E","E","E","E","?","R","BOSS","M","?","?","$","?","E","E","R","T","E","E","E","E","E","R","BOSS","M","?","$","$","?","E","$","E","T","E","M","?","E","E","R","M","?","?","$","M","E","E","E","T","E","?","E","$","E","R","BOSS","BOSS"],"items_purchased_type":["Relic","Card","Card","Relic","Card","Card","Card","Card","Card","Card","Card","Relic","Relic","Card","Relic","Relic","Relic"],"build_version":"2020-12-18","purchased_purges":2,"victory":true,"max_hp_per_floor":[75,75,75,75,75,75,75,75,75,75,82,82,82,82,82,82,78,78,78,78,83,83,83,83,83,83,83,83,83,83,63,63,63,55,55,55,55,55,55,55,55,55,55,55,55,55,55,58,58,58,58,58,58,58,58,58,58,58,58,58,58,58,58,58,58,58],"card_choices":[],"player_experience":673544,"relics_obtained":[{"floor":1.0,"key":"Old Coin"},{"floor":3.0,"key":"ReplayTheSpireMod:DimensionalGlitch"},{"floor":4.0,"key":"Mark of Pain"},{"floor":6.0,"key":"conspire:Flyswatter"},{"floor":7.0,"key":"OrangePellets"},{"floor":8.0,"key":"Dota2Spire:CrimsonGuard"},{"floor":9.0,"key":"Akabeko"},{"floor":10.0,"key":"Happy Flower"},{"floor":11.0,"key":"Strawberry"},{"floor":12.0,"key":"Replay:Bandana"},{"floor":14.0,"key":"Medical Kit"},{"floor":18.0,"key":"Cables"},{"floor":20.0,"key":"Dota2Spire:MantaStyle"},{"floor":22.0,"key":"Frozen Egg 2"},{"floor":23.0,"key":"Anchor"},{"floor":24.0,"key":"SacredBark"},{"floor":26.0,"key":"Quantum Egg"},{"floor":27.0,"key":"Byrd Skull"},{"floor":28,"key":"HoveringKite"},{"floor":29,"key":"Eternal Feather"},{"floor":30,"key":"Replay:Bottled Steam"},{"floor":31,"key":"Replay:Drink Me"},{"floor":35,"key":"Ice Cream"},{"floor":39,"key":"HornCleat"},{"floor":40,"key":"ReplayTheSpireMod:Lightbulb"},{"floor":43,"key":"Runic Pyramid"},{"floor":44,"key":"Ancient Tea Set"},{"floor":45,"key":"DoctorsRemote"},{"floor":46,"key":"ForgetMeNow"},{"floor":47,"key":"Raider\u0027s Mask"},{"floor":48,"key":"conspire:RunicOctahedron"},{"floor":35,"key":"Art of War"},{"floor":37,"key":"Du-Vu Doll"},{"floor":39,"key":"Bottled Lightning"},{"floor":40,"key":"Dota2Spire:MonkeyKingBar"},{"floor":41,"key":"TheAbacus"},{"floor":42,"key":"Replay:Wanted Poster"},{"floor":43,"key":"conspire:GlowingRock"},{"floor":44,"key":"AnarchistCookbook"},{"floor":45,"key":"BloodDonationMachine"},{"floor":46,"key":"ChewingGum"},{"floor":48,"key":"Replay:Bottled Eggs"}],"event_choices":[{"damage_healed":0,"gold_gain":275,"player_choice":"Desecrate","damage_taken":0,"max_hp_gain":0,"max_hp_loss":0,"event_name":"Golden Shrine","floor":36,"gold_loss":0,"cards_obtained":["Regret"]},{"damage_healed":0,"gold_gain":0,"player_choice":"Leave","damage_taken":0,"max_hp_gain":0,"max_hp_loss":0,"event_name":"conspire:Investor","floor":36,"gold_loss":0},{"damage_healed":0,"gold_gain":0,"player_choice":"Fight","damage_taken":0,"max_hp_gain":0,"max_hp_loss":0,"event_name":"MindBloom","floor":45,"gold_loss":0}],"is_beta":true,"boss_relics":[{"not_picked":["hubris:Stopwatch","Paper Crane"],"picked":"Replay:Baseball"},{"not_picked":[]},{"not_picked":["GnawedLeaf","Letter Opener"],"picked":"Sling"},{"not_picked":[]}],"items_purged_floors":[21,37],"is_endless":false,"potions_floor_spawned":[1,4,6,8,16,22,24,28,29,31,39,42,48,40,42,44,46,48],"ascension_level":20}}