{"host":"YagamiMirai","time":1613159074,"event":{"mods":["Act Like it!","Alarm Clock","BaseMod","Bossed Relics","Conspire","Downfall","Hermit","Minty Spire (QoL Compilation)","Pale of the Ancients","Relic Filter Mod","Reliquary","Replay The Spire","Robot Space Explorer","Spicy Shops","StSLib","The Dragon Tamer","The Gatherer","The Mystic","TheHeartMod","Wide Potions","¡¾ÒÅÎï¿¨ÅÆ¡¿REMEMod","óô»ðÖ¸ÄÏ"],"gold_per_floor":[118,118,118,129,79,105,105,105,105,30,49,83,102,118,118,246,246,270,270,290,311,69,110,110,134,134,134,134,134,169,244,244,373,373,388,406,430,430,510,544,544,564,564,603,623,21,111,131,131,131,131,131],"floor_reached":50,"language":"ZHS","playtime":4327,"items_purged":["DTMod:Strike","Regret"],"score":725,"play_id":"6d46b900-8e04-4bd4-b897-ec9855e234ef","local_time":"20210213034434","is_ascension_mode":false,"metric_token":1431,"campfire_choices":[{"data":"Iron Wave","floor":7.0,"key":"SMITH"},{"data":"DTMod:MaximumCharge","floor":15.0,"key":"SMITH"},{"data":"DTMod:ResonanceForm","floor":24.0,"key":"SMITH"},{"data":"DTMod:EchoTactic","floor":32.0,"key":"SMITH"},{"data":"DTMod:SealedStrike","floor":41.0,"key":"SMITH"},{"floor":49,"key":"RECALL"}],"dtmod_dragon_data":[32,50,1,2,12,4],"circlet_count":0,"master_deck":["DTMod:DoubleHit","DTMod:TargetDefense","DTMod:TargetDefense","DTMod:SwitchingTactic","Corpse Explosion","DTMod:Shift","Iron Wave+1","DTMod:LastStand","DTMod:Weaken","DTMod:Training","DTMod:Feint","DTMod:ShieldDrain","DTMod:MaximumCharge+1","DTMod:EchoTactic+1","DTMod:Feint","DTMod:Feint","DTMod:WarmUp+1","DTMod:ResonanceForm+1","DTMod:BreakAttack+1","Bite+1","Bite+1","Bite+1","Bite+1","Bite+1","Hallucinations","DTMod:Training","DTMod:SealedStrike+1","DTMod:Feint+1","DTMod:ComboAttack","DTMod:BurningEnergy+1","DTMod:InvisibleFlame+1","DTMod:ComboAttack+1","DTMod:CleansingStrike+1"],"relics":["DTMod:PactStone","REME_ComplimentaryCards","NeowsBlessing","Lizard Tail","Golden Idol","reliquary:QuartzCube","Gambling Chip","Astrolabe","Gremlin Horn","InkBottle","Ring of Fangs","ReplayTheSpireMod:Ring of Exchange","Replay:Mystery Machine","ChewingGum","The Courier","DTMod:SolidMemories","Replay:Bottled Eggs","REME_PuzzleBoxRelic","Painkiller Herb","Ornamental Fan","reliquary:WeakTea"],"acts_visited":["Exordium","TheCity","TheBeyond"],"potions_floor_usage":[50,50],"damage_taken":[{"damage":0.0,"enemies":"Jaw Worm","floor":1.0,"turns":1.0},{"damage":0.0,"enemies":"Cultist","floor":4.0,"turns":1.0},{"damage":0.0,"enemies":"Lagavulin","floor":6.0,"turns":2.0},{"damage":0.0,"enemies":"Small Slimes","floor":11.0,"turns":3.0},{"damage":0.0,"enemies":"3 Sentries","floor":12.0,"turns":3.0},{"damage":0.0,"enemies":"Looter","floor":13.0,"turns":3.0},{"damage":0.0,"enemies":"3 Louse","floor":14.0,"turns":4.0},{"damage":4.0,"enemies":"Fading Forest","floor":16.0,"turns":11.0},{"damage":0.0,"enemies":"Chosen","floor":18.0,"turns":3.0},{"damage":0.0,"enemies":"Spheric Guardian","floor":20.0,"turns":2.0},{"damage":0.0,"enemies":"Snake Plant","floor":21.0,"turns":3.0},{"damage":7.0,"enemies":"Replay:Snechameleon","floor":23.0,"turns":6.0},{"damage":0.0,"enemies":"Centurion and Healer","floor":25.0,"turns":5.0},{"damage":21.0,"enemies":"Book of Stabbing","floor":30.0,"turns":4.0},{"damage":12.0,"enemies":"Champ","floor":33.0,"turns":8.0},{"damage":0.0,"enemies":"3 Darklings","floor":35.0,"turns":3.0},{"damage":7.0,"enemies":"3 Shapes","floor":36.0,"turns":3.0},{"damage":0.0,"enemies":"Sphere and 2 Shapes","floor":37.0,"turns":2.0},{"damage":7.0,"enemies":"Nemesis","floor":40.0,"turns":5.0},{"damage":26.0,"enemies":"4 Shapes","floor":42.0,"turns":3.0},{"damage":1.0,"enemies":"R_Hoarder","floor":44.0,"turns":7.0},{"damage":0,"enemies":"Jaw Worm Horde","floor":45,"turns":3},{"damage":0,"enemies":"Spire Growth","floor":48,"turns":3},{"damage":100046,"enemies":"Time Eater","floor":50,"turns":6}],"seed_played":"5443138451365471526","potions_obtained":[{"floor":4.0,"key":"Weak Potion"},{"floor":12.0,"key":"AttackPotion"},{"floor":13.0,"key":"SmokeBomb"},{"floor":21.0,"key":"bronze:BurnAndBuffPotion"},{"floor":25.0,"key":"Swift Potion"},{"floor":33.0,"key":"Ancient Potion"},{"floor":36.0,"key":"Block Potion"},{"floor":42.0,"key":"champ:CounterPotion"},{"floor":45,"key":"Energy Potion"},{"floor":47,"key":"Regen Potion"},{"floor":47,"key":"Swift Potion"}],"is_trial":false,"path_per_floor":["M","?","$","M","?","E","R","?","T","$","M","E","M","M","R","B",null,"M","?","M","M","$","E","R","M","T","$","?","?","E","?","R","B",null,"M","M","M","?","T","E","R","M","T","E","M","$","?","?","T","B"],"character_chosen":"THE_DT","items_purchased":["Gremlin Horn","Painkiller Herb","Ornamental Fan"],"campfire_rested":0,"item_purchase_floors":[22,46,46],"current_hp_per_floor":[45,45,45,45,45,45,45,34,34,34,34,34,34,34,34,30,45,45,45,45,45,45,38,38,38,38,38,31,31,18,15,15,13,31,31,24,26,26,26,25,25,7,7,18,31,31,19,31,31,0,0,0],"gold":131,"neow_bonus":"THREE_ENEMY_KILL","is_daily":false,"chose_seed":false,"campfire_upgraded":5,"win_rate":0.0,"timestamp":1613159074,"path_taken":["M","?","$","?","?","E","R","?","T","$","M","E","M","M","R","BOSS","M","?","?","?","$","E","R","?","T","?","?","?","E","?","R","BOSS","M","?","?","?","?","E","R","M","T","E","?","$","?","?","T","BOSS"],"items_purchased_type":["Relic","Relic","Relic"],"build_version":"2020-12-18","purchased_purges":2,"victory":false,"max_hp_per_floor":[45,45,45,45,45,45,45,45,45,45,45,45,45,45,45,45,45,45,45,45,45,45,45,45,45,45,45,31,31,31,31,31,31,31,31,31,31,31,31,31,31,31,31,31,31,31,31,31,31,31,31,31],"card_choices":[{"not_picked":["DTMod:Astonish","DTMod:RunningTactic"],"picked":"DTMod:Shift","floor":1.0},{"not_picked":["DTMod:Weaken","DTMod:LowKick"],"picked":"DTMod:LastStand","floor":4.0},{"not_picked":["DTMod:BizarreTactic","DTMod:MagicField"],"picked":"DTMod:Weaken","floor":6.0},{"not_picked":["DTMod:Overwhelm","DTMod:BurningForce"],"picked":"DTMod:Training","floor":11.0},{"not_picked":["DTMod:BurningEnergy","DTMod:Threaten"],"picked":"DTMod:Feint","floor":12.0},{"not_picked":["DTMod:BuildUp","DTMod:BlazingStrike"],"picked":"DTMod:ShieldDrain","floor":13.0},{"not_picked":["DTMod:Prediction","DTMod:MasterPlan"],"picked":"DTMod:MaximumCharge","floor":14.0},{"not_picked":["DTMod:GearUp","DTMod:ResonanceForm"],"picked":"DTMod:EchoTactic","floor":16.0},{"not_picked":["DTMod:DeepFocus","DTMod:BlazingStrike"],"picked":"DTMod:Feint","floor":18.0},{"not_picked":["DTMod:Weaken+1","DTMod:HeatWave"],"picked":"DTMod:Feint","floor":20.0},{"not_picked":["DTMod:BizarreTactic","DTMod:CrossStep"],"picked":"DTMod:WarmUp+1","floor":21.0},{"not_picked":["DTMod:Safeguard","DTMod:BuildUp"],"picked":"DTMod:ResonanceForm","floor":23.0},{"not_picked":["DTMod:Feint","DTMod:BizarreTactic+1"],"picked":"DTMod:BreakAttack+1","floor":25.0},{"not_picked":["DTMod:HeatWave+1","DTMod:BurningForce"],"picked":"DTMod:Training","floor":30.0},{"not_picked":["DTMod:FierySynthesis","DTMod:TriAttack"],"picked":"DTMod:SealedStrike","floor":33.0},{"not_picked":["DTMod:DarkBreath","DTMod:MaximumCharge"],"picked":"DTMod:Feint+1","floor":35.0},{"not_picked":["DTMod:BuildUp","DTMod:MasterPlan+1"],"picked":"DTMod:ComboAttack","floor":36.0},{"not_picked":["DTMod:ComboAttack","DTMod:BuildUp","DTMod:Feint+1"],"picked":"SKIP","floor":37.0},{"not_picked":["DTMod:HeatWave","DTMod:Training"],"picked":"DTMod:BurningEnergy+1","floor":40.0},{"not_picked":["DTMod:Punisher+1","DTMod:Outburst"],"picked":"DTMod:InvisibleFlame+1","floor":42.0},{"not_picked":["DTMod:BurningForce","DTMod:Shift","DTMod:BizarreTactic"],"picked":"SKIP","floor":44.0},{"not_picked":["DTMod:Cover","DTMod:RunningTactic+1"],"picked":"DTMod:ComboAttack+1","floor":45},{"not_picked":["DTMod:QuickFly","DTMod:Feint"],"picked":"DTMod:CleansingStrike+1","floor":47},{"not_picked":["DTMod:FlameSlash+1","DTMod:BizarreTactic+1","DTMod:MaximumCharge"],"picked":"SKIP","floor":48}],"player_experience":983311,"relics_obtained":[{"floor":6.0,"key":"Lizard Tail"},{"floor":9.0,"key":"reliquary:QuartzCube"},{"floor":12.0,"key":"Gambling Chip"},{"floor":23.0,"key":"InkBottle"},{"floor":29.0,"key":"Ring of Fangs"},{"floor":29.0,"key":"ReplayTheSpireMod:Ring of Exchange"},{"floor":30.0,"key":"Replay:Mystery Machine"},{"floor":39.0,"key":"The Courier"},{"floor":40.0,"key":"DTMod:SolidMemories"},{"floor":43.0,"key":"Replay:Bottled Eggs"},{"floor":44.0,"key":"REME_PuzzleBoxRelic"},{"floor":47,"key":"reliquary:WeakTea"}],"event_choices":[{"cards_removed":["DTMod:TargetDefense"],"damage_healed":0.0,"max_hp_gain":0.0,"max_hp_loss":0.0,"gold_gain":0.0,"event_name":"NoteForYourself","player_choice":"Took Card","floor":2.0,"gold_loss":0.0,"damage_taken":0.0,"cards_obtained":["Iron Wave"]},{"cards_removed":["DTMod:TargetDefense"],"damage_healed":0.0,"max_hp_gain":0.0,"max_hp_loss":0.0,"gold_gain":0.0,"event_name":"The Cleric","player_choice":"Card Removal","floor":5.0,"gold_loss":50.0,"damage_taken":0.0},{"damage_healed":0.0,"max_hp_gain":0.0,"max_hp_loss":0.0,"gold_gain":0.0,"event_name":"Golden Idol","player_choice":"Take Damage","floor":8.0,"gold_loss":0.0,"damage_taken":11.0,"relics_obtained":["Golden Idol"]},{"damage_healed":0.0,"max_hp_gain":0.0,"max_hp_loss":0.0,"gold_gain":0.0,"event_name":"The Woman in Blue","player_choice":"Bought 0 Potions","floor":19.0,"gold_loss":0.0,"damage_taken":0.0},{"damage_healed":0.0,"max_hp_gain":0.0,"max_hp_loss":14.0,"gold_gain":0.0,"event_name":"Vampires","player_choice":"Became a vampire","floor":28.0,"gold_loss":0.0,"damage_taken":0.0,"cards_obtained":["Bite","Bite","Bite","Bite","Bite"]},{"damage_healed":0.0,"max_hp_gain":0.0,"max_hp_loss":0.0,"gold_gain":75.0,"event_name":"FaceTrader","player_choice":"Touch","floor":31.0,"gold_loss":0.0,"damage_taken":3.0},{"damage_healed":0.0,"max_hp_gain":0.0,"max_hp_loss":0.0,"gold_gain":0.0,"event_name":"conspire:Investor","player_choice":"Leave","floor":38.0,"gold_loss":0.0,"damage_taken":0.0}],"is_beta":true,"boss_relics":[{"not_picked":["Fusion Hammer","ReplayTheSpireMod:DimensionalGlitch"],"picked":"Astrolabe"},{"not_picked":["ClockworkSouvenir","Replay:Wanted Poster"],"picked":"ChewingGum"}],"items_purged_floors":[10,46],"is_endless":false,"potions_floor_spawned":[4,12,13,21,23,25,33,36,42,45],"killed_by":"Time Eater","ascension_level":0}}