{"host":"50qwps766cbz6ukm","time":1613148318,"event":{"mods":["BaseMod","Colored Map","Colored Powertips","DeckTracker","Highlight Path","Minty Spire (QoL Compilation)","Quick Restart","Remove Card Discount Mod","StSLib","SuperFastMode","Synergy Search"],"gold_per_floor":[113,113,113,99,116,116,131,131,131,129,129,140,155,167,167,272,272,290,205,205,220,234,234,265,265,319,319,330,41,57,57,57,155,155,171,171,19,35,0,0,30,40,65,83,134,168,168,168,168,168],"floor_reached":51,"language":"ENG","playtime":1478,"items_purged":["Regret","Strike_P","Strike_P","Defend_P","Defend_P","Defend_P+1","Strike_P","Defend_P+1","Strike_P+1"],"score":1356,"play_id":"4bf27058-0de7-49fe-96d4-5e75915e5a3c","local_time":"20210212184518","is_ascension_mode":true,"campfire_choices":[{"data":"Eruption","floor":6,"key":"SMITH"},{"data":"LikeWater","floor":8,"key":"SMITH"},{"data":"Vigilance","floor":15,"key":"SMITH"},{"floor":23,"key":"REST"},{"data":"Adaptation","floor":27,"key":"SMITH"},{"data":"LikeWater","floor":32,"key":"SMITH"},{"floor":40,"key":"REST"},{"floor":49,"key":"REST"}],"circlet_count":0,"master_deck":["Eruption+1","Vigilance+1","LikeWater+1","Prostrate+1","LessonLearned+1","Consecrate+1","Adaptation+1","LikeWater+1","Consecrate"],"relics":["PureWater","PreservedInsect","Oddly Smooth Stone","Pocketwatch","Blood Vial","VioletLotus","Meat on the Bone","Mummified Hand","Bag of Preparation","StoneCalendar","Akabeko","Red Mask","Omamori","Potion Belt","Du-Vu Doll","Dream Catcher"],"acts_visited":["Exordium","TheCity","TheBeyond"],"potions_floor_usage":[50,50,50],"damage_taken":[{"damage":4,"enemies":"Small Slimes","floor":1,"turns":4},{"damage":0,"enemies":"Jaw Worm","floor":5,"turns":4},{"damage":0,"enemies":"2 Louse","floor":7,"turns":3},{"damage":0,"enemies":"Looter","floor":12,"turns":4},{"damage":0,"enemies":"2 Fungi Beasts","floor":13,"turns":4},{"damage":2,"enemies":"Exordium Thugs","floor":14,"turns":6},{"damage":0,"enemies":"The Guardian","floor":16,"turns":9},{"damage":3,"enemies":"Spheric Guardian","floor":18,"turns":6},{"damage":12,"enemies":"2 Thieves","floor":21,"turns":3},{"damage":24,"enemies":"Snake Plant","floor":22,"turns":5},{"damage":11,"enemies":"Gremlin Leader","floor":24,"turns":4},{"damage":13,"enemies":"3 Cultists","floor":28,"turns":5},{"damage":0,"enemies":"Cultist and Chosen","floor":30,"turns":4},{"damage":6,"enemies":"Automaton","floor":33,"turns":7},{"damage":0,"enemies":"3 Shapes","floor":35,"turns":3},{"damage":0,"enemies":"Orb Walker","floor":38,"turns":3},{"damage":19,"enemies":"Nemesis","floor":41,"turns":5},{"damage":0,"enemies":"4 Shapes","floor":42,"turns":3},{"damage":3,"enemies":"Maw","floor":44,"turns":8},{"damage":2,"enemies":"2 Orb Walkers","floor":45,"turns":4},{"damage":6,"enemies":"Reptomancer","floor":46,"turns":5},{"damage":9,"enemies":"Donu and Deca","floor":50,"turns":5}],"seed_played":"3400613824494063753","potions_obtained":[{"floor":1,"key":"AttackPotion"},{"floor":13,"key":"DuplicationPotion"},{"floor":21,"key":"LiquidMemories"},{"floor":44,"key":"Strength Potion"},{"floor":46,"key":"CultistPotion"}],"is_trial":false,"path_per_floor":["M","?","?","$","M","R","M","R","T","$","T","M","M","M","R","B",null,"M","?","?","M","M","R","E","?","T","R","M","$","M","?","R","B",null,"M","?","$","M","?","R","E","M","T","M","?","E","?","?","R","B",null],"character_chosen":"WATCHER","items_purchased":["StoneCalendar","Akabeko"],"campfire_rested":3,"item_purchase_floors":[29,37],"current_hp_per_floor":[61,61,47,47,47,47,47,47,47,47,47,49,51,51,51,53,67,66,66,72,60,38,59,50,50,50,50,39,39,41,41,41,37,63,65,65,65,67,67,72,53,55,55,54,54,50,50,50,71,63],"gold":168,"neow_bonus":"RANDOM_COMMON_RELIC","is_daily":false,"chose_seed":false,"campfire_upgraded":5,"win_rate":0.0,"timestamp":1613148318,"path_taken":["M","?","?","$","M","R","M","R","T","$","?","M","M","M","R","BOSS","M","?","?","M","M","R","E","?","T","R","?","?","M","?","R","BOSS","M","?","$","?","?","R","E","M","T","M","?","E","?","?","R","BOSS"],"items_purchased_type":["Relic","Relic"],"build_version":"2020-12-22","purchased_purges":9,"victory":true,"max_hp_per_floor":[72,72,72,72,72,72,72,72,72,72,72,72,72,72,72,72,72,72,72,72,72,72,72,72,72,72,72,72,72,72,72,72,72,72,72,72,72,72,72,72,72,72,72,72,72,72,72,72,72,72],"card_choices":[{"not_picked":["CarveReality","Prostrate"],"picked":"LikeWater","floor":1},{"not_picked":["ThirdEye","CarveReality","Protect"],"picked":"SKIP","floor":5},{"not_picked":["Evaluate","EmptyBody"],"picked":"Prostrate","floor":7},{"not_picked":["EmptyBody","ConjureBlade","Vengeance"],"picked":"SKIP","floor":12},{"not_picked":["WindmillStrike","WaveOfTheHand","CarveReality"],"picked":"SKIP","floor":13},{"not_picked":["SignatureMove","Evaluate"],"picked":"Prostrate","floor":14},{"not_picked":["Omniscience","Judgement"],"picked":"LessonLearned","floor":16},{"not_picked":["ReachHeaven","Conclude"],"picked":"Consecrate","floor":18},{"not_picked":["CutThroughFate","SignatureMove+1","FearNoEvil"],"picked":"SKIP","floor":21},{"not_picked":["SashWhip","PathToVictory+1","FlyingSleeves"],"picked":"SKIP","floor":22},{"not_picked":["Omniscience","EmptyFist"],"picked":"Adaptation","floor":24},{"not_picked":["BowlingBash","FollowUp"],"picked":"LikeWater","floor":28},{"not_picked":["EmptyBody","Prostrate","EmptyFist"],"picked":"SKIP","floor":30},{"not_picked":["CutThroughFate","SashWhip","Collect+1"],"picked":"SKIP","floor":35},{"not_picked":["Tantrum","Swivel","Prostrate"],"picked":"SKIP","floor":38},{"not_picked":["FlyingSleeves","SashWhip","EmptyBody"],"picked":"SKIP","floor":41},{"not_picked":["EmptyMind","Wish","Halt"],"picked":"SKIP","floor":42},{"not_picked":["Swivel","ThirdEye","Evaluate"],"picked":"SKIP","floor":44},{"not_picked":["InnerPeace+1","Evaluate+1","Meditate"],"picked":"SKIP","floor":46},{"not_picked":["CutThroughFate+1","FlurryOfBlows"],"picked":"Consecrate","floor":49}],"player_experience":595876,"relics_obtained":[{"floor":9,"key":"Pocketwatch"},{"floor":11,"key":"Blood Vial"},{"floor":24,"key":"Mummified Hand"},{"floor":26,"key":"Bag of Preparation"},{"floor":41,"key":"Omamori"},{"floor":43,"key":"Potion Belt"},{"floor":45,"key":"Du-Vu Doll"},{"floor":46,"key":"Dream Catcher"}],"event_choices":[{"damage_healed":0,"gold_gain":0,"player_choice":"Box","damage_taken":0,"relics_obtained":["Oddly Smooth Stone"],"max_hp_gain":0,"max_hp_loss":0,"event_name":"Big Fish","floor":2,"gold_loss":0,"cards_obtained":["Regret"]},{"damage_healed":0,"gold_gain":0,"player_choice":"Entered Light","damage_taken":14,"max_hp_gain":0,"max_hp_loss":0,"event_name":"Shining Light","floor":3,"gold_loss":0,"cards_upgraded":["Defend_P","Defend_P"]},{"damage_healed":0,"gold_gain":0,"player_choice":"Obtained Relic","damage_taken":0,"relics_obtained":["Meat on the Bone"],"max_hp_gain":0,"max_hp_loss":0,"event_name":"Addict","floor":19,"gold_loss":85},{"damage_healed":24,"gold_gain":0,"player_choice":"Heal","damage_taken":0,"max_hp_gain":0,"max_hp_loss":0,"event_name":"The Library","floor":20,"gold_loss":0},{"damage_healed":0,"gold_gain":0,"player_choice":"Bought 0 Potions","damage_taken":0,"max_hp_gain":0,"max_hp_loss":0,"event_name":"The Woman in Blue","floor":25,"gold_loss":0},{"damage_healed":0,"gold_gain":0,"player_choice":"Ignored","damage_taken":0,"max_hp_gain":0,"max_hp_loss":0,"event_name":"Vampires","floor":31,"gold_loss":0},{"damage_healed":0,"gold_gain":0,"player_choice":"Ignored","damage_taken":0,"max_hp_gain":0,"max_hp_loss":0,"event_name":"SecretPortal","floor":36,"gold_loss":0},{"damage_healed":0,"gold_gain":0,"player_choice":"Paid","damage_taken":0,"relics_obtained":["Red Mask"],"max_hp_gain":0,"max_hp_loss":0,"event_name":"Tomb of Lord Red Mask","floor":39,"gold_loss":35},{"damage_healed":0,"gold_gain":0,"player_choice":"Fight","damage_taken":0,"max_hp_gain":0,"max_hp_loss":0,"event_name":"Mysterious Sphere","floor":45,"gold_loss":0},{"cards_removed":["Prostrate"],"damage_healed":0,"gold_gain":0,"player_choice":"Removed Skill","damage_taken":0,"max_hp_gain":0,"max_hp_loss":0,"event_name":"Falling","floor":47,"gold_loss":0},{"damage_healed":0,"gold_gain":0,"player_choice":"Memory 1","damage_taken":0,"max_hp_gain":0,"max_hp_loss":0,"event_name":"SensoryStone","floor":48,"gold_loss":0}],"is_beta":false,"boss_relics":[{"not_picked":["SlaversCollar","Astrolabe"],"picked":"VioletLotus"},{"not_picked":["Calling Bell","Runic Pyramid","Empty Cage"]}],"items_purged_floors":[4,4,4,4,4,4,4,10,29],"is_endless":false,"potions_floor_spawned":[1,13,21,22,24,33,38,42,44,46],"ascension_level":8}}