{"host":"3jjxuhjpio8e4zkv","time":1613163376,"event":{"mods":["BaseMod","Colored Map","Highlight Path","Minty Spire (QoL Compilation)","Permanent Neow","Relic Stats","StSLib"],"gold_per_floor":[112,122,2,29,47,47,47,66,66,97,111,111,146,162,162,240,240,251,261,186,186,203,203,221,221,244,244,259,259,292,307,307,307,307],"floor_reached":33,"language":"ENG","playtime":1295,"items_purged":["Strike_G"],"score":558,"play_id":"d7948384-fc56-4fc2-9465-f61a191cff61","local_time":"20210212155616","is_ascension_mode":true,"campfire_choices":[{"data":"Backstab","floor":6.0,"key":"SMITH"},{"floor":12,"key":"REST"},{"data":"Noxious Fumes","floor":15,"key":"SMITH"},{"data":"Glass Knife","floor":23,"key":"SMITH"},{"data":"Bouncing Flask","floor":25,"key":"SMITH"},{"data":"Dagger Spray","floor":29,"key":"SMITH"},{"floor":32,"key":"REST"}],"circlet_count":0,"master_deck":["AscendersBane","Strike_G+1","Defend_G+1","Defend_G+1","Defend_G+1","Defend_G+1","Defend_G+1","Survivor","Neutralize","Backstab+1","Dagger Spray+1","Poisoned Stab","Noxious Fumes+1","Skewer","Envenom","PiercingWail","Tools of the Trade","Bouncing Flask+1","Glass Knife+1","Leg Sweep","Deadly Poison+1","Crippling Poison","PiercingWail"],"relics":["Ring of the Snake","Lantern","Question Card","Boot","Eternal Feather","Empty Cage","Oddly Smooth Stone"],"acts_visited":["Exordium","TheCity"],"potions_floor_usage":[10,13,16,22,30,33,33],"damage_taken":[{"damage":3.0,"enemies":"Cultist","floor":1.0,"turns":4.0},{"damage":7.0,"enemies":"Small Slimes","floor":2.0,"turns":2.0},{"damage":0.0,"enemies":"Jaw Worm","floor":5.0,"turns":3.0},{"damage":1.0,"enemies":"3 Louse","floor":8.0,"turns":2.0},{"damage":10,"enemies":"Gremlin Nob","floor":10,"turns":3},{"damage":22,"enemies":"Exordium Thugs","floor":11,"turns":5},{"damage":14,"enemies":"Lagavulin","floor":13,"turns":7},{"damage":0,"enemies":"Gremlin Gang","floor":14,"turns":5},{"damage":20,"enemies":"Hexaghost","floor":16,"turns":7},{"damage":5,"enemies":"Chosen","floor":18,"turns":4},{"damage":12,"enemies":"Shell Parasite","floor":19,"turns":8},{"damage":14,"enemies":"3 Cultists","floor":22,"turns":5},{"damage":23,"enemies":"Sentry and Sphere","floor":24,"turns":5},{"damage":4,"enemies":"Snake Plant","floor":28,"turns":4},{"damage":11,"enemies":"Gremlin Leader","floor":30,"turns":5},{"damage":9,"enemies":"Snecko","floor":31,"turns":6},{"damage":43,"enemies":"Automaton","floor":33,"turns":8}],"seed_played":"1556235968224806884","potions_obtained":[{"floor":2.0,"key":"FearPotion"},{"floor":10,"key":"Energy Potion"},{"floor":14,"key":"SkillPotion"},{"floor":16,"key":"Poison Potion"},{"floor":19,"key":"FearPotion"},{"floor":22,"key":"Explosive Potion"},{"floor":30,"key":"Strength Potion"}],"is_trial":false,"path_per_floor":["M","M","$","T","M","R","?","M","T","E","M","R","E","M","R","B",null,"M","M","?","?","M","R","M","R","T","?","M","R","E","M","R","B"],"character_chosen":"THE_SILENT","items_purchased":["Noxious Fumes"],"campfire_rested":2,"item_purchase_floors":[3],"current_hp_per_floor":[56,49,49,49,49,49,49,48,48,38,16,35,21,21,33,13,53,48,36,36,36,22,34,11,23,23,23,19,31,20,11,42,0,0],"gold":307,"neow_bonus":"THREE_CARDS","is_daily":false,"chose_seed":false,"campfire_upgraded":5,"win_rate":0.0,"timestamp":1613163376,"path_taken":["M","M","?","?","M","R","?","?","T","E","M","R","E","M","R","BOSS","M","M","?","?","M","R","M","R","T","?","?","R","E","M","R","BOSS"],"items_purchased_type":["Card"],"build_version":"2020-12-22","purchased_purges":1,"victory":false,"max_hp_per_floor":[66,66,66,66,66,66,66,66,66,66,66,66,66,66,66,66,66,66,66,66,66,66,66,66,66,66,66,66,66,66,66,66,66,66],"relic_stats":{"counters":[17,83],"Eternal Feather":60,"Question Card":12,"Boot":[60],"obtain_stats":[{"Lantern":4,"Oddly Smooth Stone":30,"Eternal Feather":13,"Question Card":9,"Boot":10,"Empty Cage":17,"Ring of the Snake":0},{"Lantern":2,"Oddly Smooth Stone":15,"Eternal Feather":7,"Question Card":4,"Boot":5,"Empty Cage":9,"Ring of the Snake":0},{"Lantern":6,"Oddly Smooth Stone":69,"Eternal Feather":26,"Question Card":11,"Boot":14,"Empty Cage":38,"Ring of the Snake":0}],"Ring of the Snake":[34]},"card_choices":[{"not_picked":["Reflex","Dagger Spray"],"picked":"Backstab","floor":0.0},{"not_picked":["Flechettes","Prepared"],"picked":"Dagger Spray","floor":1.0},{"not_picked":["Dagger Spray","Dagger Throw"],"picked":"Poisoned Stab","floor":2.0},{"not_picked":["Distraction","Dodge and Roll"],"picked":"Skewer","floor":5.0},{"not_picked":["Underhanded Strike","Poisoned Stab","Dagger Spray"],"picked":"SKIP","floor":8.0},{"not_picked":["Accuracy","Sucker Punch","Deadly Poison"],"picked":"PiercingWail","floor":10},{"not_picked":["Dagger Throw","Sucker Punch","Blade Dance"],"picked":"Tools of the Trade","floor":11},{"not_picked":["Tools of the Trade","Endless Agony","Backflip"],"picked":"Bouncing Flask","floor":13},{"not_picked":["Poisoned Stab","Cloak And Dagger","PiercingWail","Prepared"],"picked":"SKIP","floor":14},{"not_picked":["Burst","Bullet Time","Phantasmal Killer"],"picked":"Glass Knife","floor":16},{"not_picked":["Escape Plan+1","Deadly Poison","Predator"],"picked":"Leg Sweep","floor":18},{"not_picked":["Quick Slash","Bane","Heel Hook"],"picked":"Deadly Poison+1","floor":19},{"not_picked":["Bane","Dodge and Roll","Flying Knee","Deflect"],"picked":"SKIP","floor":22},{"not_picked":["A Thousand Cuts","Poisoned Stab","Bane","Flying Knee"],"picked":"SKIP","floor":24},{"not_picked":["Dagger Spray","Dodge and Roll","Poisoned Stab","Unload"],"picked":"SKIP","floor":28},{"not_picked":["Caltrops","Skewer","Dagger Throw"],"picked":"Crippling Poison","floor":30},{"not_picked":["Quick Slash","Terror","Flying Knee"],"picked":"PiercingWail","floor":31}],"player_experience":1271965,"relics_obtained":[{"floor":4.0,"key":"Lantern"},{"floor":9.0,"key":"Question Card"},{"floor":10,"key":"Boot"},{"floor":13,"key":"Eternal Feather"},{"floor":30,"key":"Oddly Smooth Stone"}],"event_choices":[{"damage_healed":0.0,"max_hp_gain":0.0,"max_hp_loss":0.0,"gold_gain":0.0,"event_name":"Match and Keep!","player_choice":"1 cards matched","floor":7.0,"gold_loss":0.0,"damage_taken":0.0,"cards_obtained":["Envenom"]},{"cards_removed":["Strike_G"],"damage_healed":0,"gold_gain":0,"player_choice":"Gave Gold","damage_taken":0,"max_hp_gain":0,"max_hp_loss":0,"event_name":"Beggar","floor":20,"gold_loss":75},{"damage_healed":0,"gold_gain":0,"player_choice":"Ignored","damage_taken":0,"max_hp_gain":0,"max_hp_loss":0,"event_name":"Vampires","floor":21,"gold_loss":0},{"damage_healed":0,"gold_gain":0,"player_choice":"Simplicity","damage_taken":0,"max_hp_gain":0,"max_hp_loss":0,"event_name":"Back to Basics","floor":27,"gold_loss":0,"cards_upgraded":["Strike_G","Defend_G","Defend_G","Defend_G","Defend_G","Defend_G"]}],"is_beta":false,"boss_relics":[{"not_picked":["Runic Dome","WristBlade"],"picked":"Empty Cage"}],"items_purged_floors":[3],"is_endless":false,"potions_floor_spawned":[2,10,14,16,19,22,30],"killed_by":"Automaton","ascension_level":20}}