{"host":"cykg0g4pphyxjwkn","time":1613141160,"event":{"mods":["AchievementEnabler","BaseMod","Bestiary","Colored Map","Colored Powertips","Curses Come First","Highlight Path","Minty Spire (QoL Compilation)","Relic Stats","StSLib","SuperFastMode"],"gold_per_floor":[114,128,141,66,76,76,88,116,169,169,188,188,188,207,207,207,207],"floor_reached":16,"language":"ENG","playtime":621,"items_purged":["Strike_R"],"score":104,"play_id":"3e1008fc-24bc-4878-8187-ca64305ae4dc","local_time":"20210212094600","is_ascension_mode":false,"campfire_choices":[{"data":"Cleave","floor":6,"key":"SMITH"},{"data":"Bash","floor":10,"key":"SMITH"},{"data":"True Grit","floor":13,"key":"SMITH"},{"data":"Battle Trance","floor":15,"key":"SMITH"}],"circlet_count":0,"master_deck":["Strike_R","Strike_R","Strike_R","Strike_R","Defend_R","Defend_R","Defend_R","Defend_R","Bash+1","Berserk","Cleave+1","Rampage","Battle Trance+1","Warcry","True Grit+1","Heavy Blade"],"relics":["Burning Blood","Dream Catcher","Tiny Chest","Golden Idol"],"acts_visited":["Exordium"],"potions_floor_usage":[5,7],"damage_taken":[{"damage":0,"enemies":"Small Slimes","floor":1,"turns":3},{"damage":5,"enemies":"2 Louse","floor":2,"turns":3},{"damage":11,"enemies":"Jaw Worm","floor":3,"turns":5},{"damage":5,"enemies":"Blue Slaver","floor":5,"turns":4},{"damage":18,"enemies":"Large Slime","floor":7,"turns":5},{"damage":16,"enemies":"Lagavulin","floor":8,"turns":7},{"damage":8,"enemies":"3 Louse","floor":11,"turns":2},{"damage":11,"enemies":"Exordium Thugs","floor":14,"turns":5},{"damage":60,"enemies":"Slime Boss","floor":16,"turns":7}],"seed_played":"4738381864886809286","potions_obtained":[{"floor":1,"key":"Block Potion"},{"floor":2,"key":"Block Potion"},{"floor":7,"key":"EssenceOfSteel"}],"is_trial":false,"path_per_floor":["M","M","M","$","M","R","M","E","T","R","M","?","R","M","R","B"],"character_chosen":"IRONCLAD","items_purchased":[],"campfire_rested":0,"item_purchase_floors":[],"current_hp_per_floor":[80,80,75,75,76,76,64,54,54,54,52,52,52,47,47,0,0],"gold":207,"neow_bonus":"ONE_RANDOM_RARE_CARD","is_daily":false,"chose_seed":false,"campfire_upgraded":4,"win_rate":0.0,"timestamp":1613141160,"path_taken":["M","M","M","$","M","R","M","E","T","R","M","?","R","M","R","BOSS"],"items_purchased_type":[],"build_version":"2020-12-22","purchased_purges":1,"victory":false,"max_hp_per_floor":[80,80,80,80,80,80,80,80,80,80,80,74,74,74,74,74,74],"relic_stats":{"Dream Catcher":0,"counters":[9,41],"Golden Idol":4,"Tiny Chest":0,"obtain_stats":[{"Dream Catcher":8,"Golden Idol":12,"Tiny Chest":9,"Burning Blood":0},{"Dream Catcher":6,"Golden Idol":7,"Tiny Chest":6,"Burning Blood":0},{"Dream Catcher":27,"Golden Idol":29,"Tiny Chest":27,"Burning Blood":0}],"Burning Blood":41},"card_choices":[{"not_picked":["Feel No Pain","Sever Soul"],"picked":"Cleave","floor":1},{"not_picked":["Entrench","Sword Boomerang","Combust"],"picked":"SKIP","floor":2},{"not_picked":["Cleave","Thunderclap"],"picked":"Rampage","floor":3},{"not_picked":["Seeing Red","Sever Soul"],"picked":"Battle Trance","floor":5},{"not_picked":["Searing Blow","Clash"],"picked":"Warcry","floor":7},{"not_picked":["Warcry","Barricade","Hemokinesis"],"picked":"SKIP","floor":8},{"not_picked":["Pommel Strike","Cleave"],"picked":"True Grit","floor":11},{"not_picked":["Second Wind","Clash"],"picked":"Heavy Blade","floor":14}],"player_experience":43548,"relics_obtained":[{"floor":8,"key":"Dream Catcher"},{"floor":9,"key":"Tiny Chest"}],"event_choices":[{"damage_healed":0,"gold_gain":0,"player_choice":"Lose Max HP","damage_taken":0,"relics_obtained":["Golden Idol"],"max_hp_gain":0,"max_hp_loss":6,"event_name":"Golden Idol","floor":12,"gold_loss":0}],"is_beta":false,"boss_relics":[],"items_purged_floors":[4],"is_endless":false,"potions_floor_spawned":[1,2,7],"killed_by":"Slime Boss","ascension_level":0}}