{"host":"8rgpnls124hwjv5t","time":1613168421,"event":{"mods":["BaseMod","Colored Map","Colored Powertips","DeckTracker","Highlight Path","Minty Spire (QoL Compilation)","Permanent Neow","Quick Restart","Relic Stats","Shop Mod","StSLib"],"gold_per_floor":[118,134,144,11,31,31,103,103,185,216,216,230,247,263,263,336,336,256,256,171,171,6,6,6,6,6,6,6,6,6,6,6,6,6,6,6,0,0,0,0,0,0,0,0,0,0,0,0,0,0,0],"floor_reached":50,"language":"ENG","playtime":2615,"items_purged":[],"score":1015,"play_id":"001b2fd9-fe1c-4768-b3bf-cae5533369e8","local_time":"20210212172021","is_ascension_mode":true,"campfire_choices":[{"data":"Doom and Gloom","floor":6,"key":"SMITH"},{"floor":8,"key":"REST"},{"data":"Undo","floor":11,"key":"SMITH"},{"floor":15,"key":"REST"},{"data":"Defragment","floor":23,"key":"SMITH"},{"floor":25,"key":"REST"},{"data":"Hologram","floor":27,"key":"SMITH"},{"floor":32,"key":"REST"},{"floor":40,"key":"REST"},{"floor":42,"key":"REST"},{"data":"Coolheaded","floor":46,"key":"SMITH"},{"floor":49,"key":"REST"}],"circlet_count":0,"master_deck":["AscendersBane","Strike_B","Strike_B","Strike_B","Strike_B","Defend_B","Defend_B","Defend_B","Defend_B","Zap","Dualcast","Compile Driver","Doom and Gloom+1","Leap","Undo+1","Turbo","Conserve Battery","Defragment+1","Fusion","Ball Lightning","Echo Form","Ball Lightning+1","Force Field","Hologram+1","Static Discharge","Cold Snap+1","Reinforced Body","Coolheaded+1","Buffer","Compile Driver+1","Hologram+1","Auto Shields+1","Reinforced Body+1","Tempest+1","Purity"],"relics":["SlaversCollar","Mercury Hourglass","Nunchaku","Ectoplasm","Dream Catcher","Lee\u0027s Waffle","The Courier","MealTicket","Question Card","Inserter","Red Mask","Ancient Tea Set","Bag of Marbles","Du-Vu Doll"],"acts_visited":["Exordium","TheCity","TheBeyond"],"potions_floor_usage":[10,10,16,31,33,38,38],"damage_taken":[{"damage":7,"enemies":"Cultist","floor":1,"turns":4},{"damage":5,"enemies":"Small Slimes","floor":2,"turns":4},{"damage":3,"enemies":"2 Louse","floor":3,"turns":2},{"damage":13,"enemies":"Exordium Wildlife","floor":5,"turns":7},{"damage":16,"enemies":"Gremlin Nob","floor":10,"turns":3},{"damage":3,"enemies":"3 Louse","floor":12,"turns":4},{"damage":0,"enemies":"Large Slime","floor":13,"turns":5},{"damage":17,"enemies":"2 Fungi Beasts","floor":14,"turns":3},{"damage":13,"enemies":"Hexaghost","floor":16,"turns":9},{"damage":18,"enemies":"2 Thieves","floor":18,"turns":4},{"damage":59,"enemies":"Book of Stabbing","floor":24,"turns":6},{"damage":10,"enemies":"Spheric Guardian","floor":29,"turns":4},{"damage":22,"enemies":"Centurion and Healer","floor":30,"turns":4},{"damage":0,"enemies":"Gremlin Leader","floor":31,"turns":6},{"damage":43,"enemies":"Champ","floor":33,"turns":10},{"damage":8,"enemies":"Orb Walker","floor":35,"turns":5},{"damage":3,"enemies":"3 Shapes","floor":36,"turns":5},{"damage":14,"enemies":"Maw","floor":38,"turns":10},{"damage":34,"enemies":"Writhing Mass","floor":39,"turns":6},{"damage":13,"enemies":"Nemesis","floor":41,"turns":11},{"damage":19,"enemies":"Mind Bloom Boss Battle","floor":44,"turns":9},{"damage":56,"enemies":"Jaw Worm Horde","floor":47,"turns":5},{"damage":33,"enemies":"Time Eater","floor":50,"turns":5}],"seed_played":"8981624175112929752","potions_obtained":[{"floor":3,"key":"LiquidBronze"},{"floor":5,"key":"Strength Potion"},{"floor":14,"key":"Regen Potion"},{"floor":24,"key":"Swift Potion"},{"floor":30,"key":"ColorlessPotion"},{"floor":33,"key":"EssenceOfSteel"},{"floor":35,"key":"DuplicationPotion"},{"floor":39,"key":"GamblersBrew"},{"floor":41,"key":"Swift Potion"}],"is_trial":false,"path_per_floor":["M","M","M","$","M","R","?","R","T","E","R","M","M","M","R","B",null,"M","$","?","?","$","R","E","R","T","R","$","M","M","E","R","B",null,"M","M","?","M","M","R","E","R","T","?","?","R","M","?","R","B"],"character_chosen":"DEFECT","items_purchased":["Undo","FearPotion","Lee\u0027s Waffle"],"campfire_rested":7,"item_purchase_floors":[4,4,22],"current_hp_per_floor":[57,52,49,49,36,36,36,57,57,41,41,38,38,21,42,44,64,46,46,46,26,83,83,24,48,48,48,63,53,31,31,55,12,65,57,54,54,40,6,30,17,41,41,22,68,68,12,12,32,0,0],"gold":0,"neow_bonus":"BOSS_RELIC","is_daily":false,"chose_seed":false,"campfire_upgraded":5,"win_rate":0.0,"timestamp":1613168421,"path_taken":["M","M","M","$","M","R","?","R","T","E","R","M","M","M","R","BOSS","M","$","?","?","$","R","E","R","T","R","$","M","M","E","R","BOSS","M","M","?","M","M","R","E","R","T","?","?","R","M","?","R","BOSS"],"items_purchased_type":["Card","Potion","Relic"],"build_version":"2020-12-22","purchased_purges":0,"victory":false,"max_hp_per_floor":[71,71,71,71,71,71,71,71,71,71,71,71,71,71,71,71,71,71,71,71,76,83,83,83,83,83,83,83,83,83,83,83,83,83,83,83,83,83,83,83,83,83,83,83,68,68,68,68,68,68,68],"relic_stats":{"Nunchaku":[17],"Dream Catcher":5,"Lee\u0027s Waffle":57,"Inserter":[28],"counters":[23,130],"MealTicket":15,"Ectoplasm":390,"Question Card":13,"obtain_stats":[{"Lee\u0027s Waffle":22,"Inserter":34,"The Courier":24,"Question Card":31,"Ancient Tea Set":41,"Mercury Hourglass":9,"Du-Vu Doll":44,"SlaversCollar":0,"Nunchaku":10,"Dream Catcher":20,"MealTicket":26,"Ectoplasm":17,"Red Mask":37,"Bag of Marbles":43,"Cracked Core":0},{"Lee\u0027s Waffle":10,"Inserter":15,"The Courier":11,"Question Card":14,"Ancient Tea Set":20,"Mercury Hourglass":4,"Du-Vu Doll":21,"SlaversCollar":0,"Nunchaku":5,"Dream Catcher":10,"MealTicket":11,"Ectoplasm":9,"Red Mask":17,"Bag of Marbles":20,"Cracked Core":0},{"Lee\u0027s Waffle":44,"Inserter":74,"The Courier":50,"Question Card":64,"Ancient Tea Set":111,"Mercury Hourglass":17,"Du-Vu Doll":120,"SlaversCollar":0,"Nunchaku":20,"Dream Catcher":44,"MealTicket":50,"Ectoplasm":40,"Red Mask":84,"Bag of Marbles":111,"Cracked Core":0}],"Mercury Hourglass":[374]},"card_choices":[{"not_picked":["Double Energy","Turbo"],"picked":"Compile Driver","floor":1},{"not_picked":["Stack","Steam Power"],"picked":"Doom and Gloom","floor":2},{"not_picked":["Sweeping Beam","Scrape"],"picked":"Leap","floor":3},{"not_picked":["White Noise","Compile Driver"],"picked":"Turbo","floor":5},{"not_picked":["Aggregate","Redo"],"picked":"Conserve Battery","floor":10},{"not_picked":["Ball Lightning","Rebound"],"picked":"Defragment","floor":12},{"not_picked":["Steam","Barrage"],"picked":"Fusion","floor":13},{"not_picked":["Steam","Leap"],"picked":"Ball Lightning","floor":14},{"not_picked":["Fission","Amplify"],"picked":"Echo Form","floor":16},{"not_picked":["Conserve Battery","Cold Snap"],"picked":"Ball Lightning+1","floor":18},{"not_picked":["Coolheaded","Redo"],"picked":"Force Field","floor":24},{"not_picked":["Ball Lightning","Compile Driver"],"picked":"Hologram","floor":25},{"not_picked":["Steam Power","Hologram"],"picked":"Static Discharge","floor":29},{"not_picked":["Auto Shields","Gash"],"picked":"Cold Snap+1","floor":30},{"not_picked":["Ball Lightning","All For One"],"picked":"Reinforced Body","floor":31},{"not_picked":["Ball Lightning","Compile Driver","Barrage"],"picked":"Coolheaded","floor":32},{"not_picked":["Core Surge","All For One","Seek"],"picked":"Buffer","floor":33},{"not_picked":["Lockon","Leap","Steam+1"],"picked":"Compile Driver+1","floor":35},{"not_picked":["Steam+1","Gash+1","Rebound","Streamline"],"picked":"SKIP","floor":36},{"not_picked":["Force Field","Steam","Rebound+1","Chaos"],"picked":"SKIP","floor":38},{"not_picked":["Streamline","Turbo","Melter"],"picked":"Hologram+1","floor":39},{"not_picked":["Barrage","Streamline","Redo"],"picked":"Auto Shields+1","floor":40},{"not_picked":["Hologram","Cold Snap","Redo","Fission"],"picked":"SKIP","floor":41},{"not_picked":["Beam Cell","Melter","Ball Lightning"],"picked":"Reinforced Body+1","floor":44},{"not_picked":["Sweeping Beam","Coolheaded","Recycle+1"],"picked":"Tempest+1","floor":47},{"not_picked":["Secret Technique","Blind","Swift Strike"],"picked":"Purity","floor":48}],"player_experience":585880,"relics_obtained":[{"floor":9,"key":"Mercury Hourglass"},{"floor":10,"key":"Nunchaku"},{"floor":24,"key":"The Courier"},{"floor":26,"key":"MealTicket"},{"floor":31,"key":"Question Card"},{"floor":41,"key":"Ancient Tea Set"},{"floor":43,"key":"Bag of Marbles"},{"floor":44,"key":"Du-Vu Doll"}],"event_choices":[{"damage_healed":0,"gold_gain":72,"player_choice":"Gained Gold","damage_taken":0,"max_hp_gain":0,"max_hp_loss":0,"event_name":"Golden Wing","floor":7,"gold_loss":0},{"damage_healed":0,"gold_gain":0,"player_choice":"Obtained Relic","damage_taken":0,"relics_obtained":["Dream Catcher"],"max_hp_gain":0,"max_hp_loss":0,"event_name":"Addict","floor":20,"gold_loss":85},{"damage_healed":0,"gold_gain":0,"player_choice":"Shed Blood","damage_taken":25,"max_hp_gain":5,"max_hp_loss":0,"event_name":"Forgotten Altar","floor":21,"gold_loss":0},{"damage_healed":0,"gold_gain":0,"player_choice":"Paid","damage_taken":0,"relics_obtained":["Red Mask"],"max_hp_gain":0,"max_hp_loss":0,"event_name":"Tomb of Lord Red Mask","floor":37,"gold_loss":6},{"damage_healed":0,"gold_gain":0,"player_choice":"Fight","damage_taken":0,"max_hp_gain":0,"max_hp_loss":0,"event_name":"MindBloom","floor":44,"gold_loss":0},{"damage_healed":68,"gold_gain":0,"player_choice":"Heal","damage_taken":0,"max_hp_gain":0,"max_hp_loss":15,"event_name":"The Moai Head","floor":45,"gold_loss":0},{"damage_healed":0,"gold_gain":0,"player_choice":"Memory 1","damage_taken":0,"max_hp_gain":0,"max_hp_loss":0,"event_name":"SensoryStone","floor":48,"gold_loss":0}],"is_beta":false,"boss_relics":[{"not_picked":["Fusion Hammer","Pandora\u0027s Box"],"picked":"Ectoplasm"},{"not_picked":["Velvet Choker","Philosopher\u0027s Stone"],"picked":"Inserter"}],"items_purged_floors":[],"is_endless":false,"potions_floor_spawned":[3,5,14,24,30,33,35,36,39,41,47],"killed_by":"Time Eater","ascension_level":17}}