{"host":"ewns8ifhbubwkcum","time":1613099097,"event":{"mods":["BaseMod","Block Reminder","Colored Map","Colored Powertips","Downfall","Highlight Path","Minty Spire (QoL Compilation)","Permanent Neow","Quick Restart","Random Character Button","StSLib"],"gold_per_floor":[99,113,132,124,124,40,65,515,515,515,515],"floor_reached":9,"language":"ENG","playtime":381,"items_purged":[],"score":61,"play_id":"3b5e1425-de1f-4ad1-b82a-0165a9eb5f6b","local_time":"20210211210457","is_ascension_mode":true,"campfire_choices":[{"data":"hexamod:Float","floor":1.0,"key":"SMITH"}],"circlet_count":0,"master_deck":["hexamod:Strike","hexamod:Strike","hexamod:Strike","hexamod:Strike","hexamod:Defend","hexamod:Defend","hexamod:Defend","hexamod:Defend","hexamod:Sear","hexamod:Float+1","hexamod:StepThrough","hexamod:Haunt","hexamod:FirstSeal","hexamod:SecondSeal","hexamod:FourthSeal","hexamod:CatchUp","hexamod:SecondSeal","downfall:Icky","downfall:Icky","downfall:Icky"],"relics":["hexamod:SpiritBrand","Incense Burner","MealTicket"],"acts_visited":["Exordium"],"potions_floor_usage":[],"damage_taken":[{"damage":2.0,"enemies":"Jaw Worm","floor":2.0,"turns":3.0},{"damage":0.0,"enemies":"Small Slimes","floor":3.0,"turns":3.0},{"damage":0,"enemies":"downfall:FleeingMerchant","floor":6,"turns":4},{"damage":81,"enemies":"Gremlin Nob","floor":9,"turns":6}],"seed_played":"596493144640914858","potions_obtained":[{"floor":2.0,"key":"Strength Potion"},{"floor":6,"key":"SkillPotion"}],"is_trial":false,"path_per_floor":["R","M","M","?","T","$","T","?","E"],"character_chosen":"THE_SPIRIT","items_purchased":["hexamod:SecondSeal"],"campfire_rested":0,"item_purchase_floors":[6],"current_hp_per_floor":[63,61,61,54,54,61,61,61,0,0,0],"gold":515,"neow_bonus":"TWENTY_PERCENT_HP_BONUS","is_daily":false,"chose_seed":false,"campfire_upgraded":1,"win_rate":0.0,"timestamp":1613099097,"path_taken":["R","M","M","?","?","$","T","?","E"],"items_purchased_type":["Card"],"build_version":"2020-12-22","purchased_purges":0,"victory":false,"max_hp_per_floor":[84,84,84,84,84,84,84,84,84,84,84],"card_choices":[{"not_picked":["hexamod:GhostflameBarrier","hexamod:NightmareGuise"],"picked":"hexamod:StepThrough","floor":2.0},{"not_picked":["hexamod:ExtraCrispy","hexamod:ThermalTransfer"],"picked":"hexamod:Haunt","floor":3.0},{"not_picked":["hexamod:Rewind","hexamod:NightmareGuise"],"picked":"hexamod:CatchUp","floor":6}],"player_experience":1192518,"relics_obtained":[{"floor":5,"key":"Incense Burner"},{"floor":7,"key":"MealTicket"}],"event_choices":[],"is_beta":false,"boss_relics":[],"items_purged_floors":[],"is_endless":false,"potions_floor_spawned":[2],"killed_by":"Gremlin Nob","ascension_level":5}}