{"host":"cb9xh4d0ss8ax8yb","time":1613145269,"event":{"mods":["100% Spire Juice","BaseMod","Bossed Relics","Good Game Mod","Jess\u0027s Bottle","Minty Spire (QoL Compilation)","StSLib","The Cursed","The Dragon Tamer","The Gatherer"],"gold_per_floor":[116,10,10,10,22,49,49,77,77,108,124,24,43,60,60,158,38,54,89,99,113,10,10,23,23,23,57,67,97,97,117,117,213,93,105,119,119,44,94,127,177,211,211,242,97,113,126,126,126,126,126,126,26,53,53],"floor_reached":56,"language":"KOR","playtime":4095,"items_purged":["Moonworks:Strike","Moonworks:Strike"],"score":1999,"play_id":"0fb40dbb-dc03-4ecb-9a60-ea73791f542f","local_time":"20210213005429","is_ascension_mode":true,"campfire_choices":[{"data":"Moonworks:Ambush","floor":7,"key":"SMITH"},{"data":"Moonworks:SubspaceTunnel","floor":15,"key":"SMITH"},{"data":"Moonworks:TacticalRetreat","floor":23,"key":"SMITH"},{"data":"Moonworks:DeployBits","floor":25,"key":"SMITH"},{"data":"Moonworks:ForcedRevival","floor":32,"key":"SMITH"},{"floor":49,"key":"RECALL"},{"data":"Moonworks:LongDistanceShot","floor":52,"key":"SMITH"}],"circlet_count":0,"master_deck":["Moonworks:Strike","Moonworks:Defend","Moonworks:Defend","Moonworks:Defend","Moonworks:Defend","Moonworks:Ambush+1","Moonworks:LongDistanceShot+1","DTMod:Safeguard+1","Moonworks:AngelHand","Moonworks:DeployBits+1","Moonworks:SubspaceTunnel+1","Moonworks:TacticalRetreat+1","Moonworks:WeAreWaruda","Moonworks:NicePresent","Moonworks:EvilSpyWorkPreparation+1","Moonworks:NicePresent","Moonworks:IndiscriminateFireSupport+1","Moonworks:LuckyCharm","Moonworks:Accelerator+1","Moonworks:ForcedRevival+1","Moonworks:JonathanRush+1","Moonworks:LuckyCharm","Moonworks:AnotherUltimateWeapon+1","Moonworks:MetallicMonocoque+1","Moonworks:NicePresent","Moonworks:JonathanRush+1"],"relics":["Moonworks:BrokenBomb","Moonworks:Homemark","REME:ComplimentaryCards","CaptainsWheel","Ornamental Fan","Frozen Egg 2","Pocketwatch","SlaversCollar","Red Mask","Blue Candle","White Beast Statue","Anchor","Bottled Tornado","Pandora\u0027s Box","FossilizedHelix","Centennial Puzzle","Thread and Needle","PreservedInsect","Nunchaku","Bag of Marbles"],"acts_visited":["Exordium","TheCity","TheBeyond","TheEnding"],"potions_floor_usage":[6,16,16,16,19,27,33,33,33,36,39,41,50,50,50,55],"damage_taken":[{"damage":7,"enemies":"Small Slimes","floor":1,"turns":3},{"damage":7,"enemies":"Jaw Worm","floor":2,"turns":4},{"damage":0,"enemies":"Cultist","floor":5,"turns":3},{"damage":3,"enemies":"Lagavulin","floor":6,"turns":8},{"damage":17,"enemies":"Gremlin Nob","floor":8,"turns":4},{"damage":0,"enemies":"Lagavulin","floor":10,"turns":7},{"damage":2,"enemies":"2 Fungi Beasts","floor":11,"turns":4},{"damage":2,"enemies":"Exordium Thugs","floor":12,"turns":4},{"damage":0,"enemies":"Large Slime","floor":13,"turns":6},{"damage":0,"enemies":"Looter","floor":14,"turns":3},{"damage":0,"enemies":"Slime Boss","floor":16,"turns":6},{"damage":0,"enemies":"Spheric Guardian","floor":18,"turns":3},{"damage":18,"enemies":"Masked Bandits","floor":19,"turns":6},{"damage":0,"enemies":"3 Byrds","floor":20,"turns":7},{"damage":0,"enemies":"3 Cultists","floor":21,"turns":5},{"damage":1,"enemies":"Shelled Parasite and Fungi","floor":22,"turns":4},{"damage":11,"enemies":"Snake Plant","floor":24,"turns":5},{"damage":0,"enemies":"Gremlin Leader","floor":27,"turns":7},{"damage":0,"enemies":"Snecko","floor":28,"turns":6},{"damage":9,"enemies":"Slavers","floor":29,"turns":2},{"damage":0,"enemies":"Cultist and Chosen","floor":31,"turns":4},{"damage":0,"enemies":"Automaton","floor":33,"turns":4},{"damage":2,"enemies":"Orb Walker","floor":35,"turns":3},{"damage":0,"enemies":"3 Shapes","floor":36,"turns":2},{"damage":0,"enemies":"Mind Bloom Boss Battle","floor":39,"turns":3},{"damage":0,"enemies":"Reptomancer","floor":40,"turns":3},{"damage":0,"enemies":"2 Orb Walkers","floor":41,"turns":3},{"damage":0,"enemies":"Giant Head","floor":42,"turns":6},{"damage":0,"enemies":"Nemesis","floor":44,"turns":3},{"damage":0,"enemies":"3 Darklings","floor":46,"turns":2},{"damage":0,"enemies":"Sphere and 2 Shapes","floor":47,"turns":3},{"damage":0,"enemies":"Donu and Deca","floor":50,"turns":6},{"damage":17,"enemies":"Shield and Spear","floor":54,"turns":3},{"damage":13,"enemies":"The Heart","floor":55,"turns":6}],"seed_played":"-6190755458770423647","potions_obtained":[{"floor":1,"key":"Energy Potion"},{"floor":11,"key":"BlessingOfTheForge"},{"floor":12,"key":"AttackPotion"},{"floor":13,"key":"Dexterity Potion"},{"floor":16,"key":"Fruit Juice"},{"floor":20,"key":"Fire Potion"},{"floor":22,"key":"Fire Potion"},{"floor":24,"key":"LiquidMemories"},{"floor":27,"key":"Weak Potion"},{"floor":28,"key":"Strength Potion"},{"floor":29,"key":"Dexterity Potion"},{"floor":31,"key":"Energy Potion"},{"floor":33,"key":"Energy Potion"},{"floor":35,"key":"Swift Potion"},{"floor":36,"key":"SpeedPotion"},{"floor":39,"key":"ColorlessPotion"},{"floor":40,"key":"Fire Potion"},{"floor":41,"key":"GamblersBrew"},{"floor":42,"key":"PowerPotion"},{"floor":46,"key":"LiquidMemories"},{"floor":54,"key":"Dexterity Potion"}],"is_trial":false,"path_per_floor":["M","M","?","?","M","E","R","E","T","E","M","M","M","M","R","B",null,"M","?","M","M","M","R","M","R","T","E","M","E","T","M","R","B",null,"M","M","?","$","?","E","?","E","T","E","$","M","M","?","R","B",null,"R","$","E","B",null],"character_chosen":"THE_STARBREAKER","items_purchased":["Nunchaku"],"campfire_rested":0,"item_purchase_floors":[45],"current_hp_per_floor":[53,46,51,51,51,48,48,31,31,31,29,27,27,27,27,27,60,60,47,47,47,46,46,35,35,35,35,35,26,26,26,26,50,70,76,76,76,76,76,76,76,76,76,76,76,76,76,76,76,76,76,76,76,67,62],"gold":53,"neow_bonus":"TEN_PERCENT_HP_BONUS","is_daily":false,"chose_seed":false,"campfire_upgraded":6,"win_rate":0.0,"timestamp":1613145269,"path_taken":["M","M","?","?","M","E","R","E","T","E","M","M","M","?","R","BOSS","M","?","M","M","M","R","M","R","T","E","M","E","?","?","R","BOSS","M","M","?","?","?","E","?","E","T","E","$","M","M","?","R","BOSS","R","$","E","BOSS"],"items_purchased_type":["Relic"],"build_version":"2020-12-22","purchased_purges":2,"victory":true,"max_hp_per_floor":[66,66,71,71,71,71,71,71,71,71,71,71,71,71,71,71,71,71,76,76,76,76,76,76,76,76,76,76,76,76,76,76,76,76,76,76,76,76,76,76,76,76,76,76,76,76,76,76,76,76,76,76,76,76,76],"card_choices":[{"not_picked":["Moonworks:UnluckyCharm","Moonworks:ExtendedPhotonRifle"],"picked":"Moonworks:AngelHand","floor":1},{"not_picked":["Moonworks:SealedMemories","Moonworks:CloudOfSeagulls"],"picked":"Moonworks:DeployBits","floor":2},{"not_picked":["Moonworks:CloudOfSeagulls","Moonworks:IndiscriminateFireSupport","Moonworks:Assault"],"picked":"SKIP","floor":5},{"not_picked":["Moonworks:Assault","Moonworks:AngelHand","Moonworks:SinkOrSwim"],"picked":"SKIP","floor":6},{"not_picked":["Moonworks:CloudOfSeagulls","Moonworks:Dinner"],"picked":"Moonworks:SubspaceTunnel","floor":8},{"not_picked":["Moonworks:Poppoformation","Moonworks:IndiscriminateFireSupport"],"picked":"Moonworks:TacticalRetreat","floor":10},{"not_picked":["Moonworks:Bloodlust","Moonworks:x16BigRocket","Moonworks:BigMagnum"],"picked":"SKIP","floor":11},{"not_picked":["Moonworks:AwakeningOfTalent","Moonworks:JonathanRush","Moonworks:IndiscriminateFireSupport"],"picked":"SKIP","floor":12},{"not_picked":["Moonworks:FinalSurgery","Moonworks:CookingTime","Moonworks:LulusLuckyEgg"],"picked":"SKIP","floor":13},{"not_picked":["Moonworks:SweetBattle","Moonworks:TacticalRetreat","Moonworks:JonathanRush"],"picked":"SKIP","floor":14},{"not_picked":["Moonworks:StarBlastingFuse","Moonworks:LeapThroughSpace+1"],"picked":"Moonworks:WeAreWaruda","floor":16},{"not_picked":["Moonworks:DeployBits","Moonworks:EvilSpyWorkPreparation","Moonworks:SealedMemories"],"picked":"SKIP","floor":18},{"not_picked":["Moonworks:SakisCookie","Moonworks:ScrambledEve+1"],"picked":"Moonworks:NicePresent","floor":20},{"not_picked":["Moonworks:BeyondHell","Moonworks:BigMagnum"],"picked":"Moonworks:EvilSpyWorkPreparation+1","floor":21},{"not_picked":["Moonworks:BigMagnum","Moonworks:CloudOfSeagulls","Moonworks:JonathanRush"],"picked":"SKIP","floor":22},{"not_picked":["Moonworks:SakisCookie","Moonworks:Assault"],"picked":"Moonworks:NicePresent","floor":24},{"not_picked":["Moonworks:CastOff","Moonworks:AngelHand"],"picked":"Moonworks:IndiscriminateFireSupport+1","floor":27},{"not_picked":["Moonworks:SealedMemories+1","Moonworks:CloudOfSeagulls+1"],"picked":"Moonworks:LuckyCharm","floor":28},{"not_picked":["Moonworks:AngelHand","Moonworks:CloudOfSeagulls+1"],"picked":"Moonworks:Accelerator+1","floor":29},{"not_picked":["Moonworks:ReproductionOfRecords","Moonworks:CloudOfSeagulls"],"picked":"Moonworks:ForcedRevival","floor":31},{"not_picked":["Moonworks:EvilSpyWorkPreparation","Moonworks:LulusLuckyEgg+1"],"picked":"Moonworks:JonathanRush+1","floor":35},{"not_picked":["Moonworks:TreasureThief+1","Moonworks:ImOnFire","Moonworks:EvilSpyWorkPreparation+1"],"picked":"SKIP","floor":36},{"not_picked":["Moonworks:UnluckyCharm","Moonworks:EvilSpyWorkPreparation","Moonworks:MiracleRedBeanIceCream+1"],"picked":"SKIP","floor":40},{"not_picked":["Moonworks:NicePresent+1","Moonworks:BigMagnum"],"picked":"Moonworks:AnotherUltimateWeapon+1","floor":41},{"not_picked":["Moonworks:ImOnFire+1","Moonworks:MiracleRedBeanIceCream+1"],"picked":"Moonworks:MetallicMonocoque+1","floor":42},{"not_picked":["Moonworks:IndiscriminateFireSupport","Moonworks:SakisCookie"],"picked":"Moonworks:NicePresent","floor":44},{"not_picked":["Moonworks:IndiscriminateFireSupport","Moonworks:LulusLuckyEgg+1"],"picked":"Moonworks:JonathanRush+1","floor":46},{"not_picked":["Moonworks:Dash","Moonworks:ImOnFire+1","Moonworks:EvilSpyWorkPreparation"],"picked":"SKIP","floor":47},{"not_picked":["Moonworks:Assault","Moonworks:SakisCookie+1","Moonworks:CompletionReward+1"],"picked":"SKIP","floor":54}],"player_experience":510446,"relics_obtained":[{"floor":6,"key":"CaptainsWheel"},{"floor":8,"key":"Ornamental Fan"},{"floor":9,"key":"Frozen Egg 2"},{"floor":10,"key":"Pocketwatch"},{"floor":19,"key":"Red Mask"},{"floor":26,"key":"Blue Candle"},{"floor":27,"key":"White Beast Statue"},{"floor":29,"key":"Anchor"},{"floor":30,"key":"Bottled Tornado"},{"floor":39,"key":"FossilizedHelix"},{"floor":40,"key":"Centennial Puzzle"},{"floor":42,"key":"Thread and Needle"},{"floor":44,"key":"PreservedInsect"},{"floor":54,"key":"Bag of Marbles"}],"event_choices":[{"damage_healed":0,"gold_gain":0,"player_choice":"Donut","damage_taken":0,"max_hp_gain":5,"max_hp_loss":0,"event_name":"Big Fish","floor":3,"gold_loss":0},{"damage_healed":0,"gold_gain":0,"player_choice":"Grow","damage_taken":0,"max_hp_gain":0,"max_hp_loss":0,"event_name":"Living Wall","floor":4,"gold_loss":0,"cards_upgraded":["DTMod:Safeguard"]},{"damage_healed":0,"gold_gain":0,"player_choice":"Fought Bandits","damage_taken":0,"max_hp_gain":0,"max_hp_loss":0,"event_name":"Masked Bandits","floor":19,"gold_loss":0},{"damage_healed":0,"gold_gain":0,"player_choice":"Copied","damage_taken":0,"max_hp_gain":0,"max_hp_loss":0,"event_name":"Duplicator","floor":37,"gold_loss":0,"cards_obtained":["Moonworks:LuckyCharm"]},{"damage_healed":0,"gold_gain":0,"player_choice":"Fight","damage_taken":0,"max_hp_gain":0,"max_hp_loss":0,"event_name":"MindBloom","floor":39,"gold_loss":0},{"damage_healed":0,"gold_gain":0,"player_choice":"Fight","damage_taken":0,"max_hp_gain":0,"max_hp_loss":0,"event_name":"Mysterious Sphere","floor":41,"gold_loss":0},{"cards_removed":["Moonworks:Strike"],"damage_healed":0,"gold_gain":0,"player_choice":"Removed Attack","damage_taken":0,"max_hp_gain":0,"max_hp_loss":0,"event_name":"Falling","floor":48,"gold_loss":0}],"is_beta":false,"boss_relics":[{"not_picked":["Fusion Hammer","Snecko Eye"],"picked":"SlaversCollar"},{"not_picked":["Busted Crown","Tiny House"],"picked":"Pandora\u0027s Box"}],"items_purged_floors":[38,53],"is_endless":false,"potions_floor_spawned":[1,11,12,13,16,20,22,24,27,28,29,31,33,35,36,39,40,41,42,44,46,47,54],"ascension_level":6}}