{"host":"og21o26alpnbwmz8","time":1613145653,"event":{"mods":["Act Like it!","Aspiration","BaseMod","Conspire","Downfall","Gensokyo","Halation","Hubris","Jedi Mod","Mimic Mod","Minty Spire (QoL Compilation)","Pale of the Ancients","Reliquary","Replay The Spire","Shop Mod","Spikes Relics","StSLib","The Alterego","The Blue Laboratory","The Poker Player","The Witch","Waifu the Spire","Yuri Mod"],"gold_per_floor":[112,129,129,129,145,145,175,175,175,28,40,52,52,16,16,114,114,124,49,49,49,62,62,80,80,80,92,119,19,34,34,34,133,133,143,1,1,16,16,16,32,32,64,112,138,138,163,177,177,177,196,211,211,86,86,100,100,100,100,100],"floor_reached":61,"language":"ENG","playtime":2459,"items_purged":["yuri:yuriStrike","yuri:BrokenCode+1","yuri:yuriStab"],"score":1624,"play_id":"097bcd4d-b5c8-4cc3-ab2a-734cb9e66740","local_time":"20210212110053","is_ascension_mode":false,"campfire_choices":[{"data":"yuri:BrokenCode","floor":6.0,"key":"SMITH"},{"data":"yuri:SturdyUniform","floor":8.0,"key":"SMITH"},{"data":"yuri:NoEscape","floor":13.0,"key":"SMITH"},{"floor":15.0,"key":"REST"},{"data":"yuri:DuplicateCode","floor":23.0,"key":"SMITH"},{"data":"yuri:DebugCard","floor":25.0,"key":"SMITH"},{"data":"yuri:SturdyUniform","floor":32.0,"key":"SMITH"},{"floor":40.0,"key":"RECALL"},{"data":"yuri:DebugCard","floor":46.0,"key":"SMITH"},{"data":"yuri:yuriDefend","floor":55.0,"key":"SMITH"},{"data":"yuri:yuriDefend","floor":57.0,"key":"SMITH"}],"circlet_count":0,"master_deck":["yuri:yuriDefend+3","yuri:yuriDefend+1","yuri:Oolong+1","yuri:Stare+1","yuri:DebugCard+1","yuri:SturdyUniform+1","yuri:DebugCard+1","yuri:NoEscape+1","yuri:MPose+1","yuri:DuplicateCode+1","yuri:SturdyUniform+1"],"relics":["yuri:yuriKnife","hubris:Towel","Gremlin Horn","Slimebound:PreparedRelic","CosmicIsotope","hubris:Icosahedron","reliquary:PartyBalloon","jedi:kaleidoscope","halation:EternalFortune","HandDrill","Unceasing Top","hexamod:Sixitude","reliquary:PorcupineQuills","Blood Vial","Simple Rune","paleoftheancients:Timepiece","paleoftheancients:KeyRelic","CultistMask","paleoftheancients:SoulOfTheTimeEater","Gambling Chip"],"acts_visited":["Exordium","Gensokyo:Gensokyo","Gensokyo:Gensokyoer","Gensokyo:Gensokyoest"],"potions_floor_usage":[],"damage_taken":[{"damage":0.0,"enemies":"Gensokyo:2_Kodama","floor":1.0,"turns":4.0},{"damage":0.0,"enemies":"Gensokyo:Python","floor":2.0,"turns":3.0},{"damage":0.0,"enemies":"Gensokyo:Gryphon","floor":5.0,"turns":4.0},{"damage":3.0,"enemies":"Gensokyo:Cirno","floor":7.0,"turns":6.0},{"damage":4.0,"enemies":"Gensokyo:CorruptedTreant","floor":11.0,"turns":3.0},{"damage":0.0,"enemies":"Gensokyo:2_Rabbits","floor":12.0,"turns":5.0},{"damage":4.0,"enemies":"Gensokyo:Yukari","floor":16.0,"turns":9.0},{"damage":4.0,"enemies":"Gensokyo:Chomper","floor":18.0,"turns":5.0},{"damage":1.0,"enemies":"Gensokyo:3_Dogs","floor":22.0,"turns":6.0},{"damage":5.0,"enemies":"Gensokyo:Wraith","floor":24.0,"turns":6.0},{"damage":0.0,"enemies":"Gensokyo:Slime_Group","floor":27.0,"turns":5.0},{"damage":0.0,"enemies":"Gensokyo:Tenshi","floor":28.0,"turns":3.0},{"damage":9.0,"enemies":"Gensokyo:3_Gloops","floor":30.0,"turns":4.0},{"damage":0.0,"enemies":"Gensokyo:Eternal_Rivals","floor":33.0,"turns":5.0},{"damage":0.0,"enemies":"Gensokyo:3_Boulders","floor":35.0,"turns":5.0},{"damage":0.0,"enemies":"Gensokyo:3_Bats","floor":38.0,"turns":3.0},{"damage":0.0,"enemies":"Gensokyo:3_Boulders","floor":41.0,"turns":3.0},{"damage":0.0,"enemies":"Gensokyo:Dusk_and_Dawn","floor":43.0,"turns":8.0},{"damage":3.0,"enemies":"Gensokyo:Marisa","floor":45.0,"turns":4.0},{"damage":0.0,"enemies":"Gensokyo:Doremy","floor":47.0,"turns":3.0},{"damage":0.0,"enemies":"Gensokyo:Dusk_and_Dawn","floor":48.0,"turns":3.0},{"damage":0.0,"enemies":"Gensokyo:Shinki","floor":50.0,"turns":7.0},{"damage":0.0,"enemies":"Gensokyo:Shinki","floor":51.0,"turns":4.0},{"damage":0.0,"enemies":"Gensokyo:Shinki","floor":52.0,"turns":4.0},{"damage":0.0,"enemies":"Gensokyo:Shinki","floor":56.0,"turns":2.0},{"damage":0,"enemies":"paleoftheancients:N","floor":60,"turns":2}],"seed_played":"-2654875978242544075","potions_obtained":[{"floor":1.0,"key":"FearPotion"},{"floor":12.0,"key":"ColorlessPotion"},{"floor":16.0,"key":"Block Potion"},{"floor":24.0,"key":"jedi:wingpotion"},{"floor":27.0,"key":"Dexterity Potion"},{"floor":38.0,"key":"blueLaboratory:StoneskinPotion"},{"floor":41.0,"key":"Swift Potion"}],"is_trial":false,"path_per_floor":["M","M","?","?","M","R","E","R","T","$","M","M","R","$","R","B",null,"M","$","?","?","M","R","M","R","T","M","E","$","M","?","R","B",null,"M","COS","?","M","?","R","M","?","MIM","T","E","R","E","M","R","B","M","M","?","$","R","M","R","T","?","B",null],"character_chosen":"YURI","items_purchased":["War Paint","yuri:MPose+1"],"campfire_rested":1,"item_purchase_floors":[10,14],"current_hp_per_floor":[80,80,48,48,52,52,53,53,53,53,56,63,63,63,80,76,80,79,79,79,79,79,79,75,75,75,80,80,80,71,74,74,81,83,83,83,83,83,83,83,83,83,86,86,83,83,86,86,86,90,90,90,90,90,90,90,90,90,90,90],"gold":100,"neow_bonus":"THREE_CARDS","is_daily":false,"chose_seed":false,"campfire_upgraded":9,"win_rate":0.0,"timestamp":1613145653,"path_taken":["M","M","?","?","M","R","E","R","T","?","M","?","R","$","R","BOSS","M","$","?","?","M","R","?","R","T","?","E","$","M","?","R","BOSS","M","COS","?","M","?","R","?","?","MIM","?","E","R","E","M","R","BOSS","M","M","?","$","R","M","R","T","?","BOSS"],"items_purchased_type":["Relic","Card"],"build_version":"2020-12-22","purchased_purges":3,"victory":true,"max_hp_per_floor":[80,80,80,80,80,80,80,80,80,80,80,80,80,80,80,80,80,80,80,80,80,80,80,80,80,80,80,80,80,80,83,83,83,83,83,83,83,83,83,83,83,83,86,86,86,86,86,86,86,90,90,90,90,90,90,90,90,90,90,90],"card_choices":[{"not_picked":["yuri:UntestedCode","yuri:CalmingAura"],"picked":"yuri:Stare","floor":0.0},{"not_picked":["yuri:Skip","yuri:HeavierStrike"],"picked":"yuri:BrokenCode","floor":1.0},{"not_picked":["yuri:CalmingAura","yuri:ThrowBook"],"picked":"yuri:DebugCard","floor":2.0},{"not_picked":["yuri:ChibiInvasion","yuri:HeavierStrike"],"picked":"yuri:SturdyUniform","floor":5.0},{"not_picked":["yuri:yuriQuickStrike","yuri:CalmingAura","yuri:BookBlue"],"picked":"SKIP","floor":7.0},{"not_picked":["yuri:ThrowingKnives","yuri:ReactiveMadness"],"picked":"yuri:DebugCard","floor":11.0},{"not_picked":["yuri:ReactiveMadness","yuri:ThrowBook"],"picked":"yuri:NoEscape","floor":12.0},{"not_picked":["yuri:GhostForm","yuri:DragonForm"],"picked":"yuri:DuplicateCode","floor":16.0},{"not_picked":["yuri:ThornRemove","yuri:HeavierStrike","yuri:ChibiInvasion"],"picked":"SKIP","floor":18.0},{"not_picked":["yuri:WickedSlash+1","yuri:Virus","yuri:UntestedCode+1"],"picked":"SKIP","floor":22.0},{"not_picked":["yuri:Spin","yuri:SeeingDouble","yuri:ReloadGame"],"picked":"SKIP","floor":24.0},{"not_picked":["yuri:Skip","yuri:ThrowBook","yuri:ThrowingKnives"],"picked":"SKIP","floor":27.0},{"not_picked":["yuri:TPose","yuri:Stare","yuri:ThrowBook"],"picked":"SKIP","floor":28.0},{"not_picked":["yuri:TPose","yuri:Stare"],"picked":"yuri:SturdyUniform","floor":30.0},{"not_picked":["yuri:ReloadGame","yuri:AdaptiveAI","yuri:CalmingAura"],"picked":"SKIP","floor":35.0},{"not_picked":["yuri:InduceGlitch+1","yuri:Stalk","yuri:Spin+1"],"picked":"SKIP","floor":38.0},{"not_picked":["yuri:TPose","yuri:Stalk","yuri:ThrowingKnives+1"],"picked":"SKIP","floor":41.0},{"not_picked":["yuri:yuriHeavyStrike","yuri:GlitchedStrike+1","yuri:MPose+1"],"picked":"SKIP","floor":45.0},{"not_picked":["yuri:MultiDip+1","yuri:ThrowBook+1","yuri:Stare"],"picked":"SKIP","floor":47.0},{"not_picked":["yuri:SelfHarm+1","yuri:Stare+1","yuri:ChibiInvasion"],"picked":"SKIP","floor":48.0},{"not_picked":["yuri:Stare","yuri:NoEscape","yuri:WickedSlash+1"],"picked":"SKIP","floor":51.0},{"not_picked":["yuri:MPose","yuri:DebugCard+1","yuri:UntestedCode+1"],"picked":"SKIP","floor":52.0},{"not_picked":["yuri:CorruptHitbox","yuri:DebugCard","yuri:BookBlue"],"picked":"SKIP","floor":56.0}],"player_experience":255397,"relics_obtained":[{"floor":7.0,"key":"Gremlin Horn"},{"floor":9.0,"key":"Slimebound:PreparedRelic"},{"floor":26.0,"key":"reliquary:PartyBalloon"},{"floor":28.0,"key":"jedi:kaleidoscope"},{"floor":43.0,"key":"halation:EternalFortune"},{"floor":43.0,"key":"Unceasing Top"},{"floor":43.0,"key":"hexamod:Sixitude"},{"floor":44.0,"key":"reliquary:PorcupineQuills"},{"floor":45.0,"key":"Blood Vial"},{"floor":47.0,"key":"Simple Rune"},{"floor":51.0,"key":"paleoftheancients:SoulOfTheTimeEater"},{"floor":58.0,"key":"Gambling Chip"}],"event_choices":[{"damage_healed":0.0,"max_hp_gain":0.0,"max_hp_loss":0.0,"gold_gain":0.0,"event_name":"Transmorgrifier","player_choice":"Ignored","floor":53.0,"gold_loss":0.0,"damage_taken":0.0}],"is_beta":false,"boss_relics":[{"not_picked":["bronze:MakeshiftBattery","Tiny House"],"picked":"CosmicIsotope"},{"not_picked":["Kintsugi","Honey Jar","hubris:CrackedHourglass"]}],"items_purged_floors":[19,29,54],"is_endless":false,"potions_floor_spawned":[1,12,16,24,27,38,41,51,52],"ascension_level":0}}