{"host":"bakf0s4odzu8z5xt","time":1613117781,"event":{"mods":["2.2 Compatiblity","BaseMod","Downfall","Friendly Minions","Minty Spire (QoL Compilation)","StSLib"],"gold_per_floor":[0,11,28,178,12,27,27,27,43,43,63,77,77,105,119,219,219,19,37,54,54,54,68,68,80,93,103,15,34,34,57,68,68,68,68],"floor_reached":33,"language":"ENG","playtime":2004,"items_purged":["downfall:Icky"],"score":283,"play_id":"faa780c3-2f00-47b2-99d1-a5e178d17334","local_time":"20210212021621","is_ascension_mode":true,"campfire_choices":[{"data":"hexamod:SearingWound","floor":1,"key":"SMITH"},{"data":"hexamod:SearingWound","floor":8,"key":"SMITH"},{"floor":13,"key":"REST"},{"data":"hexamod:GiftsFromTheDead","floor":18,"key":"SMITH"},{"floor":30,"key":"REST"}],"circlet_count":0,"master_deck":["hexamod:Strike+1","hexamod:Strike+1","hexamod:Defend+1","hexamod:Defend+1","hexamod:Defend+1","hexamod:Defend","hexamod:Sear+1","hexamod:Float+1","hexamod:SearingWound+1","hexamod:SixthSeal","hexamod:SuperheatedStrike+1","hexamod:SuperheatedStrike+1","hexamod:FastForward+1","hexamod:PhantomCloak+1","hexamod:SearingWound+1","hexamod:Incineration+1","downfall:Malfunctioning","hexamod:DynamicBlow+1","hexamod:SpectersWail","hexamod:GiftsFromTheDead+1","hexamod:SpectersWail+1","hexamod:SpectralAdrenaline+1","hexamod:RainOfEmbers+1","hexamod:SecondSeal","hexamod:Haunt","hexamod:GhostflameBarrier+1","hexamod:FourthSeal","hexamod:WildfireWeapon","hexamod:FirstSeal","hexamod:ThermalTransfer"],"relics":["hexamod:SpiritBrand","Omamori","Philosopher\u0027s Stone","downfall:HeartBlessingGreen","downfall:HeartBlessingBlue","downfall:ExtraCursedBell","Anchor","bronze:DecasWashers","hexamod:Sixitude","Mummified Hand"],"acts_visited":["Exordium","TheCity"],"potions_floor_usage":[3,12,15,16,27,33,33,33],"damage_taken":[{"damage":3,"enemies":"Small Slimes","floor":2,"turns":5},{"damage":0,"enemies":"2 Louse","floor":3,"turns":2},{"damage":5,"enemies":"downfall:FleeingMerchant","floor":5,"turns":4},{"damage":2,"enemies":"Jaw Worm","floor":6,"turns":3},{"damage":26,"enemies":"Lots of Slimes","floor":9,"turns":5},{"damage":3,"enemies":"Blue Slaver","floor":11,"turns":5},{"damage":2,"enemies":"3 Louse","floor":12,"turns":2},{"damage":15,"enemies":"Lagavulin","floor":14,"turns":4},{"damage":7,"enemies":"Lots of Slimes","floor":15,"turns":2},{"damage":40,"enemies":"WA_ARCHETYPE_RETAIN","floor":16,"turns":7},{"damage":7,"enemies":"Spheric Guardian","floor":19,"turns":3},{"damage":7,"enemies":"3 Cultists","floor":20,"turns":3},{"damage":13,"enemies":"Centurion and Healer","floor":23,"turns":3},{"damage":23,"enemies":"Shelled Parasite and Fungi","floor":25,"turns":3},{"damage":9,"enemies":"Snake Plant","floor":26,"turns":3},{"damage":0,"enemies":"Cultist and Chosen","floor":27,"turns":3},{"damage":1,"enemies":"downfall:FleeingMerchant","floor":28,"turns":4},{"damage":0,"enemies":"3 Cultists","floor":29,"turns":3},{"damage":26,"enemies":"Sentry and Sphere","floor":31,"turns":4},{"damage":10,"enemies":"Snecko","floor":32,"turns":3},{"damage":24,"enemies":"DF_ARCHETYPE_CLAW","floor":33,"turns":5}],"seed_played":"7018536516472188416","potions_obtained":[{"floor":2,"key":"Explosive Potion"},{"floor":9,"key":"sneckomod:MuddlingPotion"},{"floor":14,"key":"LiquidMemories"},{"floor":15,"key":"Regen Potion"},{"floor":19,"key":"LiquidBronze"},{"floor":20,"key":"Regen Potion"},{"floor":23,"key":"Guardian:BlockOnCardUsePotion"},{"floor":31,"key":"FearPotion"},{"floor":32,"key":"Dexterity Potion"}],"is_trial":false,"path_per_floor":["R","M","M","?","$","M","T","R","M","?","M","M","R","E","M","B",null,"R","M","M","?","?","M","T","M","M","M","$","M","R","M","M","B"],"character_chosen":"THE_SPIRIT","items_purchased":["hexamod:PhantomCloak","hexamod:FourthSeal"],"campfire_rested":2,"item_purchase_floors":[5,28],"current_hp_per_floor":[70,67,67,67,62,60,60,60,34,34,31,29,50,35,28,3,70,80,73,66,66,66,53,53,30,21,21,20,20,44,18,8,0,0,0],"gold":68,"neow_bonus":"TRANSFORM_TWO_CARDS","is_daily":false,"chose_seed":false,"campfire_upgraded":3,"win_rate":0.0,"timestamp":1613117781,"path_taken":["R","M","M","?","$","M","T","R","M","?","M","M","R","E","M","BOSS","R","M","M","?","?","?","T","M","M","?","$","M","R","M","M","BOSS"],"items_purchased_type":["Card","Card"],"build_version":"2020-12-22","purchased_purges":1,"victory":false,"max_hp_per_floor":[70,70,70,70,70,70,70,70,70,70,70,70,70,70,70,70,70,80,80,80,80,80,80,80,80,80,80,80,80,80,80,80,80,80,80],"card_choices":[{"not_picked":["hexamod:GhostOfSpirePast","hexamod:InspiringFlames"],"picked":"hexamod:SuperheatedStrike","floor":2},{"not_picked":["hexamod:PhantomFireball","hexamod:NightmareGuise"],"picked":"hexamod:SuperheatedStrike","floor":3},{"not_picked":["hexamod:RetreatToShadows","hexamod:NightmareStrike"],"picked":"hexamod:FastForward","floor":5},{"not_picked":["hexamod:ThermalTransfer","hexamod:FirstSeal"],"picked":"hexamod:SearingWound","floor":6},{"not_picked":["hexamod:BurningTouch","hexamod:SkipABeat"],"picked":"hexamod:Incineration","floor":9},{"not_picked":["hexamod:BacktrackSmack","hexamod:GhostOfSpireFuture","hexamod:EtherealExpedition"],"picked":"SKIP","floor":11},{"not_picked":["hexamod:NightmareGuise","hexamod:SuperheatedStrike","hexamod:NightmareStrike"],"picked":"SKIP","floor":12},{"not_picked":["hexamod:NightmareStrike","hexamod:NecessarySacrifice"],"picked":"hexamod:DynamicBlow","floor":14},{"not_picked":["hexamod:AdvancingGuard","hexamod:GhostShield"],"picked":"hexamod:SpectersWail","floor":15},{"not_picked":["hexamod:TimeOfNeed","hexamod:UnlimitedPower"],"picked":"hexamod:GiftsFromTheDead","floor":16},{"not_picked":["hexamod:FirstSeal","hexamod:HeatCrush+1"],"picked":"hexamod:SpectersWail+1","floor":19},{"not_picked":["hexamod:NightmareGuise","hexamod:SwordOfDarkness"],"picked":"hexamod:SpectralAdrenaline","floor":20},{"not_picked":["hexamod:Hexaguard","hexamod:SoulSteal"],"picked":"hexamod:RainOfEmbers","floor":23},{"not_picked":["hexamod:HauntingEcho+1","hexamod:GhostLash+1"],"picked":"hexamod:SecondSeal","floor":25},{"not_picked":["hexamod:HauntingEcho","hexamod:GhostOfSpirePast","hexamod:SpectersWail+1"],"picked":"SKIP","floor":26},{"not_picked":["hexamod:RadiantFlame","hexamod:SwordOfDarkness+1"],"picked":"hexamod:Haunt","floor":27},{"not_picked":["hexamod:BurningTouch","hexamod:BacktrackSmack"],"picked":"hexamod:GhostflameBarrier+1","floor":28},{"not_picked":["hexamod:ShieldOfDarkness","hexamod:InspiringFlames"],"picked":"hexamod:WildfireWeapon","floor":29},{"not_picked":["hexamod:StepThrough","hexamod:HeatCrush"],"picked":"hexamod:FirstSeal","floor":31},{"not_picked":["hexamod:Haunt","hexamod:SwordOfDarkness"],"picked":"hexamod:ThermalTransfer","floor":32}],"player_experience":2153891,"relics_obtained":[{"floor":14,"key":"Omamori"},{"floor":21,"key":"Anchor"},{"floor":21,"key":"bronze:DecasWashers"},{"floor":21,"key":"hexamod:Sixitude"},{"floor":24,"key":"Mummified Hand"}],"event_choices":[{"damage_healed":0,"gold_gain":0,"player_choice":"Forge","damage_taken":0,"max_hp_gain":0,"max_hp_loss":0,"event_name":"Accursed Blacksmith","floor":22,"gold_loss":0,"cards_upgraded":["hexamod:SpectralAdrenaline"]}],"is_beta":false,"boss_relics":[{"not_picked":["Coffee Dripper","Snecko Eye"],"picked":"Philosopher\u0027s Stone"}],"items_purged_floors":[5],"is_endless":false,"potions_floor_spawned":[2,9,14,15,19,20,23,32],"killed_by":"DF_ARCHETYPE_CLAW","ascension_level":2}}