{"host":"qrjxgo49ov8bsko8","time":1613168173,"event":{"mods":["BaseMod","Curses Come First","Downfall","Minty Spire (QoL Compilation)","Relic Stats","StSLib"],"gold_per_floor":[99,199,214,226,246,246,246,421,451,49,149,249,12,26,41,41,41,41],"floor_reached":16,"language":"ENG","playtime":651,"items_purged":["Doubt"],"score":90,"play_id":"d037fbde-0170-4887-95b7-50db0f31fd50","local_time":"20210212171613","is_ascension_mode":false,"campfire_choices":[],"circlet_count":0,"master_deck":["sneckomod:Strike","sneckomod:Strike","sneckomod:Strike","sneckomod:Defend","sneckomod:Defend","sneckomod:Defend","sneckomod:TailWhip","sneckomod:SnekBite","sneckomod:Unknown","Disarm","sneckomod:UnknownDraw","sneckomod:CheapStock","expansioncontent:HyperBeam","sneckomod:UnknownCommonAttack","sneckomod:UnknownRareAttack","Slimebound:SlimeSlap","sneckomod:QuickMove","sneckomod:UnknownWeak","sneckomod:Mudshield","Panacea","Doubt","sneckomod:UnknownCommonSkill","sneckomod:CheapStock","sneckomod:UnknownWeak","sneckomod:UnknownUncommonSkill","sneckomod:Unknown1Cost","sneckomod:UnknownBlock","sneckomod:UnknownBlock","sneckomod:SnakeSap","sneckomod:UnknownStrike"],"relics":["sneckomod:SneckoSoul","Torii","Membership Card","Mercury Hourglass","downfall:GremlinSack","Gambling Chip","Orrery"],"acts_visited":["Exordium"],"potions_floor_usage":[],"damage_taken":[{"damage":0,"enemies":"Small Slimes","floor":3,"turns":2},{"damage":2,"enemies":"Jaw Worm","floor":4,"turns":5},{"damage":4,"enemies":"Cultist","floor":5,"turns":4},{"damage":11,"enemies":"downfall:FleeingMerchant","floor":10,"turns":4},{"damage":41,"enemies":"downfall:FleeingMerchant","floor":12,"turns":5},{"damage":5,"enemies":"downfall:FleeingMerchant","floor":13,"turns":4},{"damage":15,"enemies":"2 Fungi Beasts","floor":14,"turns":3},{"damage":12,"enemies":"Exordium Wildlife","floor":15,"turns":3},{"damage":9,"enemies":"SI_SHIV_ARCHETYPE","floor":16,"turns":7}],"seed_played":"958516594729164293","potions_obtained":[{"floor":5,"key":"DuplicationPotion"},{"floor":12,"key":"SkillPotion"},{"floor":14,"key":"SneckoOil"}],"is_trial":false,"path_per_floor":["R","?","M","M","M","R","T","?","?","$","?","?","$","M","M","B"],"character_chosen":"THE_SNECKO","items_purchased":["Membership Card","Mercury Hourglass","sneckomod:UnknownRareAttack","Gambling Chip","Orrery"],"campfire_rested":0,"item_purchase_floors":[10,10,10,13,13],"current_hp_per_floor":[99,99,99,97,93,93,93,93,93,82,82,41,36,21,9,0,0,0],"gold":41,"neow_bonus":"TEN_PERCENT_HP_BONUS","is_daily":false,"chose_seed":false,"campfire_upgraded":0,"win_rate":0.0,"timestamp":1613168173,"path_taken":["R","?","M","M","M","R","T","?","?","$","?","?","$","M","M","BOSS"],"items_purchased_type":["Relic","Relic","Card","Relic","Relic"],"build_version":"2020-12-22","purchased_purges":1,"victory":false,"max_hp_per_floor":[99,99,99,99,99,99,99,99,99,99,99,99,99,99,99,99,99,99],"relic_stats":{"Torii":33,"counters":[9,37],"Gambling Chip":[3],"obtain_stats":[{"Torii":7,"downfall:GremlinSack":12,"Gambling Chip":13,"Orrery":13,"Membership Card":10,"sneckomod:SneckoSoul":0,"Mercury Hourglass":10},{"Torii":3,"downfall:GremlinSack":5,"Gambling Chip":6,"Orrery":6,"Membership Card":4,"sneckomod:SneckoSoul":0,"Mercury Hourglass":4},{"Torii":11,"downfall:GremlinSack":20,"Gambling Chip":24,"Orrery":24,"Membership Card":15,"sneckomod:SneckoSoul":0,"Mercury Hourglass":15}],"Mercury Hourglass":[60]},"card_choices":[{"not_picked":["sneckomod:DiceBlock","sneckomod:Nope"],"picked":"sneckomod:UnknownDraw","floor":3},{"not_picked":["sneckomod:Nope","sneckomod:UnknownBlock"],"picked":"sneckomod:UnknownBoss","floor":4},{"not_picked":["sneckomod:WideSting","sneckomod:QuickMove"],"picked":"sneckomod:CheapStock","floor":5},{"not_picked":["sneckomod:DefensiveFlair","sneckomod:DiceBoulder"],"picked":"sneckomod:UnknownCommonAttack","floor":10},{"not_picked":["sneckomod:SoulDraw","sneckomod:SnekBeam"],"picked":"sneckomod:UnknownCommonSkill","floor":12},{"not_picked":["sneckomod:SlitherStrike","sneckomod:Nope"],"picked":"sneckomod:CheapStock","floor":13},{"not_picked":["sneckomod:UnknownCommonSkill","sneckomod:TrashToTreasure"],"picked":"sneckomod:UnknownWeak","floor":13},{"not_picked":["sneckomod:QuickBite","sneckomod:SoulExchange"],"picked":"sneckomod:UnknownUncommonSkill","floor":13},{"not_picked":["sneckomod:ImprovisedAttack","sneckomod:MasterEye"],"picked":"sneckomod:Unknown1Cost","floor":13},{"not_picked":["sneckomod:RainOfDice","sneckomod:UnknownWeak"],"picked":"sneckomod:UnknownBlock","floor":13},{"not_picked":["sneckomod:MasterEye","sneckomod:QuickMove"],"picked":"sneckomod:UnknownBlock","floor":13},{"not_picked":["sneckomod:SoulCleanse","sneckomod:MasterEye"],"picked":"sneckomod:SnakeSap","floor":14},{"not_picked":["sneckomod:SoulDraw","sneckomod:SoulCleanse"],"picked":"sneckomod:UnknownStrike","floor":15}],"player_experience":505908,"relics_obtained":[{"floor":7,"key":"Torii"},{"floor":12,"key":"downfall:GremlinSack"}],"event_choices":[],"is_beta":false,"boss_relics":[],"items_purged_floors":[10],"is_endless":false,"potions_floor_spawned":[5,12,14,15],"killed_by":"SI_SHIV_ARCHETYPE","ascension_level":0}}