{"host":"430uhlt86khcpuzd","time":1613119525,"event":{"mods":["2.2 Compatiblity","Act Like it!","Aspiration","Astrologer","BaseMod","Bestiary","Better Third Choice","Colored Powertips","Conspire","Curses Come First","Dark Map","Energized Spire","Googly Eyes","Halation","Hubris","Infinite Spire","Melee Mod","Minty Spire (QoL Compilation)","Rare Cards Sparkle","Relic Filter","Relic Sorter","Relic Stats","Reliquary","Replay The Spire","Small Relic Pack","StSLib","The Blue Laboratory","Wide Potions"],"gold_per_floor":[116,116,116,135,151,176,187,34,83,49,49,59,77,89,89,188,138,151,51,66,66,82,82,109,119,119,146,24,24,51,64,64,163,163,175,195,195,214,228,228,228],"floor_reached":40,"language":"ENG","playtime":3471,"items_purged":[],"score":527,"play_id":"e4fc9fb1-586d-4c5e-ba06-bbc24b103d5c","local_time":"20210212014525","is_ascension_mode":false,"campfire_choices":[{"floor":15,"key":"REST"},{"floor":23,"key":"REST"},{"floor":29,"key":"REST"},{"floor":32,"key":"REST"}],"circlet_count":0,"master_deck":["meleeMod_Jab","meleeMod_Jab","meleeMod_Jab","meleeMod_Jab","meleeMod_Shield","meleeMod_Shield","meleeMod_Shield","meleeMod_NeutralAir","meleeMod_BackAir","meleeMod_SoftKnee","meleeMod_CrouchCancel","meleeMod_BackAir","meleeMod_CrouchCancel","meleeMod_Knee","meleeMod_WallJump","meleeMod_PowerShield","meleeMod_DIMixUp","meleeMod_AmsahTech","meleeMod_WeTechThose","meleeMod_NippleSpike","meleeMod_WaveLand","meleeMod_ShieldDrop","meleeMod_Taunt+1","meleeMod_UpAir+1","meleeMod_WallJump+1","Pot Of Greed","Pot Of Greed","Pot Of Greed","meleeMod_SuperMushroom","meleeMod_DashDance+1","meleeMod_IKilledMufasa","meleeMod_EdgeCancel","meleeMod_ShieldPoke","meleeMod_UpTilt+1","meleeMod_UpAir+1","meleeMod_Cautious+1"],"relics":["meleeMod_LosersMang0","aspiration:Nostalgia","astrologer:SkyMirror","halation:PinkSoulGem","infinitespire:Golems Mask","Membership Card","Replay:Rubber Ducky","betterThird:SlimedRelic","energizedSpire:HugeHouse","Bronze Scales","Mercury Hourglass","reliquary:RoseTintedGlasses","Grinning Jar","Chameleon Ring","Girya","conspire:SpecialSausage"],"acts_visited":["Exordium","TheCity","TheBeyond"],"potions_floor_usage":[5,16,16,27,27,33,39],"damage_taken":[{"damage":0,"enemies":"Small Slimes","floor":1,"turns":2},{"damage":2,"enemies":"Jaw Worm","floor":4,"turns":2},{"damage":1,"enemies":"conspire:RoseBush","floor":5,"turns":3},{"damage":38,"enemies":"Gremlin Nob","floor":6,"turns":5},{"damage":0,"enemies":"2 Fungi Beasts","floor":7,"turns":2},{"damage":0,"enemies":"Red Slaver","floor":12,"turns":3},{"damage":3,"enemies":"Blue Slaver","floor":13,"turns":2},{"damage":0,"enemies":"3 Louse","floor":14,"turns":2},{"damage":0,"enemies":"Slime Boss","floor":16,"turns":4},{"damage":11,"enemies":"2 Thieves","floor":18,"turns":4},{"damage":0,"enemies":"Spheric Guardian","floor":20,"turns":3},{"damage":8,"enemies":"Cultist and Chosen","floor":22,"turns":6},{"damage":16,"enemies":"Nightmare","floor":24,"turns":8},{"damage":12,"enemies":"Snake Plant","floor":25,"turns":3},{"damage":2,"enemies":"Gremlin Leader","floor":27,"turns":3},{"damage":16,"enemies":"Slavers","floor":30,"turns":4},{"damage":13,"enemies":"Snecko","floor":31,"turns":5},{"damage":19,"enemies":"hubris:MusketHawk","floor":33,"turns":6},{"damage":0,"enemies":"Orb Walker","floor":35,"turns":2},{"damage":11,"enemies":"3 Shapes","floor":36,"turns":3},{"damage":10,"enemies":"Sphere and 2 Shapes","floor":38,"turns":4},{"damage":9,"enemies":"Maw","floor":39,"turns":6},{"damage":71,"enemies":"Reptomancer","floor":40,"turns":2}],"seed_played":"882604661082747075","potions_obtained":[{"floor":4,"key":"blueLaboratory:EmptyBottle"},{"floor":6,"key":"Venom Potion"},{"floor":13,"key":"DistilledChaos"},{"floor":22,"key":"blueLaboratory:StoneskinPotion"},{"floor":24,"key":"Energy Potion"},{"floor":30,"key":"blueLaboratory:ForbiddenFruitJuice"},{"floor":31,"key":"blueLaboratory:HorrorPotion"},{"floor":35,"key":"Block Potion"}],"is_trial":false,"path_per_floor":["M","?","?","M","M","E","M","$","T","?","?","M","M","M","R","B",null,"M","$","M","?","M","R","NM","M","T","E","$","R","E","M","R","B",null,"M","M","T","M","M","E"],"character_chosen":"FALCON","items_purchased":["Membership Card","Bronze Scales","blueLaboratory:BottleOfVodka","Chameleon Ring"],"campfire_rested":4,"item_purchase_floors":[8,19,19,28],"current_hp_per_floor":[85,85,85,83,82,44,44,44,44,33,33,33,30,30,55,55,80,69,69,69,69,61,80,64,52,52,50,50,74,58,45,69,50,80,80,69,69,59,50,0,0],"gold":228,"neow_bonus":"NOSTALGIA","is_daily":false,"chose_seed":false,"campfire_upgraded":0,"win_rate":0.0,"timestamp":1613119525,"path_taken":["M","?","?","M","?","E","M","$","T","?","?","?","M","M","R","BOSS","M","?","M","?","M","R","NM","?","T","E","$","R","E","M","R","BOSS","M","M","?","?","M","E"],"items_purchased_type":["Relic","Relic","Potion","Relic"],"build_version":"2020-12-22","purchased_purges":0,"victory":false,"max_hp_per_floor":[85,85,85,85,85,85,85,85,85,85,85,85,85,85,85,85,80,80,80,80,80,80,80,80,80,80,80,80,80,80,80,80,80,80,80,80,80,80,80,80,80],"relic_stats":{"counters":[23,84],"Bronze Scales":[150],"obtain_stats":[{"Girya":30,"aspiration:Nostalgia":0,"conspire:SpecialSausage":34,"Replay:Rubber Ducky":9,"Mercury Hourglass":24,"meleeMod_TeamBeerMang0":0,"Chameleon Ring":28,"betterThird:SlimedRelic":10,"Bronze Scales":19,"infinitespire:Golems Mask":6,"astrologer:SkyMirror":0,"reliquary:RoseTintedGlasses":26,"energizedSpire:HugeHouse":17,"Membership Card":8,"Grinning Jar":27,"halation:PinkSoulGem":3,"meleeMod_LosersMang0":40},{"Girya":16,"aspiration:Nostalgia":0,"conspire:SpecialSausage":18,"Replay:Rubber Ducky":5,"Mercury Hourglass":13,"meleeMod_TeamBeerMang0":0,"Chameleon Ring":15,"betterThird:SlimedRelic":5,"Bronze Scales":10,"infinitespire:Golems Mask":4,"astrologer:SkyMirror":0,"reliquary:RoseTintedGlasses":14,"energizedSpire:HugeHouse":9,"Membership Card":5,"Grinning Jar":15,"halation:PinkSoulGem":1,"meleeMod_LosersMang0":23},{"Girya":56,"aspiration:Nostalgia":0,"conspire:SpecialSausage":67,"Replay:Rubber Ducky":14,"Mercury Hourglass":46,"meleeMod_TeamBeerMang0":0,"Chameleon Ring":52,"betterThird:SlimedRelic":14,"Bronze Scales":29,"infinitespire:Golems Mask":12,"astrologer:SkyMirror":0,"reliquary:RoseTintedGlasses":49,"energizedSpire:HugeHouse":25,"Membership Card":14,"Grinning Jar":52,"halation:PinkSoulGem":2,"meleeMod_LosersMang0":84}],"Mercury Hourglass":[168]},"card_choices":[{"not_picked":["meleeMod_BackAir","meleeMod_DropZone"],"picked":"meleeMod_SoftKnee","floor":1},{"not_picked":["meleeMod_UpSmash","meleeMod_Pause"],"picked":"meleeMod_CrouchCancel","floor":4},{"not_picked":["meleeMod_ForwardTilt","meleeMod_GetUpAttack"],"picked":"meleeMod_BackAir","floor":5},{"not_picked":["meleeMod_CommandGrab","meleeMod_SweetSpot"],"picked":"meleeMod_CrouchCancel","floor":6},{"not_picked":["meleeMod_DownTilt","meleeMod_FalconKick"],"picked":"meleeMod_Knee","floor":7},{"not_picked":["meleeMod_VCancel","meleeMod_SuperSpicyCurry"],"picked":"meleeMod_PowerShield","floor":12},{"not_picked":["meleeMod_BackAir","meleeMod_UpSmash"],"picked":"meleeMod_DownSmash","floor":13},{"not_picked":["meleeMod_CommandGrab","meleeMod_ForwardSmash"],"picked":"meleeMod_DIMixUp","floor":14},{"not_picked":["meleeMod_EdgeGuard","meleeMod_Roll"],"picked":"meleeMod_AmsahTech","floor":16},{"not_picked":["meleeMod_UnclePunch","meleeMod_FalconDive"],"picked":"meleeMod_NippleSpike","floor":18},{"not_picked":["meleeMod_SweetSpot+1","meleeMod_SoftKnee+1"],"picked":"meleeMod_WaveLand","floor":20},{"not_picked":["meleeMod_L_Cancel","meleeMod_Pause"],"picked":"meleeMod_Taunt+1","floor":22},{"not_picked":["meleeMod_Cautious","meleeMod_Wildfire+1"],"picked":"meleeMod_UpAir+1","floor":24},{"not_picked":["meleeMod_DropZone","meleeMod_SomebodyClipThat"],"picked":"meleeMod_WallJump+1","floor":25},{"not_picked":["meleeMod_RapidJabs","meleeMod_FalconPunch"],"picked":"meleeMod_SuperMushroom","floor":27},{"not_picked":["meleeMod_NeutralAir","meleeMod_ForwardTilt"],"picked":"meleeMod_DashDance+1","floor":30},{"not_picked":["meleeMod_DownTilt","meleeMod_DownSmash"],"picked":"meleeMod_IKilledMufasa","floor":31},{"not_picked":["meleeMod_SDRemix","meleeMod_EdgeGuard"],"picked":"meleeMod_EdgeCancel","floor":33},{"not_picked":["meleeMod_RapidJabs","meleeMod_UpTilt"],"picked":"meleeMod_ShieldPoke","floor":35},{"not_picked":["meleeMod_Knee+1","meleeMod_RockCrock+1"],"picked":"meleeMod_UpTilt+1","floor":36},{"not_picked":["meleeMod_UpTilt","meleeMod_CommandGrab+1"],"picked":"meleeMod_UpAir+1","floor":38},{"not_picked":["meleeMod_DropZone","meleeMod_Fishing+1"],"picked":"meleeMod_Cautious+1","floor":39}],"player_experience":693330,"relics_obtained":[{"floor":6,"key":"infinitespire:Golems Mask"},{"floor":9,"key":"Replay:Rubber Ducky"},{"floor":24,"key":"Mercury Hourglass"},{"floor":26,"key":"reliquary:RoseTintedGlasses"},{"floor":27,"key":"Grinning Jar"},{"floor":30,"key":"Girya"}],"event_choices":[{"damage_healed":0,"gold_gain":0,"player_choice":"Slimed","damage_taken":11,"max_hp_gain":0,"max_hp_loss":0,"event_name":"betterThird:BetterGoop","floor":10,"gold_loss":34},{"damage_healed":0,"gold_gain":0,"cards_transformed":["meleeMod_Shield"],"player_choice":"Transformed","damage_taken":0,"max_hp_gain":0,"max_hp_loss":0,"event_name":"Transmorgrifier","floor":11,"gold_loss":0,"cards_obtained":["meleeMod_WallJump"]},{"damage_healed":0,"gold_gain":0,"cards_transformed":["meleeMod_Jab"],"player_choice":"Transformed","damage_taken":0,"max_hp_gain":0,"max_hp_loss":0,"event_name":"Transmorgrifier","floor":21,"gold_loss":0,"cards_obtained":["meleeMod_ShieldDrop"]}],"is_beta":false,"boss_relics":[{"not_picked":["infinitespire:Cupcake","reliquary:Ember"],"picked":"energizedSpire:HugeHouse"},{"not_picked":["halation:HeavySnake","halation:Prosthetics"],"picked":"conspire:SpecialSausage"}],"items_purged_floors":[],"is_endless":true,"potions_floor_spawned":[4,6,13,22,24,30,31,35],"killed_by":"Reptomancer","ascension_level":0}}