{"host":"uv5ws9rdk87e8i5k","time":1613146971,"event":{"mods":["AchievementEnabler","BaseMod","Colored Map","Minty Spire (QoL Compilation)","Permanent Neow","Quick Restart","StSLib","SuperFastMode","The Necromancer"],"gold_per_floor":[113,125,140,153,172,201,214,214,214,289,315,332,363,380,380,481,481,468,468,479,276,276,276],"floor_reached":22,"language":"ENG","playtime":706,"items_purged":["Strike_R"],"score":336,"play_id":"228614dc-50d2-491c-adfd-56949c738881","local_time":"20210212102251","is_ascension_mode":true,"campfire_choices":[{"data":"Demon Form","floor":8.0,"key":"SMITH"},{"data":"Havoc","floor":15.0,"key":"SMITH"}],"circlet_count":0,"master_deck":["AscendersBane","Strike_R","Defend_R","Defend_R","Defend_R","Defend_R","Bash","Demon Form+1","Rage","Uppercut","Shrug It Off","Shrug It Off","Shockwave","Flame Barrier","Dropkick","Seeing Red","Double Tap","Havoc+1","Fiend Fire","Havoc+1","Reckless Charge+1","Fiend Fire+1","Burning Pact","Clothesline","Pummel","Twin Strike"],"relics":["Burning Blood","Ginger","Eternal Feather","Regal Pillow","Boot","Astrolabe"],"acts_visited":["Exordium","TheCity"],"potions_floor_usage":[22],"damage_taken":[{"damage":3.0,"enemies":"2 Louse","floor":1.0,"turns":3.0},{"damage":7.0,"enemies":"Small Slimes","floor":2.0,"turns":4.0},{"damage":0.0,"enemies":"Cultist","floor":3.0,"turns":3.0},{"damage":21.0,"enemies":"Gremlin Gang","floor":4.0,"turns":6.0},{"damage":7.0,"enemies":"3 Louse","floor":5.0,"turns":5.0},{"damage":12.0,"enemies":"Lagavulin","floor":6.0,"turns":7.0},{"damage":0.0,"enemies":"Exordium Wildlife","floor":7.0,"turns":3.0},{"damage":24.0,"enemies":"Gremlin Nob","floor":11.0,"turns":4.0},{"damage":0.0,"enemies":"Looter","floor":12.0,"turns":4.0},{"damage":17.0,"enemies":"Lagavulin","floor":13.0,"turns":7.0},{"damage":4.0,"enemies":"3 Louse","floor":14.0,"turns":4.0},{"damage":13.0,"enemies":"Hexaghost","floor":16.0,"turns":7.0},{"damage":27,"enemies":"2 Thieves","floor":18,"turns":4},{"damage":2,"enemies":"3 Byrds","floor":20,"turns":5},{"damage":0,"enemies":"Snecko","floor":22,"turns":1}],"seed_played":"-3315609289465890284","potions_obtained":[{"floor":3.0,"key":"DistilledChaos"},{"floor":4.0,"key":"SneckoOil"},{"floor":6.0,"key":"Regen Potion"},{"floor":14.0,"key":"PowerPotion"},{"floor":16.0,"key":"DistilledChaos"}],"is_trial":false,"path_per_floor":["M","M","M","M","M","E","M","R","T","?","E","M","E","M","R","B",null,"M","?","M","$","M"],"character_chosen":"IRONCLAD","items_purchased":["Pummel","Twin Strike"],"campfire_rested":0,"item_purchase_floors":[21,21],"current_hp_per_floor":[75,74,80,65,64,58,64,64,64,53,47,53,42,44,56,49,72,51,51,55,55,55,55],"gold":276,"neow_bonus":"ONE_RANDOM_RARE_CARD","is_daily":false,"chose_seed":false,"campfire_upgraded":2,"win_rate":0.0,"timestamp":1613146971,"path_taken":["M","M","M","M","M","E","M","R","T","?","E","M","E","M","R","BOSS","M","?","M","$","M"],"items_purchased_type":["Card","Card"],"build_version":"2020-12-22","purchased_purges":1,"victory":false,"max_hp_per_floor":[80,80,80,80,80,80,80,80,80,80,80,80,80,80,80,80,80,80,80,80,80,80,80],"card_choices":[{"not_picked":["Warcry","Perfected Strike"],"picked":"Rage","floor":1.0},{"not_picked":["Clothesline","Headbutt"],"picked":"Uppercut","floor":2.0},{"not_picked":["Entrench","Pommel Strike"],"picked":"Shrug It Off","floor":3.0},{"not_picked":["Pummel","Reckless Charge"],"picked":"Shrug It Off","floor":4.0},{"not_picked":["Twin Strike","Perfected Strike"],"picked":"Shockwave","floor":5.0},{"not_picked":["Flex","Warcry"],"picked":"Flame Barrier","floor":6.0},{"not_picked":["Warcry","Pommel Strike"],"picked":"Dropkick","floor":7.0},{"not_picked":["Iron Wave","Inflame","Hemokinesis"],"picked":"SKIP","floor":11.0},{"not_picked":["Rupture","Brutality"],"picked":"Seeing Red","floor":12.0},{"not_picked":["Twin Strike","Flex"],"picked":"Double Tap","floor":13.0},{"not_picked":["Headbutt","Dark Embrace"],"picked":"Havoc","floor":14.0},{"not_picked":["Brutality","Bludgeon"],"picked":"Fiend Fire","floor":16.0},{"not_picked":["Wild Strike","Body Slam+1"],"picked":"Burning Pact","floor":18},{"not_picked":["Carnage","Combust"],"picked":"Clothesline","floor":20}],"player_experience":154812,"relics_obtained":[{"floor":6.0,"key":"Ginger"},{"floor":9.0,"key":"Eternal Feather"},{"floor":11.0,"key":"Regal Pillow"},{"floor":13.0,"key":"Boot"}],"event_choices":[{"damage_healed":0.0,"max_hp_gain":0.0,"max_hp_loss":0.0,"gold_gain":75.0,"event_name":"World of Goop","player_choice":"Gather Gold","floor":10.0,"gold_loss":0.0,"damage_taken":11.0},{"damage_healed":0,"gold_gain":0,"player_choice":"0 cards matched","damage_taken":0,"max_hp_gain":0,"max_hp_loss":0,"event_name":"Match and Keep!","floor":19,"gold_loss":0,"cards_obtained":[]}],"is_beta":false,"boss_relics":[{"not_picked":["Fusion Hammer","Sozu"],"picked":"Astrolabe"}],"items_purged_floors":[21],"is_endless":false,"potions_floor_spawned":[3,4,5,6,14,16],"killed_by":"Snecko","ascension_level":12}}