{"host":"xg4r5pv6chpuampg","time":1613114232,"event":{"mods":["AchievementEnabler","BaseMod","Googly Eyes","Minty Spire (QoL Compilation)"],"gold_per_floor":[115,134,150,325,338,373,5,21,94,94,104,122,139,139,139,235,235,249,249,22,22,0,27,27,33,33,43,63,75,75,93,93,191,191,210,210,229,244,290,290,290],"floor_reached":40,"language":"ENG","playtime":2117,"items_purged":[],"score":439,"play_id":"f0c33a46-6ea5-42ae-89c3-eda119232ac9","local_time":"20210212101712","is_ascension_mode":false,"campfire_choices":[{"floor":15,"key":"REST"},{"floor":24,"key":"RECALL"},{"floor":30,"key":"REST"},{"floor":32,"key":"REST"}],"circlet_count":0,"master_deck":["Strike_B","Strike_B","Strike_B","Defend_B","Defend_B","Defend_B","Defend_B","Zap","Dualcast","Ball Lightning","Rebound","Auto Shields","Static Discharge+1","Conserve Battery","Genetic Algorithm","Core Surge","Machine Learning","Melter","Defragment","Static Discharge","Lockon","Electrodynamics","Buffer","Capacitor+1"],"relics":["Cracked Core","NeowsBlessing","Shuriken","Incense Burner","Pear","Inserter","Lee\u0027s Waffle","Torii","Nuclear Battery","Bag of Marbles"],"acts_visited":["Exordium","TheCity","TheBeyond"],"potions_floor_usage":[6,16,33,33],"damage_taken":[{"damage":0,"enemies":"Cultist","floor":1,"turns":1},{"damage":0,"enemies":"Jaw Worm","floor":2,"turns":1},{"damage":0,"enemies":"2 Louse","floor":3,"turns":1},{"damage":1,"enemies":"Exordium Thugs","floor":5,"turns":5},{"damage":31,"enemies":"Lagavulin","floor":6,"turns":6},{"damage":6,"enemies":"Blue Slaver","floor":8,"turns":4},{"damage":0,"enemies":"Looter","floor":11,"turns":4},{"damage":9,"enemies":"Exordium Wildlife","floor":12,"turns":3},{"damage":7,"enemies":"Blue Slaver","floor":13,"turns":3},{"damage":32,"enemies":"Hexaghost","floor":16,"turns":9},{"damage":14,"enemies":"Spheric Guardian","floor":18,"turns":5},{"damage":18,"enemies":"Book of Stabbing","floor":23,"turns":4},{"damage":12,"enemies":"2 Thieves","floor":25,"turns":4},{"damage":21,"enemies":"Sentry and Sphere","floor":27,"turns":3},{"damage":9,"enemies":"Snake Plant","floor":28,"turns":4},{"damage":25,"enemies":"Cultist and Chosen","floor":29,"turns":5},{"damage":30,"enemies":"Centurion and Healer","floor":31,"turns":3},{"damage":21,"enemies":"Collector","floor":33,"turns":7},{"damage":1,"enemies":"3 Shapes","floor":35,"turns":4},{"damage":16,"enemies":"3 Darklings","floor":37,"turns":3},{"damage":57,"enemies":"Spire Growth","floor":38,"turns":4},{"damage":27,"enemies":"Transient","floor":40,"turns":4}],"seed_played":"-8576879999837366545","potions_obtained":[{"floor":2,"key":"Regen Potion"},{"floor":8,"key":"Energy Potion"},{"floor":11,"key":"DistilledChaos"},{"floor":13,"key":"Dexterity Potion"},{"floor":16,"key":"LiquidMemories"},{"floor":29,"key":"Block Potion"},{"floor":33,"key":"PowerPotion"},{"floor":38,"key":"GamblersBrew"}],"is_trial":false,"path_per_floor":["M","M","M","?","M","E","$","M","T","?","M","M","M","?","R","B",null,"M","?","$","?","?","E","R","M","T","M","M","M","R","M","R","B",null,"M","?","M","M","T","M"],"character_chosen":"DEFECT","items_purchased":["Incense Burner","Genetic Algorithm","Defragment","Lee\u0027s Waffle"],"campfire_rested":3,"item_purchase_floors":[7,7,20,20],"current_hp_per_floor":[75,75,75,75,74,52,52,46,56,56,56,47,40,40,65,33,85,71,55,97,97,97,79,79,67,67,46,37,12,41,11,40,19,97,96,96,80,23,23,0,0],"gold":290,"neow_bonus":"THREE_ENEMY_KILL","is_daily":false,"chose_seed":false,"campfire_upgraded":0,"win_rate":0.0,"timestamp":1613114232,"path_taken":["M","M","?","?","M","E","$","M","T","?","M","?","M","?","R","BOSS","M","?","$","?","?","E","R","M","T","M","M","?","R","M","R","BOSS","M","?","M","?","?","M"],"items_purchased_type":["Relic","Card","Card","Relic"],"build_version":"2020-12-22","purchased_purges":0,"victory":false,"max_hp_per_floor":[75,75,75,75,75,75,75,75,85,85,85,85,85,85,85,85,85,85,90,97,97,97,97,97,97,97,97,97,97,97,97,97,97,97,97,97,97,97,97,97,97],"card_choices":[{"not_picked":["Compile Driver","Beam Cell"],"picked":"Ball Lightning","floor":1},{"not_picked":["Hologram","Ball Lightning"],"picked":"Rebound","floor":2},{"not_picked":["Barrage","Sunder"],"picked":"Auto Shields","floor":3},{"not_picked":["Scrape","Conserve Battery"],"picked":"Static Discharge","floor":5},{"not_picked":["Amplify","Rip and Tear"],"picked":"Conserve Battery","floor":6},{"not_picked":["Leap","Gash","Turbo"],"picked":"SKIP","floor":8},{"not_picked":["Recycle","Reinforced Body","BootSequence"],"picked":"SKIP","floor":11},{"not_picked":["Double Energy","Skim","Force Field"],"picked":"SKIP","floor":12},{"not_picked":["Coolheaded","Scrape","Cold Snap"],"picked":"SKIP","floor":13},{"not_picked":["Core Surge","Meteor Strike"],"picked":"Machine Learning","floor":16},{"not_picked":["White Noise+1","Streamline"],"picked":"Melter","floor":18},{"not_picked":["Stack","Recycle","Scrape"],"picked":"SKIP","floor":23},{"not_picked":["Double Energy","Recycle","Aggregate"],"picked":"SKIP","floor":25},{"not_picked":["Hello World","Sweeping Beam","Hologram"],"picked":"SKIP","floor":27},{"not_picked":["Cold Snap","Hologram"],"picked":"Lockon","floor":28},{"not_picked":["Gash","Conserve Battery+1"],"picked":"Electrodynamics","floor":29},{"not_picked":["Stack","Fusion","Aggregate"],"picked":"SKIP","floor":31},{"not_picked":["Fission","Amplify"],"picked":"Buffer","floor":33},{"not_picked":["Tempest","Stack+1"],"picked":"Capacitor+1","floor":35},{"not_picked":["Leap+1","Compile Driver","Rebound"],"picked":"SKIP","floor":37},{"not_picked":["Skim+1","Streamline+1","Recycle"],"picked":"SKIP","floor":38}],"player_experience":112263,"relics_obtained":[{"floor":6,"key":"Shuriken"},{"floor":9,"key":"Pear"},{"floor":23,"key":"Torii"},{"floor":39,"key":"Bag of Marbles"}],"event_choices":[{"damage_healed":0,"gold_gain":175,"player_choice":"AGREE","damage_taken":0,"max_hp_gain":0,"max_hp_loss":0,"event_name":"Liars Game","floor":4,"gold_loss":0,"cards_obtained":["Doubt"]},{"damage_healed":0,"gold_gain":0,"player_choice":"Upgraded","damage_taken":0,"max_hp_gain":0,"max_hp_loss":0,"event_name":"Upgrade Shrine","floor":10,"gold_loss":0,"cards_upgraded":["Static Discharge"]},{"damage_healed":0,"gold_gain":0,"cards_transformed":["Strike_B"],"player_choice":"Transformed","damage_taken":0,"max_hp_gain":0,"max_hp_loss":0,"event_name":"Transmorgrifier","floor":14,"gold_loss":0,"cards_obtained":["Core Surge"]},{"damage_healed":0,"gold_gain":0,"player_choice":"Shed Blood","damage_taken":21,"max_hp_gain":5,"max_hp_loss":0,"event_name":"Forgotten Altar","floor":19,"gold_loss":0},{"damage_healed":0,"gold_gain":0,"player_choice":"Read","damage_taken":0,"max_hp_gain":0,"max_hp_loss":0,"event_name":"The Library","floor":21,"gold_loss":0,"cards_obtained":["Static Discharge"]},{"damage_healed":0,"gold_gain":0,"player_choice":"Paid Fearfully","damage_taken":0,"max_hp_gain":0,"max_hp_loss":0,"event_name":"Masked Bandits","floor":22,"gold_loss":22},{"cards_removed":["Doubt"],"damage_healed":0,"gold_gain":0,"player_choice":"Removed Curses","damage_taken":0,"max_hp_gain":0,"max_hp_loss":0,"event_name":"Fountain of Cleansing","floor":36,"gold_loss":0}],"is_beta":false,"boss_relics":[{"not_picked":["SlaversCollar","Black Star"],"picked":"Inserter"},{"not_picked":["Astrolabe","Pandora\u0027s Box"],"picked":"Nuclear Battery"}],"items_purged_floors":[],"is_endless":false,"potions_floor_spawned":[2,8,11,13,16,18,23,25,29,33,38],"killed_by":"Transient","ascension_level":0}}