{"host":"ye7d4ryr9chum4px","time":1613112797,"event":{"mods":["AchievementEnabler","BaseMod","Colored Powertips","DeckTracker","Minty Spire (QoL Compilation)","Relic Sorter"],"gold_per_floor":[118,118,129,129,141,167,167,167,167,184,218,218,19,50,50,149,149,167,100,100,100,100,135,135,149,217,217,20,20,34,69,69,168,218,229,243,243,243,243,261,294,294,294,294,294,314,346,153,153,153,153,153,7,7,7],"floor_reached":54,"language":"ENG","playtime":6430,"items_purged":[],"score":798,"play_id":"ac3b31a9-d205-4e91-ab8b-d00f6cec86c9","local_time":"20210211225317","is_ascension_mode":false,"campfire_choices":[{"floor":7.0,"key":"REST"},{"floor":12.0,"key":"REST"},{"floor":15.0,"key":"REST"},{"data":"Sadistic Nature","floor":24.0,"key":"SMITH"},{"data":"Aggregate","floor":27.0,"key":"SMITH"},{"floor":32.0,"key":"RECALL"},{"data":"Echo Form","floor":45.0,"key":"SMITH"},{"data":"Apotheosis","floor":49.0,"key":"SMITH"},{"data":"Ghostly","floor":52.0,"key":"SMITH"}],"circlet_count":0,"master_deck":["Strike_B","Strike_B","Strike_B","Strike_B+1","Defend_B+1","Defend_B","Defend_B","Defend_B","Zap","Dualcast","Sadistic Nature+1","White Noise+1","Steam Power","Beam Cell","Cold Snap","Aggregate+1","Static Discharge","Go for the Eyes+1","Consume","Thunder Strike","Beam Cell+1","Storm","Ghostly+1","Ghostly","Ghostly","Ghostly","Ghostly","Glacier","Capacitor","Core Surge","Gash+1","Leap+1","Doom and Gloom+1","Echo Form+1","Stack+1","Streamline+1","Tempest+1","Magnetism","Dark Shackles","Mayhem","Madness","Madness","Rebound+1","Chaos+1","Force Field","Fission","Apotheosis+1","Rip and Tear","Defragment"],"relics":["Cracked Core","Bird Faced Urn","Nunchaku","Spirit Poop","Question Card","Juzu Bracelet","Membership Card","Matryoshka","SlaversCollar","PreservedInsect","Blue Candle","The Courier","Torii","Whetstone","Tiny House","Emotion Chip","Regal Pillow","Toy Ornithopter","Smiling Mask","Ginger","HandDrill"],"acts_visited":["Exordium","TheCity","TheBeyond","TheEnding"],"potions_floor_usage":[54],"damage_taken":[{"damage":2.0,"enemies":"2 Louse","floor":1.0,"turns":3.0},{"damage":10.0,"enemies":"Jaw Worm","floor":3.0,"turns":4.0},{"damage":5.0,"enemies":"Cultist","floor":5.0,"turns":3.0},{"damage":33.0,"enemies":"Lagavulin","floor":6.0,"turns":6.0},{"damage":13.0,"enemies":"Exordium Thugs","floor":10.0,"turns":4.0},{"damage":26.0,"enemies":"3 Sentries","floor":11.0,"turns":8.0},{"damage":20.0,"enemies":"Gremlin Nob","floor":14.0,"turns":4.0},{"damage":13.0,"enemies":"Slime Boss","floor":16.0,"turns":13.0},{"damage":10.0,"enemies":"Chosen","floor":18.0,"turns":4.0},{"damage":0.0,"enemies":"2 Thieves","floor":21.0,"turns":1.0},{"damage":25.0,"enemies":"Slavers","floor":23.0,"turns":5.0},{"damage":0.0,"enemies":"Centurion and Healer","floor":25.0,"turns":6.0},{"damage":4.0,"enemies":"Snake Plant","floor":30.0,"turns":5.0},{"damage":0.0,"enemies":"Book of Stabbing","floor":31.0,"turns":7.0},{"damage":1.0,"enemies":"Collector","floor":33.0,"turns":10.0},{"damage":23.0,"enemies":"3 Shapes","floor":35.0,"turns":6.0},{"damage":1.0,"enemies":"Orb Walker","floor":36.0,"turns":4.0},{"damage":5.0,"enemies":"Sphere and 2 Shapes","floor":40.0,"turns":7.0},{"damage":5.0,"enemies":"Reptomancer","floor":41.0,"turns":6.0},{"damage":7.0,"enemies":"Jaw Worm Horde","floor":46.0,"turns":9.0},{"damage":6.0,"enemies":"Nemesis","floor":47.0,"turns":3.0},{"damage":33.0,"enemies":"Awakened One","floor":50.0,"turns":11.0},{"damage":64,"enemies":"Shield and Spear","floor":54,"turns":3}],"seed_played":"-1275683897524901692","potions_obtained":[{"floor":1.0,"key":"AttackPotion"},{"floor":3.0,"key":"SmokeBomb"},{"floor":6.0,"key":"Ancient Potion"},{"floor":11.0,"key":"Dexterity Potion"},{"floor":23.0,"key":"SkillPotion"},{"floor":33.0,"key":"Swift Potion"},{"floor":34.0,"key":"FairyPotion"},{"floor":35.0,"key":"DistilledChaos"},{"floor":36.0,"key":"Strength Potion"},{"floor":41.0,"key":"Strength Potion"},{"floor":47.0,"key":"Strength Potion"}],"is_trial":false,"path_per_floor":["M","?","M","?","M","E","R","?","T","M","E","R","$","E","R","B",null,"M","$","?","M","?","E","R","M","T","R","$","?","M","E","R","B",null,"M","M","?","?","?","M","E","?","T","?","R","M","E","$","R","B",null,"R","$","E"],"character_chosen":"DEFECT","items_purchased":["Membership Card","Static Discharge","Go for the Eyes","Fruit Juice","Storm","Torii","Core Surge","Gash","Apotheosis","Ginger","HandDrill","BlessingOfTheForge","BlessingOfTheForge","Rip and Tear","Defragment"],"campfire_rested":3,"item_purchase_floors":[13,13,13,19,19,28,28,28,48,48,53,53,53,53,53],"current_hp_per_floor":[73,58,48,48,47,18,40,40,40,35,13,35,35,21,43,36,75,67,67,67,67,42,23,23,31,31,31,31,31,35,42,42,41,47,44,47,37,37,31,40,45,45,45,45,45,41,46,46,46,21,47,47,47,0,0],"gold":7,"neow_bonus":"RANDOM_COLORLESS_2","is_daily":false,"chose_seed":false,"campfire_upgraded":5,"win_rate":0.0,"timestamp":1613112797,"path_taken":["M","?","M","?","M","E","R","?","T","?","E","R","?","E","R","BOSS","M","$","?","M","?","E","R","M","T","R","$","?","M","E","R","BOSS","M","M","?","?","?","M","E","?","T","?","R","M","E","?","R","BOSS","R","$","E"],"items_purchased_type":["Relic","Card","Card","Potion","Card","Relic","Card","Card","Card","Relic","Relic","Potion","Potion","Card","Card"],"build_version":"2020-12-22","purchased_purges":0,"victory":false,"max_hp_per_floor":[75,75,75,75,75,75,75,75,75,75,75,75,75,75,75,75,75,75,75,75,75,42,42,42,42,42,42,42,42,42,42,42,42,47,47,47,47,47,47,47,47,47,47,47,47,47,47,47,47,47,47,47,47,47,47],"card_choices":[{"not_picked":["Secret Weapon","Secret Technique"],"picked":"Sadistic Nature","floor":0.0},{"not_picked":["Cold Snap","Redo"],"picked":"White Noise","floor":1.0},{"not_picked":["Coolheaded","Chill"],"picked":"Steam Power","floor":3.0},{"not_picked":["Sunder","Rebound"],"picked":"Beam Cell","floor":5.0},{"not_picked":["Sweeping Beam","Rebound"],"picked":"Cold Snap","floor":6.0},{"not_picked":["Streamline","Stack","Ball Lightning"],"picked":"All For One","floor":10.0},{"not_picked":["Doom and Gloom","Consume","Glacier"],"picked":"Aggregate","floor":11.0},{"not_picked":["Compile Driver","Beam Cell","Coolheaded"],"picked":"Consume","floor":14.0},{"not_picked":["Multi-Cast","Machine Learning","Hyperbeam"],"picked":"Thunder Strike","floor":16.0},{"not_picked":["Compile Driver","Stack","Barrage"],"picked":"Beam Cell+1","floor":18.0},{"not_picked":["Go for the Eyes","Steam","Undo+1"],"picked":"Glacier","floor":23.0},{"not_picked":["Conserve Battery","Leap+1","Streamline+1"],"picked":"Capacitor","floor":25.0},{"not_picked":["Conserve Battery","Redo","Beam Cell+1"],"picked":"Leap+1","floor":30.0},{"not_picked":["Redo","Hyperbeam","Go for the Eyes"],"picked":"Doom and Gloom+1","floor":31.0},{"not_picked":["Creative AI","Biased Cognition","Machine Learning"],"picked":"Echo Form","floor":33.0},{"not_picked":["Ball Lightning","Consume","Compile Driver+1"],"picked":"Stack+1","floor":34.0},{"not_picked":["Heatsinks+1","Leap+1","Beam Cell"],"picked":"Streamline+1","floor":35.0},{"not_picked":["Rebound+1","Streamline","BootSequence"],"picked":"Tempest+1","floor":36.0},{"not_picked":["Finesse","Deep Breath","Forethought"],"picked":"Magnetism","floor":37.0},{"not_picked":["Impatience","Good Instincts","Finesse"],"picked":"Dark Shackles","floor":37.0},{"not_picked":["Deep Breath","Secret Weapon","Thinking Ahead"],"picked":"Mayhem","floor":37.0},{"not_picked":["Recycle","Go for the Eyes","Turbo"],"picked":"Rebound+1","floor":40.0},{"not_picked":["Reprogram","Consume","Skim+1"],"picked":"Chaos+1","floor":41.0},{"not_picked":["Ball Lightning","Go for the Eyes+1","Leap"],"picked":"Force Field","floor":46.0},{"not_picked":["Leap","Defragment","Barrage"],"picked":"Fission","floor":47.0}],"player_experience":247197,"relics_obtained":[{"floor":6.0,"key":"Nunchaku"},{"floor":9.0,"key":"Question Card"},{"floor":11.0,"key":"Juzu Bracelet"},{"floor":14.0,"key":"Matryoshka"},{"floor":23.0,"key":"Blue Candle"},{"floor":26.0,"key":"The Courier"},{"floor":31.0,"key":"Whetstone"},{"floor":41.0,"key":"Emotion Chip"},{"floor":43.0,"key":"Regal Pillow"},{"floor":43.0,"key":"Toy Ornithopter"},{"floor":47.0,"key":"Smiling Mask"}],"event_choices":[{"damage_healed":0.0,"max_hp_gain":0.0,"max_hp_loss":0.0,"gold_gain":0.0,"event_name":"Shining Light","player_choice":"Entered Light","floor":2.0,"gold_loss":0.0,"damage_taken":15.0,"cards_upgraded":["White Noise","Defend_B"]},{"damage_healed":0.0,"max_hp_gain":0.0,"max_hp_loss":0.0,"gold_gain":0.0,"event_name":"Big Fish","player_choice":"Box","floor":4.0,"gold_loss":0.0,"damage_taken":0.0,"relics_obtained":["Bird Faced Urn"],"cards_obtained":["Regret"]},{"cards_removed":["Regret"],"damage_healed":0.0,"max_hp_gain":0.0,"max_hp_loss":0.0,"gold_gain":0.0,"event_name":"Bonfire Elementals","player_choice":"Offered Curse","floor":8.0,"gold_loss":0.0,"damage_taken":0.0,"relics_obtained":["Spirit Poop"]},{"damage_healed":0.0,"max_hp_gain":0.0,"max_hp_loss":0.0,"gold_gain":0.0,"event_name":"The Mausoleum","player_choice":"Opened","floor":20.0,"gold_loss":0.0,"damage_taken":0.0,"relics_obtained":["PreservedInsect"]},{"damage_healed":0.0,"max_hp_gain":0.0,"max_hp_loss":38.0,"gold_gain":0.0,"event_name":"Ghosts","player_choice":"Became a Ghost","floor":22.0,"gold_loss":0.0,"damage_taken":0.0,"cards_obtained":["Ghostly","Ghostly","Ghostly","Ghostly","Ghostly"]},{"cards_removed":["Decay"],"damage_healed":0.0,"max_hp_gain":0.0,"max_hp_loss":0.0,"gold_gain":0.0,"event_name":"Back to Basics","player_choice":"Elegance","floor":29.0,"gold_loss":0.0,"damage_taken":0.0},{"damage_healed":0.0,"max_hp_gain":0.0,"max_hp_loss":0.0,"gold_gain":0.0,"event_name":"SensoryStone","player_choice":"Memory 3","floor":37.0,"gold_loss":0.0,"damage_taken":10.0},{"cards_removed":["All For One"],"damage_healed":0.0,"max_hp_gain":0.0,"max_hp_loss":0.0,"gold_gain":0.0,"event_name":"Falling","player_choice":"Removed Attack","floor":38.0,"gold_loss":0.0,"damage_taken":0.0},{"damage_healed":0.0,"max_hp_gain":0.0,"max_hp_loss":0.0,"gold_gain":0.0,"event_name":"Winding Halls","player_choice":"Embrace Madness","floor":39.0,"gold_loss":0.0,"damage_taken":6.0,"cards_obtained":["Madness","Madness"]},{"damage_healed":0.0,"max_hp_gain":0.0,"max_hp_loss":0.0,"gold_gain":0.0,"event_name":"Tomb of Lord Red Mask","player_choice":"Ignored","floor":42.0,"gold_loss":0.0,"damage_taken":0.0},{"damage_healed":0.0,"max_hp_gain":0.0,"max_hp_loss":0.0,"gold_gain":0.0,"event_name":"Mysterious Sphere","player_choice":"Ignored","floor":44.0,"gold_loss":0.0,"damage_taken":0.0}],"is_beta":false,"boss_relics":[{"not_picked":["Sozu","Nuclear Battery"],"picked":"SlaversCollar"},{"not_picked":["Cursed Key","Empty Cage"],"picked":"Tiny House"}],"items_purged_floors":[],"is_endless":false,"potions_floor_spawned":[1,3,6,11,21,23,33,35,36,41,47],"killed_by":"Shield and Spear","ascension_level":0}}