{"host":"17xjy7b7ubl548g2","time":1613093806,"event":{"mods":["2.2 Compatiblity","Act Like it!","Aspiration","Astrologer","Bard","BaseMod","Challenge The Spire","ChefMod","Colored Map","Colored Powertips","Conspire","Elementarium","Energized Spire","Gensokyo","GifTheSpireLib","Halation","Hallownest","Hermit","Hubris","Infinite Spire","Jedi Mod","Jorbs\u0027s Wanderer Trilogy","Marisa（霧雨　魔理沙）","Marked Mod","Menagerie","Minty Spire (QoL Compilation)","Permanent Neow","Reliquary","Replay The Spire","Robot Space Explorer","Spicy Shops","Spire Arcade","StSLib","Stuff the Spire","The Blue Laboratory","The Bug Knight","The Construct","The Disciple","The Hayseed","The Hierophant","The Marked","The Runesmith","The Sage","TheFirefly"],"gold_per_floor":[116,132,57,74,74,101,101,59,59,59,69,69,85,114,114,215,215,231,0,18,35,35,69,69,82,82,82,82],"floor_reached":27,"language":"ENG","playtime":2654,"items_purged":["theMarked:Strike"],"score":334,"play_id":"6f8c2fd5-7ede-4cac-a18c-fdb94a407364","local_time":"20210211203646","is_ascension_mode":true,"campfire_choices":[{"data":"theMarked:SoldierOfQuellstein","floor":7,"key":"SMITH"},{"data":"theMarked:ComboAttacks","floor":10,"key":"SMITH"},{"data":"theMarked:SelfDefenseTraining","floor":12,"key":"SMITH"},{"data":"theMarked:BanishingWave","floor":15,"key":"SMITH"},{"data":"theMarked:StartUp","floor":24,"key":"SMITH"}],"circlet_count":0,"master_deck":["theMarked:Strike","theMarked:Strike","theMarked:Defend","theMarked:Defend+1","theMarked:Defend","theMarked:Defend+1","theMarked:SoldierOfQuellstein+1","theMarked:ElectricStrings","theMarked:SelfDefenseTraining+1","theMarked:ComboAttacks+1","theMarked:ChainLightning+1","theMarked:BanishingWave+1","theMarked:Parkour","theMarked:MagusForm","theMarked:AttractMetal+1","theMarked:EmpowerWeapon+1","theMarked:Standoff","theMarked:StartUp+1"],"relics":["theMarked:ArtifactOfAir","Onion Ring","Bag of Marbles","Replay:Mystery Machine","reliquary:Ember","HollowMod:StagPassRelic","Chameleon Ring","Frozen Eye"],"acts_visited":["Exordium","Gensokyo:Gensokyo"],"potions_floor_usage":[6,14,16,23,25,27],"damage_taken":[{"damage":0.0,"enemies":"Gensokyo:3_Fairies","floor":1.0,"turns":4.0},{"damage":2.0,"enemies":"Gensokyo:2_Kodama","floor":2.0,"turns":5.0},{"damage":0.0,"enemies":"Gensokyo:Python","floor":4.0,"turns":4.0},{"damage":5,"enemies":"Gensokyo:Cirno","floor":6,"turns":6},{"damage":2,"enemies":"Gensokyo:Gryphon_and_Rabbit","floor":11,"turns":4},{"damage":0,"enemies":"Gensokyo:VengefulSpirit","floor":13,"turns":4},{"damage":2,"enemies":"Gensokyo:Aya","floor":14,"turns":3},{"damage":11,"enemies":"Gensokyo:Kokoro","floor":16,"turns":10},{"damage":2,"enemies":"Gensokyo:2_Gloops","floor":18,"turns":4},{"damage":1,"enemies":"Gensokyo:AngelMirror","floor":20,"turns":2},{"damage":27,"enemies":"Gensokyo:3_Gloops","floor":21,"turns":5},{"damage":14,"enemies":"Gensokyo:Reisen","floor":23,"turns":4},{"damage":10,"enemies":"Gensokyo:Wraith","floor":25,"turns":5},{"damage":6,"enemies":"Gensokyo:Koishi","floor":27,"turns":3}],"seed_played":"1447883059027172636","potions_obtained":[{"floor":1.0,"key":"LifebloodPotion"},{"floor":6,"key":"Block Potion"},{"floor":13,"key":"blueLaboratory:CorrosionFlask"},{"floor":14,"key":"Strength Potion"},{"floor":20,"key":"blueLaboratory:SavagePotion"},{"floor":23,"key":"Weak Potion"}],"is_trial":false,"path_per_floor":["M","M","$","M","?","E","R","COS","T","R","M","R","M","E","R","B",null,"M","?","M","M","?","E","R","M","T","E"],"character_chosen":"THE_DEFAULT","items_purchased":[],"campfire_rested":0,"item_purchase_floors":[],"current_hp_per_floor":[45,43,43,43,50,45,45,45,45,45,43,43,43,41,41,30,60,58,58,57,30,30,16,16,6,6,0,0],"gold":82,"neow_bonus":"REMOVE_TWO","is_daily":false,"chose_seed":false,"campfire_upgraded":5,"win_rate":0.0,"timestamp":1613093806,"path_taken":["M","?","$","M","?","E","R","COS","T","R","M","R","?","E","R","BOSS","M","?","M","M","?","E","R","M","T","E"],"items_purchased_type":[],"build_version":"2020-12-22","purchased_purges":1,"victory":false,"max_hp_per_floor":[70,70,70,70,70,70,70,70,70,70,70,70,70,70,70,70,70,70,70,70,70,70,70,70,70,70,70,70],"card_choices":[{"not_picked":["theMarked:Aftermath","theMarked:HeightenedSenses"],"picked":"theMarked:ElectricStrings","floor":1.0},{"not_picked":["theMarked:WastefulAttack","theMarked:Aftermath"],"picked":"theMarked:SelfDefenseTraining","floor":2.0},{"not_picked":["theMarked:Standoff","theMarked:Frustration"],"picked":"theMarked:ComboAttacks","floor":4.0},{"not_picked":["theMarked:Defy","theMarked:Memento"],"picked":"theMarked:ChainLightning","floor":6},{"not_picked":["theMarked:Generate","theMarked:Parry","theMarked:Memento"],"picked":"SKIP","floor":11},{"not_picked":["theMarked:EmpowerWeapon","theMarked:Electrify"],"picked":"theMarked:BanishingWave","floor":13},{"not_picked":["theMarked:TheMission","theMarked:TunnelVision"],"picked":"theMarked:Parkour","floor":14},{"not_picked":["theMarked:FavorableWinds","theMarked:Levitate"],"picked":"theMarked:MagusForm","floor":16},{"not_picked":["theMarked:TwofoldDefense","theMarked:Memento"],"picked":"theMarked:AttractMetal+1","floor":18},{"not_picked":["theMarked:ContemptForTheProud","theMarked:Memento"],"picked":"theMarked:EmpowerWeapon+1","floor":20},{"not_picked":["theMarked:RogueSparks","theMarked:Generate"],"picked":"theMarked:Standoff","floor":21},{"not_picked":["theMarked:ResourceFulStrike","theMarked:ShockingTouch"],"picked":"theMarked:StartUp","floor":23},{"not_picked":["theMarked:RogueSparks","theMarked:Seal","theMarked:ContemptForTheProud"],"picked":"SKIP","floor":25}],"player_experience":2148186,"relics_obtained":[{"floor":6,"key":"Onion Ring"},{"floor":14,"key":"Replay:Mystery Machine"},{"floor":23,"key":"HollowMod:StagPassRelic"},{"floor":26,"key":"Chameleon Ring"}],"event_choices":[{"damage_healed":0,"gold_gain":0,"player_choice":"Leave","damage_taken":0,"max_hp_gain":0,"max_hp_loss":0,"event_name":"conspire:Investor","floor":22,"gold_loss":0}],"is_beta":false,"boss_relics":[{"not_picked":["Velvet Choker","Cursed Key"],"picked":"reliquary:Ember"}],"items_purged_floors":[3],"is_endless":false,"potions_floor_spawned":[1,6,13,14,20,23],"killed_by":"Gensokyo:Koishi","ascension_level":9}}