{"host":"r3islh0l1a1ykxfu","time":1613156368,"event":{"mods":["BaseMod","Bestiary","Colored Map","Colored Powertips","Highlight Path","Minty Spire (QoL Compilation)","Relic Stats","Slay-I"],"gold_per_floor":[110,80,33,33,44,44,79,79,79,79,96,109,109,142,142,240,240,259,259,137,137,156,156,174,174,174,188,207,230,230,248,248,248,248],"floor_reached":33,"language":"ENG","playtime":2436,"items_purged":["Defend_R"],"score":306,"play_id":"053997f9-399b-4885-854b-e21a6b2ae27c","local_time":"20210212125928","is_ascension_mode":true,"campfire_choices":[{"data":"Bash","floor":6.0,"key":"SMITH"},{"floor":8.0,"key":"REST"},{"floor":13.0,"key":"REST"},{"data":"Seeing Red","floor":15.0,"key":"SMITH"},{"data":"True Grit","floor":23.0,"key":"SMITH"},{"data":"Perfected Strike","floor":25.0,"key":"SMITH"},{"data":"True Grit","floor":30.0,"key":"SMITH"},{"data":"Bludgeon","floor":32,"key":"SMITH"}],"circlet_count":0,"master_deck":["Strike_R","Strike_R","Strike_R","Strike_R","Strike_R","Defend_R","Defend_R","Bash+1","Cleave","Iron Wave","Thunderclap","Thunderclap","Rampage","Seeing Red+1","Bludgeon+1","Havoc","RitualDagger","True Grit+1","Pommel Strike","Clothesline+1","Perfected Strike+1","Decay","True Grit+1","Iron Wave","Writhe"],"relics":["Burning Blood","Pocketwatch","Thread and Needle","Blue Candle","Art of War","Cursed Key","PreservedInsect","Strawberry"],"acts_visited":["Exordium","TheCity"],"potions_floor_usage":[31,33,33,33,33,33],"damage_taken":[{"damage":0.0,"enemies":"Small Slimes","floor":1.0,"turns":4.0},{"damage":1.0,"enemies":"Cultist","floor":5.0,"turns":3.0},{"damage":52.0,"enemies":"Lagavulin","floor":7.0,"turns":8.0},{"damage":0.0,"enemies":"Jaw Worm","floor":11.0,"turns":3.0},{"damage":4.0,"enemies":"Large Slime","floor":12.0,"turns":4.0},{"damage":12.0,"enemies":"3 Sentries","floor":14.0,"turns":3.0},{"damage":60.0,"enemies":"The Guardian","floor":16.0,"turns":11.0},{"damage":3.0,"enemies":"Chosen","floor":18.0,"turns":3.0},{"damage":0.0,"enemies":"Spheric Guardian","floor":22.0,"turns":3.0},{"damage":11.0,"enemies":"Snake Plant","floor":24.0,"turns":3.0},{"damage":1.0,"enemies":"Cultist and Chosen","floor":27.0,"turns":4.0},{"damage":11.0,"enemies":"Centurion and Healer","floor":28.0,"turns":3.0},{"damage":32,"enemies":"Snake Plant","floor":31,"turns":3},{"damage":75,"enemies":"Automaton","floor":33,"turns":6}],"seed_played":"5937700971466913396","potions_obtained":[{"floor":2.0,"key":"EssenceOfSteel"},{"floor":2.0,"key":"EntropicBrew"},{"floor":5.0,"key":"AttackPotion"},{"floor":7.0,"key":"ElixirPotion"},{"floor":14.0,"key":"LiquidBronze"},{"floor":27.0,"key":"PowerPotion"},{"floor":28.0,"key":"PowerPotion"}],"is_trial":false,"path_per_floor":["M","?","$","?","M","R","E","R","T","?","M","M","R","E","R","B",null,"M","?","$","?","M","R","M","R","T","M","M","T","R","M","R","B"],"character_chosen":"IRONCLAD","items_purchased":["Iron Wave","True Grit"],"campfire_rested":2,"item_purchase_floors":[3,20],"current_hp_per_floor":[62,62,62,62,67,67,21,45,45,45,51,53,77,71,71,17,80,80,74,74,74,80,80,75,75,75,80,75,82,82,56,56,0,0],"gold":248,"neow_bonus":"ONE_RARE_RELIC","is_daily":false,"chose_seed":false,"campfire_upgraded":6,"win_rate":0.0,"timestamp":1613156368,"path_taken":["M","?","?","?","M","R","E","R","T","?","M","M","R","E","R","BOSS","M","?","$","?","M","R","M","R","T","M","M","?","R","M","R","BOSS"],"items_purchased_type":["Card","Card"],"build_version":"2020-12-22","purchased_purges":1,"victory":false,"max_hp_per_floor":[80,80,80,80,80,80,80,80,80,80,80,80,80,80,80,80,80,80,80,80,80,80,80,80,80,80,80,80,87,87,87,87,87,87],"relic_stats":{"counters":[14,61],"Blue Candle":[3],"PreservedInsect":0,"Art of War":[1],"Cursed Key":2,"obtain_stats":[{"Blue Candle":9,"Strawberry":29,"Thread and Needle":7,"PreservedInsect":26,"Art of War":14,"Cursed Key":17,"Burning Blood":0,"Pocketwatch":0},{"Blue Candle":3,"Strawberry":12,"Thread and Needle":3,"PreservedInsect":10,"Art of War":6,"Cursed Key":7,"Burning Blood":0,"Pocketwatch":0},{"Blue Candle":15,"Strawberry":52,"Thread and Needle":15,"PreservedInsect":45,"Art of War":25,"Cursed Key":36,"Burning Blood":0,"Pocketwatch":0}],"Burning Blood":75,"Pocketwatch":[120]},"card_choices":[{"not_picked":["Wild Strike","Iron Wave"],"picked":"Cleave","floor":1.0},{"not_picked":["Headbutt","Body Slam","Wild Strike"],"picked":"SKIP","floor":5.0},{"not_picked":["Clash","Dark Embrace"],"picked":"Thunderclap","floor":7.0},{"not_picked":["Havoc","Clash"],"picked":"Thunderclap","floor":11.0},{"not_picked":["Cleave","True Grit"],"picked":"Rampage","floor":12.0},{"not_picked":["Spot Weakness","Blood for Blood"],"picked":"Seeing Red","floor":14.0},{"not_picked":["Berserk","Reaper"],"picked":"Bludgeon","floor":16.0},{"not_picked":["Clash","Headbutt"],"picked":"Havoc","floor":18.0},{"not_picked":["Pommel Strike","Wild Strike"],"picked":"Clothesline+1","floor":22.0},{"not_picked":["Thunderclap","Flex"],"picked":"Perfected Strike","floor":24.0},{"not_picked":["Flex+1","Feel No Pain+1"],"picked":"True Grit","floor":27.0},{"not_picked":["Dual Wield+1","Cleave"],"picked":"Iron Wave","floor":28.0},{"not_picked":["Carnage","Clothesline","Warcry"],"picked":"SKIP","floor":31}],"player_experience":1253993,"relics_obtained":[{"floor":7.0,"key":"Thread and Needle"},{"floor":9.0,"key":"Blue Candle"},{"floor":14.0,"key":"Art of War"},{"floor":26.0,"key":"PreservedInsect"},{"floor":29.0,"key":"Strawberry"}],"event_choices":[{"damage_healed":0.0,"max_hp_gain":0.0,"max_hp_loss":0.0,"gold_gain":0.0,"event_name":"The Woman in Blue","player_choice":"Bought 2 Potions","floor":2.0,"gold_loss":0.0,"damage_taken":0.0},{"damage_healed":0.0,"max_hp_gain":0.0,"max_hp_loss":0.0,"gold_gain":0.0,"event_name":"Liars Game","player_choice":"Ignored","floor":4.0,"gold_loss":0.0,"damage_taken":0.0},{"cards_removed":["Defend_R"],"damage_healed":0.0,"max_hp_gain":0.0,"max_hp_loss":0.0,"gold_gain":0.0,"event_name":"Living Wall","player_choice":"Forget","floor":10.0,"gold_loss":0.0,"damage_taken":0.0},{"damage_healed":0.0,"max_hp_gain":0.0,"max_hp_loss":0.0,"gold_gain":0.0,"event_name":"Nest","player_choice":"Joined the Cult","floor":19.0,"gold_loss":0.0,"damage_taken":6.0,"cards_obtained":["RitualDagger"]},{"damage_healed":0.0,"max_hp_gain":0.0,"max_hp_loss":0.0,"gold_gain":0.0,"event_name":"The Library","player_choice":"Read","floor":21.0,"gold_loss":0.0,"damage_taken":0.0,"cards_obtained":["Pommel Strike"]}],"is_beta":false,"boss_relics":[{"not_picked":["Ectoplasm","SlaversCollar"],"picked":"Cursed Key"}],"items_purged_floors":[20],"is_endless":false,"potions_floor_spawned":[5,7,11,14,18,27,28],"killed_by":"Automaton","ascension_level":4}}