{"host":"uv5ws9rdk87e8i5k","time":1613154927,"event":{"mods":["AchievementEnabler","BaseMod","Colored Map","Minty Spire (QoL Compilation)","Permanent Neow","Quick Restart","StSLib","SuperFastMode","The Necromancer"],"gold_per_floor":[117,132,144,161,161,194,194,204,204,223,251,251,281,295,295,295,295],"floor_reached":16,"language":"ENG","playtime":544,"items_purged":[],"score":198,"play_id":"bcecc48b-9dfe-4b88-a476-d6b073fbfca6","local_time":"20210212123527","is_ascension_mode":true,"campfire_choices":[{"data":"Berserk","floor":7.0,"key":"SMITH"},{"floor":15,"key":"REST"}],"circlet_count":0,"master_deck":["AscendersBane","Strike_R","Strike_R","Strike_R","Strike_R","Strike_R","Defend_R","Defend_R","Defend_R","Defend_R","Bash","Impervious","Second Wind","Power Through","Berserk+1","Rampage+1","Metallicize","Shrug It Off","Shrug It Off","True Grit"],"relics":["Burning Blood","Juzu Bracelet","Bag of Marbles","Happy Flower","Question Card"],"acts_visited":["Exordium"],"potions_floor_usage":[11,11,13],"damage_taken":[{"damage":6.0,"enemies":"Jaw Worm","floor":1.0,"turns":5.0},{"damage":0.0,"enemies":"Cultist","floor":2.0,"turns":4.0},{"damage":0.0,"enemies":"2 Louse","floor":3.0,"turns":4.0},{"damage":6.0,"enemies":"2 Fungi Beasts","floor":4.0,"turns":5.0},{"damage":13.0,"enemies":"Lagavulin","floor":6.0,"turns":11.0},{"damage":6.0,"enemies":"Red Slaver","floor":8.0,"turns":6.0},{"damage":16.0,"enemies":"Large Slime","floor":10.0,"turns":9.0},{"damage":25,"enemies":"Gremlin Nob","floor":11,"turns":5},{"damage":20,"enemies":"3 Sentries","floor":13,"turns":13},{"damage":15,"enemies":"Exordium Wildlife","floor":14,"turns":6},{"damage":28,"enemies":"Hexaghost","floor":16,"turns":10}],"seed_played":"63109473117175775","potions_obtained":[{"floor":1.0,"key":"BlessingOfTheForge"},{"floor":3.0,"key":"Weak Potion"},{"floor":10.0,"key":"SkillPotion"},{"floor":11,"key":"DistilledChaos"},{"floor":14,"key":"Explosive Potion"}],"is_trial":false,"path_per_floor":["M","M","M","M","?","E","R","M","T","M","E","?","E","M","R","B"],"character_chosen":"IRONCLAD","items_purchased":[],"campfire_rested":1,"item_purchase_floors":[],"current_hp_per_floor":[72,78,80,80,80,73,73,73,73,63,44,44,30,21,45,17,17],"gold":295,"neow_bonus":"ONE_RANDOM_RARE_CARD","is_daily":false,"chose_seed":false,"campfire_upgraded":1,"win_rate":0.0,"timestamp":1613154927,"path_taken":["M","M","M","M","?","E","R","M","T","M","E","?","E","M","R","BOSS"],"items_purchased_type":[],"build_version":"2020-12-22","purchased_purges":0,"victory":false,"max_hp_per_floor":[80,80,80,80,80,80,80,80,80,80,80,80,80,80,80,80,80],"card_choices":[{"not_picked":["Seeing Red","Havoc"],"picked":"Second Wind","floor":1.0},{"not_picked":["Cleave","Iron Wave"],"picked":"Power Through","floor":2.0},{"not_picked":["Wild Strike","Flex"],"picked":"Berserk","floor":3.0},{"not_picked":["Havoc","Headbutt"],"picked":"Rampage","floor":4.0},{"not_picked":["Havoc","Spot Weakness"],"picked":"Metallicize","floor":6.0},{"not_picked":["True Grit","Clash"],"picked":"Shrug It Off","floor":8.0},{"not_picked":["Intimidate","Thunderclap","Wild Strike"],"picked":"SKIP","floor":10.0},{"not_picked":["Perfected Strike","Twin Strike","Pommel Strike"],"picked":"SKIP","floor":11},{"not_picked":["Combust","Pommel Strike"],"picked":"Shrug It Off","floor":13},{"not_picked":["Whirlwind","Dropkick","Armaments"],"picked":"True Grit","floor":14}],"player_experience":157287,"relics_obtained":[{"floor":6.0,"key":"Juzu Bracelet"},{"floor":9.0,"key":"Bag of Marbles"},{"floor":11,"key":"Happy Flower"},{"floor":13,"key":"Question Card"}],"event_choices":[{"damage_healed":0.0,"max_hp_gain":0.0,"max_hp_loss":0.0,"gold_gain":0.0,"event_name":"The Woman in Blue","player_choice":"Bought 0 Potions","floor":5.0,"gold_loss":0.0,"damage_taken":0.0},{"damage_healed":0,"gold_gain":0,"player_choice":"Grow","damage_taken":0,"max_hp_gain":0,"max_hp_loss":0,"event_name":"Living Wall","floor":12,"gold_loss":0,"cards_upgraded":["Rampage"]}],"is_beta":false,"boss_relics":[],"items_purged_floors":[],"is_endless":false,"potions_floor_spawned":[1,3,4,10,11,14],"killed_by":"Hexaghost","ascension_level":12}}