{"host":"5ddwedapke4fsx0r","time":1613165073,"event":{"mods":["BaseMod","Downfall","Minty Spire (QoL Compilation)","Reliquary","Shade Mod","StSLib"],"gold_per_floor":[116,116,116,116,291,324,342,373,396,431,441,441,468,489,489,594,594,612,612,630,678,711,740,740,763,763,1098,1098,1098,1136,543,543,651,651,670,670,522,536,551,577,589,269,348,348,381,400,400,428,428,428],"floor_reached":51,"language":"ENG","playtime":1694,"items_purged":["Regret"],"score":1214,"play_id":"f03799c2-8b0f-4fee-b5b8-a7af8374aed1","local_time":"20210212222433","is_ascension_mode":true,"campfire_choices":[{"data":"Pommel Strike","floor":15,"key":"SMITH"},{"data":"Fiend Fire","floor":24,"key":"SMITH"},{"data":"True Grit","floor":29,"key":"SMITH"},{"data":"Fire Breathing","floor":32,"key":"SMITH"},{"data":"Feel No Pain","floor":47,"key":"SMITH"},{"data":"Infernal Blade","floor":49,"key":"SMITH"}],"circlet_count":0,"master_deck":["Strike_R","Strike_R","Strike_R","Strike_R","Strike_R","Defend_R","Defend_R","Defend_R","Defend_R","Bash","Shockwave","downfall:Haunted","downfall:Haunted","Clumsy","Limit Break+1","Decay","Doubt","True Grit+1","Cleave","Dark Embrace+1","Reaper","Pommel Strike+1","Fiend Fire+1","Feel No Pain+1","Fiend Fire+1","Fire Breathing+1","Impervious","Shrug It Off+1","Feel No Pain+1","Infernal Blade+1"],"relics":["Burning Blood","NeowsBlessing","Du-Vu Doll","Ancient Tea Set","reliquary:SharkskinSheath","TungstenRod","reliquary:PorcupineQuills","CeramicFish","Ginger","Busted Crown","Champion Belt","reliquary:Knoch","Red Mask","Incense Burner","reliquary:WeakTea","Old Coin","Nilry\u0027s Codex","reliquary:Firecrackers","reliquary:Stiletto","Lizard Tail","Philosopher\u0027s Stone","reliquary:Aerogel","Turnip","reliquary:MedicineBall","Bottled Lightning","Bottled Tornado"],"acts_visited":["Exordium","TheCity","TheBeyond"],"potions_floor_usage":[8,16,22,27,30,33,45,50,50],"damage_taken":[{"damage":0,"enemies":"2 Louse","floor":1,"turns":1},{"damage":2,"enemies":"Lagavulin","floor":6,"turns":3},{"damage":0,"enemies":"Small Slimes","floor":7,"turns":1},{"damage":17,"enemies":"Gremlin Nob","floor":8,"turns":4},{"damage":11,"enemies":"3 Sentries","floor":10,"turns":4},{"damage":1,"enemies":"Cultist","floor":11,"turns":3},{"damage":27,"enemies":"Gremlin Nob","floor":13,"turns":4},{"damage":24,"enemies":"Lots of Slimes","floor":14,"turns":3},{"damage":17,"enemies":"The Guardian","floor":16,"turns":6},{"damage":10,"enemies":"2 Thieves","floor":18,"turns":2},{"damage":11,"enemies":"3 Byrds","floor":20,"turns":4},{"damage":1,"enemies":"Masked Bandits","floor":22,"turns":2},{"damage":33,"enemies":"Gremlin Leader","floor":23,"turns":3},{"damage":4,"enemies":"Centurion and Healer","floor":25,"turns":3},{"damage":11,"enemies":"Book of Stabbing","floor":27,"turns":3},{"damage":2,"enemies":"Gremlin Leader","floor":30,"turns":3},{"damage":26,"enemies":"Automaton","floor":33,"turns":5},{"damage":35,"enemies":"3 Shapes","floor":35,"turns":6},{"damage":14,"enemies":"Orb Walker","floor":38,"turns":3},{"damage":0,"enemies":"Jaw Worm Horde","floor":39,"turns":3},{"damage":9,"enemies":"Giant Head","floor":40,"turns":5},{"damage":52,"enemies":"3 Darklings","floor":41,"turns":6},{"damage":5,"enemies":"Reptomancer","floor":45,"turns":4},{"damage":0,"enemies":"Maw","floor":46,"turns":4},{"damage":22,"enemies":"Jaw Worm Horde","floor":48,"turns":4},{"damage":66,"enemies":"Donu and Deca","floor":50,"turns":5}],"seed_played":"-670034648610061252","potions_obtained":[{"floor":1,"key":"DuplicationPotion"},{"floor":11,"key":"HeartOfIron"},{"floor":13,"key":"Fire Potion"},{"floor":14,"key":"Dexterity Potion"},{"floor":20,"key":"EssenceOfSteel"},{"floor":25,"key":"AttackPotion"},{"floor":27,"key":"HeartOfIron"},{"floor":38,"key":"Explosive Potion"},{"floor":39,"key":"hexamod:SoulburnPotion"},{"floor":40,"key":"FairyPotion"},{"floor":45,"key":"bronze:BurnAndBuffPotion"}],"is_trial":false,"path_per_floor":["M","?","?","?","?","E","M","E","T","E","M","?","E","M","R","B",null,"M","T","M","T","?","E","R","M","T","E","?","R","E","$","R","B",null,"M","?","$","M","M","E","M","$","T","?","E","M","R","M","R","B",null],"character_chosen":"IRONCLAD","items_purchased":["reliquary:Stiletto","Lizard Tail","Fire Breathing","reliquary:Aerogel","reliquary:MedicineBall","Feel No Pain"],"campfire_rested":0,"item_purchase_floors":[31,31,31,37,42,42],"current_hp_per_floor":[80,85,85,85,85,85,85,74,74,69,85,85,67,85,85,85,85,81,81,80,80,85,85,85,85,85,85,73,73,77,77,77,65,80,73,73,73,85,85,82,47,47,47,47,85,85,85,69,69,49],"gold":428,"neow_bonus":"THREE_ENEMY_KILL","is_daily":false,"chose_seed":false,"campfire_upgraded":6,"win_rate":0.0,"timestamp":1613165073,"path_taken":["M","?","?","?","?","E","M","E","T","E","M","?","E","M","R","BOSS","M","?","?","?","?","E","R","M","T","E","?","R","E","$","R","BOSS","M","?","$","?","M","E","M","$","T","?","E","M","R","M","R","BOSS"],"items_purchased_type":["Relic","Relic","Card","Relic","Relic","Card"],"build_version":"2020-12-22","purchased_purges":1,"victory":true,"max_hp_per_floor":[80,85,85,85,85,85,85,85,85,85,85,85,85,85,85,85,85,85,85,85,85,85,85,85,85,85,85,85,85,85,85,85,85,85,85,85,85,85,85,85,85,85,85,85,85,85,85,85,85,85],"card_choices":[{"not_picked":["Blood for Blood","Headbutt"],"picked":"Shockwave","floor":1},{"not_picked":["Headbutt","Dual Wield"],"picked":"True Grit","floor":6},{"not_picked":["Carnage","Rampage"],"picked":"Cleave","floor":7},{"not_picked":["Flex","Havoc"],"picked":"Dark Embrace","floor":8},{"not_picked":["Exhume","Shrug It Off"],"picked":"Reaper","floor":10},{"not_picked":["Warcry","Shrug It Off","Clash"],"picked":"SKIP","floor":11},{"not_picked":["Clash","Evolve","Metallicize"],"picked":"SKIP","floor":13},{"not_picked":["Clothesline","Flex"],"picked":"Pommel Strike","floor":14},{"not_picked":["Immolate","Feed"],"picked":"Fiend Fire","floor":16},{"not_picked":["Shrug It Off"],"picked":"SKIP","floor":18},{"not_picked":["Clash"],"picked":"SKIP","floor":20},{"not_picked":["Clash"],"picked":"SKIP","floor":23},{"not_picked":[],"picked":"Feel No Pain+1","floor":25},{"not_picked":["Blood for Blood"],"picked":"SKIP","floor":27},{"not_picked":[],"picked":"Fiend Fire","floor":30},{"not_picked":[],"picked":"Impervious","floor":33},{"not_picked":[],"picked":"Shrug It Off+1","floor":35},{"not_picked":["Wild Strike+1"],"picked":"SKIP","floor":38},{"not_picked":["Clash"],"picked":"SKIP","floor":39},{"not_picked":["Juggernaut"],"picked":"SKIP","floor":40},{"not_picked":["Flame Barrier"],"picked":"SKIP","floor":41},{"not_picked":["Feel No Pain"],"picked":"SKIP","floor":45},{"not_picked":["Bloodletting+1"],"picked":"SKIP","floor":46},{"not_picked":[],"picked":"Infernal Blade","floor":48}],"player_experience":495863,"relics_obtained":[{"floor":6,"key":"reliquary:SharkskinSheath"},{"floor":8,"key":"TungstenRod"},{"floor":9,"key":"reliquary:PorcupineQuills"},{"floor":10,"key":"CeramicFish"},{"floor":13,"key":"Ginger"},{"floor":19,"key":"Champion Belt"},{"floor":21,"key":"reliquary:Knoch"},{"floor":22,"key":"Red Mask"},{"floor":23,"key":"Incense Burner"},{"floor":26,"key":"reliquary:WeakTea"},{"floor":27,"key":"Old Coin"},{"floor":28,"key":"Nilry\u0027s Codex"},{"floor":30,"key":"reliquary:Firecrackers"},{"floor":40,"key":"Turnip"},{"floor":43,"key":"Bottled Lightning"},{"floor":45,"key":"Bottled Tornado"}],"event_choices":[{"damage_healed":0,"gold_gain":0,"player_choice":"Grow","damage_taken":0,"max_hp_gain":0,"max_hp_loss":0,"event_name":"Living Wall","floor":3,"gold_loss":0,"cards_upgraded":["Limit Break"]},{"damage_healed":0,"gold_gain":0,"player_choice":"Box","damage_taken":0,"relics_obtained":["Ancient Tea Set"],"max_hp_gain":0,"max_hp_loss":0,"event_name":"Big Fish","floor":4,"gold_loss":0,"cards_obtained":["Regret"]},{"damage_healed":0,"gold_gain":175,"player_choice":"AGREE","damage_taken":0,"max_hp_gain":0,"max_hp_loss":0,"event_name":"Liars Game","floor":5,"gold_loss":0,"cards_obtained":["Doubt"]},{"damage_healed":0,"gold_gain":0,"player_choice":"Upgraded","damage_taken":0,"max_hp_gain":0,"max_hp_loss":0,"event_name":"Upgrade Shrine","floor":12,"gold_loss":0,"cards_upgraded":["Dark Embrace"]},{"damage_healed":0,"gold_gain":0,"player_choice":"Fought Bandits","damage_taken":0,"max_hp_gain":0,"max_hp_loss":0,"event_name":"Masked Bandits","floor":22,"gold_loss":0},{"damage_healed":0,"gold_gain":0,"player_choice":"Obtained Book","damage_taken":16,"max_hp_gain":0,"max_hp_loss":0,"event_name":"Cursed Tome","floor":28,"gold_loss":0},{"damage_healed":0,"gold_gain":0,"player_choice":"Forge","damage_taken":0,"max_hp_gain":0,"max_hp_loss":0,"event_name":"Accursed Blacksmith","floor":36,"gold_loss":0,"cards_upgraded":["Fiend Fire"]},{"damage_healed":0,"gold_gain":0,"player_choice":"Ignored","damage_taken":0,"max_hp_gain":0,"max_hp_loss":0,"event_name":"SecretPortal","floor":44,"gold_loss":0}],"is_beta":false,"boss_relics":[{"not_picked":["reliquary:Ember","Ectoplasm"],"picked":"Busted Crown"},{"not_picked":["bronze:MakeshiftBattery","Empty Cage"],"picked":"Philosopher\u0027s Stone"}],"items_purged_floors":[31],"is_endless":false,"potions_floor_spawned":[1,11,13,14,20,25,27,38,39,40,45],"ascension_level":5}}