{"host":"gfxjwtol062e9znw","time":1613122865,"event":{"mods":["BaseMod","Colored Map","Minty Spire (QoL Compilation)","Rare Cards Sparkle"],"gold_per_floor":[364,379,379,38,38,38,71,71,124,152,163,163,173,184,184,281,281,298,309,321,336,112,112,142,154,166,178,216,153,165,187,199,211,211],"floor_reached":33,"language":"ENG","playtime":1324,"items_purged":["Defend_R"],"score":507,"play_id":"b8fa1bb0-5759-460b-a230-01807664d5d9","local_time":"20210212204105","is_ascension_mode":true,"campfire_choices":[{"floor":6.0,"key":"REST"},{"floor":8.0,"key":"REST"},{"data":"Rage","floor":12.0,"key":"SMITH"},{"data":"Feed","floor":15.0,"key":"SMITH"},{"floor":23,"key":"REST"},{"floor":25,"key":"REST"},{"data":"Madness","floor":27,"key":"SMITH"},{"floor":32,"key":"REST"}],"circlet_count":0,"master_deck":["AscendersBane","Strike_R","Strike_R","Strike_R","Strike_R","Defend_R+1","Defend_R","Bash","Iron Wave","Headbutt","Infernal Blade+1","Feed+1","Madness+1","Battle Trance","Twin Strike","Rage+1","Ghostly Armor","Anger","Offering","Wild Strike+1","Shrug It Off","Perfected Strike","Immolate","Shockwave","Bash","Finesse","Flame Barrier"],"relics":["Burning Blood","Ginger","Oddly Smooth Stone","War Paint","Centennial Puzzle","Philosopher\u0027s Stone","Red Skull","MawBank","Sundial","Pear"],"acts_visited":["Exordium","TheCity"],"potions_floor_usage":[16,20,33,33],"damage_taken":[{"damage":7.0,"enemies":"Jaw Worm","floor":1.0,"turns":3.0},{"damage":0.0,"enemies":"Small Slimes","floor":2.0,"turns":3.0},{"damage":30.0,"enemies":"Gremlin Nob","floor":7.0,"turns":4.0},{"damage":34.0,"enemies":"Lagavulin","floor":10.0,"turns":6.0},{"damage":0.0,"enemies":"Cultist","floor":11.0,"turns":1.0},{"damage":2.0,"enemies":"Lots of Slimes","floor":13.0,"turns":4.0},{"damage":1.0,"enemies":"3 Louse","floor":14.0,"turns":2.0},{"damage":45,"enemies":"The Guardian","floor":16,"turns":11},{"damage":19,"enemies":"Shell Parasite","floor":18,"turns":4},{"damage":10,"enemies":"3 Byrds","floor":19,"turns":4},{"damage":33,"enemies":"Snake Plant","floor":20,"turns":3},{"damage":8,"enemies":"3 Cultists","floor":21,"turns":5},{"damage":24,"enemies":"Slavers","floor":24,"turns":5},{"damage":24,"enemies":"Gremlin Leader","floor":28,"turns":4},{"damage":25,"enemies":"Snecko","floor":31,"turns":4},{"damage":144,"enemies":"Champ","floor":33,"turns":10}],"seed_played":"-1387571750886639841","potions_obtained":[{"floor":2.0,"key":"CultistPotion"},{"floor":7.0,"key":"PowerPotion"},{"floor":11.0,"key":"Fire Potion"},{"floor":14.0,"key":"Energy Potion"},{"floor":19,"key":"PowerPotion"},{"floor":20,"key":"BloodPotion"}],"is_trial":false,"path_per_floor":["M","M","?","$","?","R","E","R","T","E","M","R","M","M","R","B",null,"M","M","M","M","$","R","E","R","T","R","E","?","?","M","R","B"],"character_chosen":"IRONCLAD","items_purchased":["Ginger","Infernal Blade","Red Skull"],"campfire_rested":5,"item_purchase_floors":[4,4,22],"current_hp_per_floor":[50,56,49,49,49,73,49,73,73,45,54,54,61,69,69,30,74,61,61,34,36,36,65,51,81,81,81,73,73,73,54,87,0,0],"gold":211,"neow_bonus":"TWO_FIFTY_GOLD","is_daily":false,"chose_seed":false,"campfire_upgraded":3,"win_rate":0.0,"timestamp":1613122865,"path_taken":["M","M","?","$","?","R","E","R","T","E","M","R","?","M","R","BOSS","M","M","?","?","$","R","E","R","T","R","E","?","?","?","R","BOSS"],"items_purchased_type":["Relic","Card","Relic"],"build_version":"2020-12-22","purchased_purges":1,"victory":false,"max_hp_per_floor":[80,80,80,80,80,80,80,80,80,80,83,83,86,89,89,89,89,89,93,93,97,97,97,101,101,101,101,111,111,111,111,111,111,111],"card_choices":[{"not_picked":["Warcry","Second Wind"],"picked":"Iron Wave","floor":1.0},{"not_picked":["Armaments","Havoc"],"picked":"Headbutt","floor":2.0},{"not_picked":["Wild Strike","Sever Soul"],"picked":"Battle Trance","floor":7.0},{"not_picked":["Brutality","Havoc"],"picked":"Twin Strike","floor":10.0},{"not_picked":["Sever Soul","Headbutt"],"picked":"Rage","floor":11.0},{"not_picked":["Clash","Iron Wave"],"picked":"Ghostly Armor","floor":13.0},{"not_picked":["Rupture","Thunderclap"],"picked":"Anger","floor":14.0},{"not_picked":["Brutality","Corruption"],"picked":"Offering","floor":16},{"not_picked":["Clothesline","Searing Blow"],"picked":"Wild Strike+1","floor":18},{"not_picked":["Sever Soul","Evolve"],"picked":"Shrug It Off","floor":19},{"not_picked":["Thunderclap","Clash+1"],"picked":"Perfected Strike","floor":20},{"not_picked":["Pommel Strike","Wild Strike","Inflame"],"picked":"SKIP","floor":21},{"not_picked":["Anger","Reaper"],"picked":"Immolate","floor":24},{"not_picked":["Dropkick","Thunderclap"],"picked":"Shockwave","floor":28},{"not_picked":["Flex","Rage"],"picked":"Flame Barrier","floor":31}],"player_experience":146908,"relics_obtained":[{"floor":7.0,"key":"Oddly Smooth Stone"},{"floor":9.0,"key":"War Paint"},{"floor":10.0,"key":"Centennial Puzzle"},{"floor":24,"key":"MawBank"},{"floor":26,"key":"Sundial"},{"floor":28,"key":"Pear"}],"event_choices":[{"cards_removed":["Strike_R"],"damage_healed":0.0,"max_hp_gain":0.0,"max_hp_loss":0.0,"gold_gain":0.0,"event_name":"Golden Wing","player_choice":"Card Removal","floor":3.0,"gold_loss":0.0,"damage_taken":7.0},{"damage_healed":0.0,"max_hp_gain":0.0,"max_hp_loss":0.0,"gold_gain":0.0,"event_name":"Match and Keep!","player_choice":"2 cards matched","floor":5.0,"gold_loss":0.0,"damage_taken":0.0,"cards_obtained":["Feed","Madness"]},{"cards_removed":["Defend_R"],"damage_healed":0,"gold_gain":0,"player_choice":"Gave Gold","damage_taken":0,"max_hp_gain":0,"max_hp_loss":0,"event_name":"Beggar","floor":29,"gold_loss":75},{"damage_healed":0,"gold_gain":0,"player_choice":"2 cards matched","damage_taken":0,"max_hp_gain":0,"max_hp_loss":0,"event_name":"Match and Keep!","floor":30,"gold_loss":0,"cards_obtained":["Bash","Finesse"]}],"is_beta":false,"boss_relics":[{"not_picked":["Calling Bell","Tiny House"],"picked":"Philosopher\u0027s Stone"}],"items_purged_floors":[22],"is_endless":false,"potions_floor_spawned":[2,7,11,14,19,20,24],"killed_by":"Champ","ascension_level":11}}