{"host":"7jvlg611gq73pwus","time":1613144911,"event":{"mods":["Act Like it!","Arknights","BaseMod","Friendly Minions","Gold Saver","KOR Keyword Fix","KinomotoSakuraMod(ÙÊñýÜâ?)","Lobotomy","Marisa£¨Ùöéë¡¡Øª×âÞÞ£©","Minty Spire (QoL Compilation)","Prisma Mod","Replay The Spire","StSLib","Td1madao Mod","The Animator","The Bug Knight","The Hierophant"],"gold_per_floor":[693,712,85,85,99,126,159,159,159,15,15,15,15,26,26,122,122,142,142,198,210,210,225,225,125,172,172,205,205,224,238,238,338,338,350,350,89,139,139,173,173,199,199,199,209,16,26,37,37,37,37,37,37,70,70],"floor_reached":56,"language":"KOR","playtime":4310,"items_purged":["PrismaMod:MiyuCommonAttack","PrismaMod:MiyuCommonDefend"],"score":1156,"play_id":"1e448a7c-7684-412a-8387-a21c748a9c14","local_time":"20210213004831","is_ascension_mode":false,"campfire_choices":[{"floor":11.0,"key":"RECALL"},{"data":"PrismaMod:MiyuCheapEvoke","floor":13.0,"key":"SMITH"},{"data":"PrismaMod:MiyuCommonAttack","floor":15.0,"key":"PURGE"},{"floor":24.0,"key":"REST"},{"data":"PrismaMod:MiyuDefenseAbsorbMinor","floor":27.0,"key":"SMITH"},{"data":"PrismaMod:MiyuCarnivalDefend","floor":29.0,"key":"SMITH"},{"data":"PrismaMod:MiyuUncommonAOEAttack","floor":41,"key":"SMITH"},{"data":"Pot Of Greed","floor":44,"key":"SMITH"},{"data":"Pot Of Greed","floor":49,"key":"SMITH"},{"data":"Pot Of Greed","floor":52,"key":"SMITH"}],"circlet_count":0,"master_deck":["PrismaMod:MiyuCommonDefend+1","PrismaMod:MiyuCommonDefend+1","PrismaMod:MiyuCheapChannelAttack","PrismaMod:MiyuCheapChannelDefend","PrismaMod:MiyuCheapChannelVul","PrismaMod:MiyuAttackChannelVul","Flash of Steel","PrismaMod:MiyuCheapEvoke+1","PrismaMod:MiyuCheapDefend1+1","PrismaMod:MiyuDevil+1","PrismaMod:MiyuCheapChannelWeak","PrismaMod:MiyuCheapDefend1","PrismaMod:MiyuUberAOEAttack","PrismaMod:MiyuDefenseAbsorbMinor+1","PrismaMod:MiyuUncommonAOEAttack+1","PrismaMod:MiyuCheapDexBuff","PrismaMod:MiyuCheapDefend1+1","PrismaMod:MiyuCheapAttack1+1","PrismaMod:MiyuCarnivalDefend+1","PrismaMod:MiyuUberAOEAttack+1","PrismaMod:MiyuBride","PrismaMod:MiyuUncommonPlate+1","PrismaMod:MiyuCheapChannelWeak","PrismaMod:MiyuDevil+1","PrismaMod:MiyuUberAttack","Pot Of Greed+1","Pot Of Greed+1","Pot Of Greed+1","PrismaMod:MiyuChristmas+1","PrismaMod:MiyuCheapAttack1","PrismaMod:MiyuAttackChannelVul+1","Poisoned Strike","PrismaMod:MiyuAttackChannelVul","PrismaMod:MiyuCheapAttack1","PrismaMod:MiyuCheapChannelDefend","PrismaMod:MiyuUberAttack+1","Pot Of Greed"],"relics":["PrismaMod:PrismaSapphire","Quantum Egg","ReplayTheSpireMod:TigerMarble","WingedGreaves","HornCleat","Honey Jar","Singing Bowl","Enchiridion","Lantern","Boot","Ring of Chaos","Letter Opener","Replay:PocketPolymizer","Kunai","Grinning Jar","Bronze Scales","Unceasing Top"],"acts_visited":["Exordium","TheCity","TheBeyond","TheEnding"],"potions_floor_usage":[50,55,55,55],"damage_taken":[{"damage":0.0,"enemies":"ats:Genji","floor":1.0,"turns":4.0},{"damage":0.0,"enemies":"Jaw Worm","floor":2.0,"turns":4.0},{"damage":0.0,"enemies":"Small Slimes","floor":5.0,"turns":3.0},{"damage":10.0,"enemies":"Lagavulin","floor":6.0,"turns":6.0},{"damage":5.0,"enemies":"HollowMod:MossKnight","floor":7.0,"turns":5.0},{"damage":0.0,"enemies":"Exordium Wildlife","floor":14.0,"turns":4.0},{"damage":21.0,"enemies":"The Guardian","floor":16.0,"turns":11.0},{"damage":17.0,"enemies":"2 Thieves","floor":18.0,"turns":4.0},{"damage":0.0,"enemies":"Spheric Guardian","floor":21.0,"turns":3.0},{"damage":4.0,"enemies":"Snecko","floor":23.0,"turns":6.0},{"damage":4.0,"enemies":"HollowMod:Nosk","floor":28.0,"turns":7.0},{"damage":5.0,"enemies":"Chosen and Byrds","floor":30.0,"turns":6.0},{"damage":0.0,"enemies":"Centurion and Healer","floor":31.0,"turns":5.0},{"damage":0,"enemies":"Automaton","floor":33,"turns":10},{"damage":0,"enemies":"Orb Walker","floor":35,"turns":3},{"damage":0,"enemies":"Mind Bloom Boss Battle","floor":38,"turns":4},{"damage":0,"enemies":"Reptomancer","floor":40,"turns":9},{"damage":0,"enemies":"R_Hoarder","floor":42,"turns":6},{"damage":0,"enemies":"3 Shapes","floor":45,"turns":3},{"damage":0,"enemies":"3 Darklings","floor":47,"turns":2},{"damage":0,"enemies":"Writhing Mass","floor":48,"turns":3},{"damage":62,"enemies":"Replay:Hell Engine","floor":50,"turns":9},{"damage":0,"enemies":"Shield and Spear","floor":54,"turns":3},{"damage":64,"enemies":"The Heart","floor":55,"turns":7}],"seed_played":"-819520661350645989","potions_obtained":[{"floor":1.0,"key":"LiquidBronze"},{"floor":2.0,"key":"Explosive Potion"},{"floor":7.0,"key":"SpeedPotion"},{"floor":18.0,"key":"Milkshake"},{"floor":20.0,"key":"AttackPotion"},{"floor":30.0,"key":"SteroidPotion"},{"floor":31.0,"key":"Dexterity Potion"},{"floor":42,"key":"Reflective Coating"}],"is_trial":false,"path_per_floor":["M","M","$","?","M","E","E","?","T","$","R","$","R","M","R","B",null,"M","?","?","M","?","M","R","$","T","R","E","R","M","M","R","B",null,"M","?","$","?","?","E","R","E","T","R","M","$","M","M","R","B",null,"R","$","E","B",null],"character_chosen":"MIYU","items_purchased":["Flash of Steel","Quantum Egg","ReplayTheSpireMod:TigerMarble","PrismaMod:MiyuCheapEvoke","PrismaMod:MiyuCheapDefend1","PrismaMod:MiyuCheapDexBuff","Letter Opener","Poisoned Strike"],"campfire_rested":1,"item_purchase_floors":[3,3,3,3,10,10,37,46],"current_hp_per_floor":[75,75,75,60,64,54,49,49,49,49,49,49,49,49,49,28,75,58,58,42,42,26,22,45,45,45,45,41,41,40,42,65,65,79,79,79,79,79,75,75,75,75,75,75,75,75,77,77,77,18,77,77,77,77,21],"gold":70,"neow_bonus":"REMOVE_CARD","is_daily":false,"chose_seed":false,"campfire_upgraded":7,"win_rate":0.0,"timestamp":1613144911,"path_taken":["M","M","$","?","M","E","E","?","T","$","R","$","R","M","R","BOSS","M","?","?","M","?","M","R","?","T","R","E","R","M","?","R","BOSS","M","?","$","?","?","E","R","E","T","R","M","?","M","M","R","BOSS","R","$","E","BOSS"],"items_purchased_type":["Card","Relic","Relic","Card","Card","Card","Relic","Card"],"build_version":"2020-12-22","purchased_purges":2,"victory":true,"max_hp_per_floor":[75,75,75,75,75,75,75,75,75,75,75,75,75,75,75,75,75,75,75,77,77,77,77,77,77,77,77,77,77,77,79,79,79,79,79,79,79,79,75,75,75,75,75,75,75,75,77,77,77,77,77,77,77,77,77],"card_choices":[{"not_picked":["PrismaMod:MiyuChristmas","PrismaMod:MiyuCheapStrBuff"],"picked":"PrismaMod:MiyuCheapChannelVul","floor":1.0},{"not_picked":["PrismaMod:MiyuCheapAttack1","PrismaMod:MiyuCommonAOEAttack"],"picked":"PrismaMod:MiyuAttackChannelVul","floor":2.0},{"not_picked":["PrismaMod:MiyuEvokeBuffStr","PrismaMod:MiyuUberAOEAttack"],"picked":"PrismaMod:MiyuCheapDefend1","floor":5.0},{"not_picked":["PrismaMod:MiyuUncommonPlate","PrismaMod:MiyuDefenseExplosion"],"picked":"PrismaMod:MiyuDevil","floor":6.0},{"not_picked":["PrismaMod:MiyuCheapChannelHeal","PrismaMod:MiyuEvokeCheapDefend"],"picked":"PrismaMod:MiyuCheapChannelWeak","floor":7.0},{"not_picked":["PrismaMod:MiyuEvokeCheapAttack","PrismaMod:MiyuCheapChannelWeak"],"picked":"PrismaMod:MiyuUberAOEAttack","floor":14.0},{"not_picked":["PrismaMod:MiyuChannelDefendEvoke","PrismaMod:MiyuCarnivalDefend"],"picked":"PrismaMod:MiyuDefenseAbsorbMinor","floor":16.0},{"not_picked":["PrismaMod:MiyuAttackChannelAttack","PrismaMod:MiyuCarnivalAttack+1","PrismaMod:MiyuUberAOEAttack+1"],"picked":"PrismaMod:MiyuUncommonAOEAttack","floor":18.0},{"not_picked":["PrismaMod:MiyuCheapDexBuff","PrismaMod:MiyuCheapChannelVul","PrismaMod:MiyuEvokeCheapAttack","PrismaMod:MiyuCheapChannelWeak"],"picked":"Singing Bowl","floor":20.0},{"not_picked":["PrismaMod:MiyuCheapAttack1","PrismaMod:MiyuCheapStrBuff","PrismaMod:MiyuEvokeBuffStr+1"],"picked":"PrismaMod:MiyuCheapDefend1+1","floor":21.0},{"not_picked":["PrismaMod:MiyuEvokeBuffDex+1","PrismaMod:MiyuUberAOEAttack+1","PrismaMod:MiyuUncommonDexBuff"],"picked":"PrismaMod:MiyuCheapAttack1+1","floor":23.0},{"not_picked":["PrismaMod:MiyuMaid","PrismaMod:MiyuDefenseExplosion","PrismaMod:MiyuCommonAOEAttack+1"],"picked":"PrismaMod:MiyuCarnivalDefend","floor":28.0},{"not_picked":["PrismaMod:MiyuCheapChannelVul","PrismaMod:MiyuOrbIncreasePerm+1","PrismaMod:MiyuCheapAttack1"],"picked":"PrismaMod:MiyuDefenseRemoval+1","floor":30.0},{"not_picked":["PrismaMod:MiyuCheapChannelAttack+1","PrismaMod:MiyuUncommonDefend","PrismaMod:MiyuUberAOEAttack+1","PrismaMod:MiyuCheapChannelWeak"],"picked":"Singing Bowl","floor":31.0},{"not_picked":["PrismaMod:MiyuEvokeAllDefend","PrismaMod:MiyuChannelAttackEvoke","PrismaMod:MiyuChannelDefendEvoke"],"picked":"PrismaMod:MiyuBride","floor":33},{"not_picked":["PrismaMod:MiyuDefenseExplosion","PrismaMod:MiyuMaid+1","PrismaMod:MiyuCheapPlate+1"],"picked":"PrismaMod:MiyuUncommonPlate+1","floor":35},{"not_picked":["PrismaMod:MiyuAttackChannelVul+1","PrismaMod:MiyuEvokeCheapAttack+1","PrismaMod:MiyuCheapAttack1"],"picked":"PrismaMod:MiyuCheapChannelWeak","floor":38},{"not_picked":["PrismaMod:MiyuCheapDexBuff+1","PrismaMod:MiyuEvokeBuffDex+1","PrismaMod:MiyuCheapChannelVul"],"picked":"PrismaMod:MiyuDevil+1","floor":40},{"not_picked":["PrismaMod:MiyuOrbIncreasePerm+1","PrismaMod:MiyuCheapChannelVul","PrismaMod:MiyuCheapStrBuff"],"picked":"PrismaMod:MiyuChristmas+1","floor":42},{"not_picked":["PrismaMod:MiyuUncommonAOEAttack","PrismaMod:MiyuEvokeBuffStr","PrismaMod:MiyuCommonAOEAttack"],"picked":"PrismaMod:MiyuAttackChannelVul+1","floor":45},{"not_picked":["PrismaMod:MiyuUberAttack","PrismaMod:MiyuCheapDexBuff","PrismaMod:MiyuCheapAttack2","PrismaMod:MiyuEvokeCheapAttack+1"],"picked":"Singing Bowl","floor":47},{"not_picked":["PrismaMod:MiyuEvokeBuffDex","PrismaMod:MiyuUncommonPlate+1","PrismaMod:MiyuCheapAttack2"],"picked":"PrismaMod:MiyuAttackChannelVul","floor":48},{"not_picked":["PrismaMod:MiyuEvokeAll+1","PrismaMod:MiyuCommonAOEAttack","PrismaMod:MiyuCheapDexBuff"],"picked":"PrismaMod:MiyuUberAttack+1","floor":54}],"player_experience":476125,"relics_obtained":[{"floor":6.0,"key":"WingedGreaves"},{"floor":7.0,"key":"HornCleat"},{"floor":20.0,"key":"Singing Bowl"},{"floor":22.0,"key":"Enchiridion"},{"floor":26.0,"key":"Lantern"},{"floor":28.0,"key":"Boot"},{"floor":38,"key":"Replay:PocketPolymizer"},{"floor":40,"key":"Kunai"},{"floor":42,"key":"Grinning Jar"},{"floor":43,"key":"Bronze Scales"},{"floor":54,"key":"Unceasing Top"}],"event_choices":[{"damage_healed":0.0,"max_hp_gain":0.0,"max_hp_loss":0.0,"gold_gain":0.0,"event_name":"Shining Light","player_choice":"Entered Light","floor":4.0,"gold_loss":0.0,"damage_taken":15.0,"cards_upgraded":["PrismaMod:MiyuCommonDefend","PrismaMod:MiyuCommonDefend"]},{"damage_healed":0.0,"max_hp_gain":0.0,"max_hp_loss":0.0,"gold_gain":0.0,"event_name":"Accursed Blacksmith","player_choice":"Forge","floor":8.0,"gold_loss":0.0,"damage_taken":0.0,"cards_upgraded":["PrismaMod:MiyuCheapDefend1"]},{"cards_removed":["PrismaMod:MiyuCommonDefend"],"damage_healed":0.0,"max_hp_gain":0.0,"max_hp_loss":0.0,"gold_gain":0.0,"event_name":"Back to Basics","player_choice":"Elegance","floor":19.0,"gold_loss":0.0,"damage_taken":0.0},{"damage_healed":0.0,"max_hp_gain":0.0,"max_hp_loss":0.0,"gold_gain":0.0,"event_name":"Cursed Tome","player_choice":"Obtained Book","floor":22.0,"gold_loss":0.0,"damage_taken":16.0},{"cards_removed":["PrismaMod:MiyuCheapDexBuff"],"damage_healed":0,"gold_gain":0,"player_choice":"Removed Power","damage_taken":0,"max_hp_gain":0,"max_hp_loss":0,"event_name":"Falling","floor":36,"gold_loss":0},{"damage_healed":0,"gold_gain":0,"player_choice":"Fight","damage_taken":0,"max_hp_gain":0,"max_hp_loss":0,"event_name":"MindBloom","floor":38,"gold_loss":0},{"damage_healed":0,"gold_gain":0,"player_choice":"Max HP","damage_taken":0,"max_hp_gain":0,"max_hp_loss":4,"event_name":"Winding Halls","floor":39,"gold_loss":0}],"is_beta":false,"boss_relics":[{"not_picked":["Tiny House","Ectoplasm"],"picked":"Honey Jar"},{"not_picked":["Replay:Wanted Poster","Velvet Choker"],"picked":"Ring of Chaos"}],"items_purged_floors":[3,25],"is_endless":false,"potions_floor_spawned":[1,2,7,18,30,31,40,42,54],"ascension_level":0}}