{"host":"prxrhpgaxnj4om9r","time":1613100442,"event":{"mods":["AchievementEnabler","BaseMod","DeckTracker","Keyboard Shortcuts","Minty Spire (QoL Compilation)"],"gold_per_floor":[115,126,137,103,32,32,62,62,109,126,137,137,157,332,332,332,332],"floor_reached":16,"language":"KOR","playtime":494,"items_purged":[],"score":102,"play_id":"d1b1fe54-00f2-4ef3-9d8c-deafad43deaf","local_time":"20210212122722","is_ascension_mode":false,"campfire_choices":[{"data":"Distraction","floor":6,"key":"SMITH"},{"floor":8,"key":"REST"},{"floor":12,"key":"REST"},{"floor":15,"key":"REST"}],"circlet_count":0,"master_deck":["Strike_G","Strike_G","Strike_G","Strike_G","Strike_G","Defend_G","Defend_G","Defend_G","Defend_G","Defend_G","Survivor","Neutralize","Dagger Spray","Distraction+1","Poisoned Stab","Heel Hook","Glass Knife","Flying Knee","Bane","Backflip","Corpse Explosion"],"relics":["Ring of the Snake","Tough Bandages","Omamori"],"acts_visited":["Exordium"],"potions_floor_usage":[10,13,16],"damage_taken":[{"damage":1,"enemies":"Cultist","floor":1,"turns":4},{"damage":0,"enemies":"Small Slimes","floor":2,"turns":3},{"damage":5,"enemies":"2 Louse","floor":3,"turns":2},{"damage":45,"enemies":"Gremlin Nob","floor":7,"turns":5},{"damage":9,"enemies":"Exordium Thugs","floor":10,"turns":5},{"damage":0,"enemies":"Looter","floor":11,"turns":2},{"damage":2,"enemies":"Red Slaver","floor":13,"turns":2},{"damage":58,"enemies":"Slime Boss","floor":16,"turns":6}],"seed_played":"-4858612030773071984","potions_obtained":[{"floor":7,"key":"SkillPotion"},{"floor":11,"key":"SteroidPotion"},{"floor":13,"key":"LiquidBronze"}],"is_trial":false,"path_per_floor":["M","M","M","$","$","R","E","R","T","M","M","R","M","?","R","B"],"character_chosen":"THE_SILENT","items_purchased":["Heel Hook","Glass Knife"],"campfire_rested":3,"item_purchase_floors":[4,5],"current_hp_per_floor":[62,62,57,57,57,57,12,30,30,21,21,39,37,37,55,0,0],"gold":332,"neow_bonus":"ONE_RARE_RELIC","is_daily":false,"chose_seed":false,"campfire_upgraded":1,"win_rate":0.0,"timestamp":1613100442,"path_taken":["M","M","M","?","$","R","E","R","T","M","M","R","?","?","R","BOSS"],"items_purchased_type":["Card","Card"],"build_version":"2020-12-22","purchased_purges":0,"victory":false,"max_hp_per_floor":[63,63,63,63,63,63,63,63,63,63,63,63,63,63,63,63,63],"card_choices":[{"not_picked":["Sucker Punch","Setup"],"picked":"Dagger Spray","floor":1},{"not_picked":["Escape Plan","Deadly Poison"],"picked":"Distraction","floor":2},{"not_picked":["Flying Knee","Dagger Spray"],"picked":"Poisoned Stab","floor":3},{"not_picked":["Noxious Fumes","Poisoned Stab"],"picked":"Flying Knee","floor":7},{"not_picked":["Outmaneuver","Flying Knee"],"picked":"Bane","floor":10},{"not_picked":["Bane","Slice"],"picked":"Backflip","floor":11},{"not_picked":["Poisoned Stab","Accuracy"],"picked":"Corpse Explosion","floor":13}],"player_experience":395734,"relics_obtained":[{"floor":7,"key":"Omamori"}],"event_choices":[{"damage_healed":0,"gold_gain":175,"player_choice":"AGREE","damage_taken":0,"max_hp_gain":0,"max_hp_loss":0,"event_name":"Liars Game","floor":14,"gold_loss":0,"cards_obtained":["Doubt"]}],"is_beta":false,"boss_relics":[],"items_purged_floors":[],"is_endless":false,"potions_floor_spawned":[7,11,13],"killed_by":"Slime Boss","ascension_level":0}}