{"host":"6azrrw3tf7wb0f4b","time":1613134198,"event":{"mods":["BaseMod","DeckTracker","Minty Spire (QoL Compilation)","SuperFastMode"],"gold_per_floor":[115,126,126,126,49,49,67,95,150,166,166,186,186,202,202,275,275,286,299,299,314,158,158,188,207,207,225,256,256,356,356,356,429,429,445,191,191,191,205,205,237,237,262,275,275,290,290,84,84,84],"floor_reached":51,"language":"KOR","playtime":1365,"items_purged":["Defend_B","Strike_B","Pain"],"score":1247,"play_id":"8afa3225-5d21-436c-b228-aff66c3fa33e","local_time":"20210212214958","is_ascension_mode":true,"campfire_choices":[{"data":"Dualcast","floor":6.0,"key":"SMITH"},{"floor":13.0,"key":"REST"},{"data":"Defragment","floor":15.0,"key":"SMITH"},{"data":"Creative AI","floor":23.0,"key":"SMITH"},{"data":"Self Repair","floor":29.0,"key":"SMITH"},{"floor":32.0,"key":"DIG"},{"floor":40.0,"key":"DIG"},{"floor":42,"key":"DIG"},{"floor":45,"key":"DIG"},{"floor":47,"key":"DIG"},{"floor":49,"key":"DIG"}],"circlet_count":0,"master_deck":["AscendersBane","Strike_B+1","Defend_B","Defend_B","Defend_B","Zap","Dualcast+1","Compile Driver+1","Loop+1","Self Repair+1","Go for the Eyes","White Noise+1","Defragment+1","Rip and Tear","Auto Shields+1","Core Surge","Creative AI+1","Conserve Battery+1","Stack+1","BootSequence+1","White Noise+1","Darkness+1","Force Field+1","Steam+1","Chill+1","Amplify+1","Coolheaded+1","Fusion+1","Decay","Regret","Metamorphosis+1","Deep Breath+1"],"relics":["FrozenCore","Nunchaku","Toxic Egg 2","Bag of Marbles","Enchiridion","Meat on the Bone","Cables","Tiny Chest","Shovel","Pantograph","Letter Opener","Cursed Key","Membership Card","Mercury Hourglass","Vajra","Whetstone","The Courier","Smiling Mask","Mummified Hand","Incense Burner","Eternal Feather"],"acts_visited":["Exordium","TheCity","TheBeyond"],"potions_floor_usage":[41,41,50,50],"damage_taken":[{"damage":3.0,"enemies":"2 Louse","floor":1.0,"turns":2.0},{"damage":1.0,"enemies":"Cultist","floor":2.0,"turns":4.0},{"damage":9.0,"enemies":"Small Slimes","floor":7.0,"turns":4.0},{"damage":30.0,"enemies":"3 Sentries","floor":8.0,"turns":7.0},{"damage":10.0,"enemies":"2 Fungi Beasts","floor":10.0,"turns":3.0},{"damage":12.0,"enemies":"3 Louse","floor":12.0,"turns":2.0},{"damage":17.0,"enemies":"Gremlin Gang","floor":14.0,"turns":4.0},{"damage":3.0,"enemies":"Hexaghost","floor":16.0,"turns":9.0},{"damage":0.0,"enemies":"Spheric Guardian","floor":18.0,"turns":6.0},{"damage":4.0,"enemies":"3 Byrds","floor":19.0,"turns":2.0},{"damage":0.0,"enemies":"Snecko","floor":21.0,"turns":5.0},{"damage":13.0,"enemies":"Book of Stabbing","floor":24.0,"turns":7.0},{"damage":12.0,"enemies":"Snake Plant","floor":25.0,"turns":4.0},{"damage":0.0,"enemies":"3 Cultists","floor":27.0,"turns":6.0},{"damage":4.0,"enemies":"Gremlin Leader","floor":28.0,"turns":10.0},{"damage":5.0,"enemies":"Colosseum Slavers","floor":30.0,"turns":8.0},{"damage":12.0,"enemies":"Colosseum Nobs","floor":30.0,"turns":3.0},{"damage":41.0,"enemies":"Automaton","floor":33.0,"turns":12.0},{"damage":18.0,"enemies":"Orb Walker","floor":35.0,"turns":5.0},{"damage":0.0,"enemies":"3 Shapes","floor":39.0,"turns":7.0},{"damage":48,"enemies":"Reptomancer","floor":41,"turns":8},{"damage":5,"enemies":"Writhing Mass","floor":44,"turns":6},{"damage":5,"enemies":"4 Shapes","floor":46,"turns":6},{"damage":45,"enemies":"Awakened One","floor":50,"turns":6}],"seed_played":"-9000195723118155286","potions_obtained":[{"floor":8.0,"key":"SteroidPotion"},{"floor":10.0,"key":"Ancient Potion"},{"floor":16.0,"key":"FocusPotion"},{"floor":21.0,"key":"EntropicBrew"},{"floor":28.0,"key":"Fruit Juice"},{"floor":30.0,"key":"Block Potion"},{"floor":33.0,"key":"PotionOfCapacity"},{"floor":41,"key":"SkillPotion"},{"floor":44,"key":"FearPotion"}],"is_trial":false,"path_per_floor":["M","M","?","?","$","R","M","E","T","M","?","M","R","M","R","B",null,"M","M","?","M","$","R","E","M","T","M","E","R","?","?","R","B",null,"M","$","?","T","M","R","E","R","T","M","R","M","R","$","R","B",null],"character_chosen":"DEFECT","items_purchased":["Self Repair","White Noise+1","Membership Card","Fusion+1","Metamorphosis+1","Deep Breath+1","FocusPotion","FocusPotion"],"campfire_rested":1,"item_purchase_floors":[5,22,36,36,48,48,48,48],"current_hp_per_floor":[61,60,42,42,42,42,40,17,17,14,14,9,30,20,20,24,59,66,62,41,55,55,55,49,37,37,44,52,52,45,45,45,51,70,52,52,52,52,72,72,56,56,56,61,61,66,66,66,66,43],"gold":84,"neow_bonus":"REMOVE_CARD","is_daily":false,"chose_seed":false,"campfire_upgraded":4,"win_rate":0.0,"timestamp":1613134198,"path_taken":["M","M","?","?","$","R","M","E","T","?","?","M","R","M","R","BOSS","M","M","?","M","$","R","E","M","T","M","E","R","?","?","R","BOSS","M","$","?","?","M","R","E","R","T","M","R","?","R","$","R","BOSS"],"items_purchased_type":["Card","Card","Relic","Card","Card","Card","Potion","Potion"],"build_version":"2020-12-22","purchased_purges":3,"victory":true,"max_hp_per_floor":[71,71,71,71,71,71,71,71,71,71,71,71,71,71,71,71,71,71,71,71,71,71,71,71,71,71,71,76,76,76,76,76,76,76,76,76,76,76,76,76,76,76,76,76,76,76,76,76,76,76],"card_choices":[{"not_picked":["Rebound","Consume"],"picked":"Compile Driver","floor":1.0},{"not_picked":["Steam","Gash"],"picked":"Loop","floor":2.0},{"not_picked":["Tempest","Ball Lightning"],"picked":"Go for the Eyes","floor":7.0},{"not_picked":["Force Field+1","Compile Driver"],"picked":"White Noise+1","floor":8.0},{"not_picked":["Cold Snap","Steam+1"],"picked":"Defragment","floor":10.0},{"not_picked":["Stack+1","Redo+1"],"picked":"Auto Shields+1","floor":12.0},{"not_picked":["Barrage","Ball Lightning"],"picked":"Core Surge","floor":14.0},{"not_picked":["Fission+1","Core Surge"],"picked":"Creative AI","floor":16.0},{"not_picked":["Go for the Eyes","Cold Snap"],"picked":"Conserve Battery+1","floor":18.0},{"not_picked":["Rebound+1","Static Discharge"],"picked":"Stack+1","floor":19.0},{"not_picked":["Gash","Rainbow+1"],"picked":"BootSequence+1","floor":21.0},{"not_picked":["Beam Cell","Go for the Eyes"],"picked":"Darkness+1","floor":24.0},{"not_picked":["Reprogram+1","Blizzard"],"picked":"Force Field+1","floor":25.0},{"not_picked":["Lockon","Sweeping Beam"],"picked":"Steam+1","floor":27.0},{"not_picked":["Static Discharge","Steam+1"],"picked":"Chill+1","floor":28.0},{"not_picked":["Thunder Strike","Multi-Cast+1"],"picked":"Amplify+1","floor":33.0},{"not_picked":["Ball Lightning","Conserve Battery+1"],"picked":"Coolheaded+1","floor":35.0},{"not_picked":["Skim+1","Ball Lightning","Streamline+1"],"picked":"SKIP","floor":39.0},{"not_picked":["Rebound","Steam+1","Conserve Battery+1"],"picked":"SKIP","floor":41},{"not_picked":["Rebound+1","Loop+1","Streamline"],"picked":"SKIP","floor":44},{"not_picked":["Heatsinks+1","Leap+1","Coolheaded+1"],"picked":"SKIP","floor":46}],"player_experience":769512,"relics_obtained":[{"floor":8.0,"key":"Toxic Egg 2"},{"floor":9.0,"key":"Bag of Marbles"},{"floor":20.0,"key":"Enchiridion"},{"floor":24.0,"key":"Meat on the Bone"},{"floor":26.0,"key":"Cables"},{"floor":28.0,"key":"Tiny Chest"},{"floor":30.0,"key":"Shovel"},{"floor":30.0,"key":"Pantograph"},{"floor":32.0,"key":"Letter Opener"},{"floor":38.0,"key":"Mercury Hourglass"},{"floor":40.0,"key":"Vajra"},{"floor":41,"key":"Whetstone"},{"floor":42,"key":"The Courier"},{"floor":43,"key":"Smiling Mask"},{"floor":45,"key":"Mummified Hand"},{"floor":47,"key":"Incense Burner"},{"floor":49,"key":"Eternal Feather"}],"event_choices":[{"damage_healed":0.0,"max_hp_gain":0.0,"max_hp_loss":0.0,"gold_gain":0.0,"event_name":"Scrap Ooze","player_choice":"Success","floor":3.0,"gold_loss":0.0,"damage_taken":18.0,"relics_obtained":["Nunchaku"]},{"damage_healed":0.0,"max_hp_gain":0.0,"max_hp_loss":0.0,"gold_gain":0.0,"event_name":"Accursed Blacksmith","player_choice":"Forge","floor":4.0,"gold_loss":0.0,"damage_taken":0.0,"cards_upgraded":["Loop"]},{"damage_healed":0.0,"max_hp_gain":0.0,"max_hp_loss":0.0,"gold_gain":0.0,"cards_transformed":["Strike_B"],"event_name":"Transmorgrifier","player_choice":"Transformed","floor":11.0,"gold_loss":0.0,"damage_taken":0.0,"cards_obtained":["Rip and Tear"]},{"damage_healed":0.0,"max_hp_gain":0.0,"max_hp_loss":0.0,"gold_gain":0.0,"event_name":"Cursed Tome","player_choice":"Obtained Book","floor":20.0,"gold_loss":0.0,"damage_taken":21.0},{"damage_healed":0.0,"max_hp_gain":0.0,"max_hp_loss":0.0,"gold_gain":0.0,"event_name":"Colosseum","player_choice":"Fight","floor":30.0,"gold_loss":0.0,"damage_taken":0.0},{"damage_healed":0.0,"max_hp_gain":0.0,"max_hp_loss":0.0,"gold_gain":0.0,"event_name":"Colosseum","player_choice":"Fought Nobs","floor":30.0,"gold_loss":0.0,"damage_taken":0.0},{"damage_healed":0.0,"max_hp_gain":0.0,"max_hp_loss":0.0,"gold_gain":0.0,"event_name":"Vampires","player_choice":"Ignored","floor":31.0,"gold_loss":0.0,"damage_taken":0.0},{"damage_healed":0.0,"max_hp_gain":0.0,"max_hp_loss":0.0,"gold_gain":0.0,"event_name":"Wheel of Change","player_choice":"Cursed","floor":37.0,"gold_loss":0.0,"damage_taken":0.0,"cards_obtained":["Decay"]}],"is_beta":false,"boss_relics":[{"not_picked":["Velvet Choker","Philosopher\u0027s Stone"],"picked":"FrozenCore"},{"not_picked":["Tiny House","Black Star"],"picked":"Cursed Key"}],"items_purged_floors":[22,36,48],"is_endless":false,"potions_floor_spawned":[8,10,12,16,21,25,28,30,33,35,41,44],"ascension_level":16}}