{"host":"k0cm6nn9mnmji9h1","time":1613138768,"event":{"mods":["100% Spire Juice","2.2 Compatiblity","AchievementEnabler","BaseMod","Colored Map","DeckTracker","Gremlin Skip","Highlight Path","Lobotomy","Minty Spire (QoL Compilation)","Permanent Neow","Shade Mod","StSLib","The Dragon Tamer","The Marked","Waifu the Spire"],"gold_per_floor":[109,124,142,152,327,352,352,362,388,388,388,398,398,431,431,431,431],"floor_reached":16,"language":"KOR","playtime":638,"items_purged":[],"score":162,"play_id":"f29af6c2-9122-42c2-91dd-15425724834a","local_time":"20210212230608","is_ascension_mode":false,"campfire_choices":[{"floor":7,"key":"REST"},{"floor":11,"key":"REST"},{"floor":13,"key":"RECALL"},{"floor":15,"key":"REST"}],"circlet_count":0,"master_deck":["Apo_Pray","Apo_SoulSlash","Apo_Charge","Apo_Charge","Apo_Charge","Apo_Charge","Apo_Beam","Apo_Beam","Apo_Beam","Apo_Execute","Apo_Slash","Apo_Slash","Apo_SoulSlash","Scarecrow","UniverseFragment"],"relics":["Ring of the Snake","CogitoBucket","Whetstone","ChangeAnything","Nunchaku","ApostleMask","Toy Ornithopter"],"acts_visited":["Exordium"],"potions_floor_usage":[6,10,10,16,16],"damage_taken":[{"damage":0,"enemies":"Cultist","floor":1,"turns":3},{"damage":6,"enemies":"2 Louse","floor":2,"turns":3},{"damage":2,"enemies":"Jaw Worm","floor":3,"turns":4},{"damage":21,"enemies":"Lots of Slimes","floor":4,"turns":4},{"damage":16,"enemies":"Gremlin Nob","floor":6,"turns":4},{"damage":26,"enemies":"3 Louse","floor":8,"turns":4},{"damage":10,"enemies":"Looter","floor":12,"turns":2},{"damage":0,"enemies":"Lagavulin","floor":14,"turns":2},{"damage":22,"enemies":"Hexaghost","floor":16,"turns":5}],"seed_played":"3592048109694230419","potions_obtained":[{"floor":2,"key":"EntropicBrew"},{"floor":4,"key":"PowerPotion"},{"floor":14,"key":"Weak Potion"}],"is_trial":false,"path_per_floor":["M","M","M","M","?","E","R","M","T","E","R","M","R","E","R","B"],"character_chosen":"THE_SILENT","items_purchased":[],"campfire_rested":3,"item_purchase_floors":[],"current_hp_per_floor":[70,64,63,43,43,30,51,30,30,31,31,21,21,21,21,0,0],"gold":431,"neow_bonus":"","is_daily":false,"chose_seed":false,"campfire_upgraded":0,"win_rate":0.0,"timestamp":1613138768,"path_taken":["M","?","M","M","?","E","R","M","T","E","R","M","R","E","R","BOSS"],"items_purchased_type":[],"build_version":"2020-12-22","purchased_purges":0,"victory":false,"max_hp_per_floor":[70,70,70,70,70,70,70,70,70,70,70,70,70,70,70,70,70],"card_choices":[{"not_picked":["WallGazer","ShyLook"],"picked":"PlagueDoctor","floor":1},{"not_picked":["Dagger Throw","Backstab"],"picked":"Quick Slash","floor":1},{"not_picked":["WhitesApple","SingingMachine"],"picked":"SpiderBud","floor":2},{"not_picked":["Distraction","Acrobatics"],"picked":"Quick Slash","floor":2},{"not_picked":["CrumblingArmor","ShyLook"],"picked":"GreedKing","floor":3},{"not_picked":["Prepared","Venomology"],"picked":"All Out Attack","floor":3},{"not_picked":["DreamingCurrent","WallGazer"],"picked":"NakedNest","floor":4},{"not_picked":["Dagger Throw","Tactician"],"picked":"Prepared","floor":4},{"not_picked":["WallGazer","BeautyBeast"],"picked":"UniverseFragment","floor":6},{"not_picked":["Acrobatics","Glass Knife"],"picked":"Unload","floor":6},{"not_picked":["WallGazer","MeatLantern"],"picked":"Bloodbath","floor":8},{"not_picked":["Dagger Throw","Burst","Flying Knee"],"picked":"SKIP","floor":8},{"not_picked":["CrumblingArmor","Wellcheers"],"picked":"Scarecrow","floor":12},{"not_picked":["Escape Plan","Quick Slash","Underhanded Strike"],"picked":"SKIP","floor":12},{"not_picked":["ShyLook","Bloodbath"],"picked":"UniverseFragment","floor":14},{"not_picked":["Distraction","Expertise","Caltrops"],"picked":"SKIP","floor":14}],"player_experience":504290,"relics_obtained":[{"floor":6,"key":"Whetstone"},{"floor":9,"key":"Nunchaku"},{"floor":14,"key":"Toy Ornithopter"}],"event_choices":[{"damage_healed":0,"gold_gain":175,"player_choice":"AGREE","damage_taken":0,"max_hp_gain":0,"max_hp_loss":0,"event_name":"Liars Game","floor":5,"gold_loss":0,"cards_obtained":["Doubt"]}],"is_beta":false,"boss_relics":[],"items_purged_floors":[],"is_endless":false,"potions_floor_spawned":[2,4,14],"killed_by":"Hexaghost","ascension_level":0}}