{"host":"o3b7ow6d1xe49css","time":1613116473,"event":{"mods":["Act Like it!","Aspiration","BaseMod","Bestiary","Better Altar","Better Match","Better Note","Better Sensory Stone","Better Skull","Better Third Choice","Colored Powertips","Conspire","Energized Spire","GifTheSpireLib","Halation","Hermit","Hubris","Infinite Spire","Lobotomy","Marisa????????","Minty Spire (QoL Compilation)","Quick Restart","Rare Cards Sparkle","Relic Filter Mod","Reliquary","Replay The Spire","Spicy Shops","Spikes Relics","Spire Arcade","StSLib","Stuff the Spire","The Blue Laboratory","Wandering Minibosses"],"gold_per_floor":[111,123,137,137,157,187,222,27,27,22,22,22,22,34,34,139,139,150,165,165,90,90,90,117,147,171,171,171,171,171,203,203,298,298,308,321,77,77,77,108,137,172,172,172,172,206,206,241,321,426,426,426,29,62,82],"floor_reached":56,"language":"ENG","playtime":2846,"items_purged":["Strike_B","Strike_B","hubris:PowerSurge","Defend_B"],"score":1816,"play_id":"049dee76-4d81-4e66-92ff-a9e4803ca959","local_time":"20210211225433","daily_mods":["Heirloom","Flight"],"is_ascension_mode":true,"campfire_choices":[{"data":"Double Energy","floor":11,"key":"SMITH"},{"floor":13,"key":"REST"},{"data":"hubris:PowerSurge","floor":15,"key":"SMITH"},{"data":"StuffTheSpire:Ambrosia","floor":23,"key":"SMITH"},{"data":"StuffTheSpire:Ambrosia+1","floor":27,"key":"SMITH"},{"data":"hubris:PowerSurge+1","floor":28,"key":"SMITH"},{"data":"StuffTheSpire:Ambrosia+2","floor":32,"key":"SMITH"},{"data":"hubris:PowerSurge+2","floor":44,"key":"SMITH"},{"data":"Loop","floor":45,"key":"SMITH"},{"data":"StuffTheSpire:Plugnplay","floor":52,"key":"SMITH"}],"circlet_count":0,"master_deck":["Defend_B","Defend_B","Defend_B","Zap","Dualcast","Undo","Cold Snap","Ball Lightning","Double Energy+1","hubris:PowerSurge+3","Loop+1","Loop","Hologram","CurseOfTheBell","Seek","StuffTheSpire:Ambrosia+3","Echo Form","StuffTheSpire:Plugnplay+1","infinitespire:Fortify","FIFO Queue","Core Surge"],"relics":["Cracked Core","Ring of Chaos","conspire:InfiniteJournal","CogitoBucket","Prayer Wheel","hubris:FunFungus","Replay:Antivirus Software","Iron Hammer","Calling Bell","infinitespire:Eraser","aspiration:DSix","Prayer Wheel","aspiration:EnhancedActuators","Replay:Mystery Machine","infinitespire:Freezer","Pondfish Scales","BrokenLever","infinitespire:ShieldingShard","Coffee Dripper","ResearcherNote","Carrot","infinitespire:Midas Blood","Pear","Blue Doll","Girya","halation:PrussianBluePaint","infinitespire:Satchel","Shovel","hubris:VirtuousBlindfold","Ring of Chaos","ClockworkSouvenir","Happy Flower","hubris:BottledRain"],"acts_visited":["Exordium","TheCity","TheBeyond","Exordium","TheEnding"],"potions_floor_usage":[16,33,40,46,50,55],"damage_taken":[{"damage":0,"enemies":"2 Louse","floor":1,"turns":2},{"damage":1,"enemies":"Cultist","floor":2,"turns":4},{"damage":17,"enemies":"Small Slimes","floor":3,"turns":6},{"damage":4,"enemies":"2 Fungi Beasts","floor":5,"turns":3},{"damage":9,"enemies":"Gremlin Nob","floor":6,"turns":4},{"damage":15,"enemies":"Lagavulin","floor":7,"turns":9},{"damage":0,"enemies":"Blue Slaver","floor":14,"turns":5},{"damage":8,"enemies":"Hexaghost","floor":16,"turns":8},{"damage":9,"enemies":"2 Thieves","floor":18,"turns":4},{"damage":1,"enemies":"Spheric Guardian","floor":19,"turns":4},{"damage":0,"enemies":"Nightmare","floor":24,"turns":9},{"damage":14,"enemies":"Book of Stabbing","floor":25,"turns":5},{"damage":0,"enemies":"Gremlin Leader","floor":31,"turns":4},{"damage":34,"enemies":"hubris:MusketHawk","floor":33,"turns":7},{"damage":0,"enemies":"3 Darklings","floor":35,"turns":3},{"damage":0,"enemies":"Orb Walker","floor":36,"turns":3},{"damage":20,"enemies":"Nightmare","floor":40,"turns":9},{"damage":0,"enemies":"Reptomancer","floor":41,"turns":6},{"damage":0,"enemies":"R_Hoarder","floor":42,"turns":11},{"damage":9,"enemies":"Giant Head","floor":46,"turns":7},{"damage":0,"enemies":"R_Hoarder","floor":48,"turns":6},{"damage":4,"enemies":"infinitespire:MassOfShapes","floor":50,"turns":15},{"damage":17,"enemies":"Shield and Spear","floor":54,"turns":8},{"damage":27,"enemies":"The Heart","floor":55,"turns":11}],"seed_played":"-4293844994331463718","potions_obtained":[{"floor":1,"key":"Elixir"},{"floor":7,"key":"blueLaboratory:RememoryPotion"},{"floor":16,"key":"EssenceOfDarkness"},{"floor":25,"key":"Block Potion"},{"floor":36,"key":"blueLaboratory:Moonshine"},{"floor":40,"key":"Dexterity Potion"},{"floor":48,"key":"blueLaboratory:NullPotion"},{"floor":54,"key":"blueLaboratory:CoolantVial"}],"is_trial":true,"path_per_floor":["M","M","M","?","M","E","E","$","T","$","R","?","R","M","R","B",null,"M","M","?","?","?","R","NM","E","T","R","R","AVR","T","E","R","B",null,"M","M","$","?","?","NM","E","E","T","R","R","E","AVR","E","R","B",null,"R","$","E","B",null],"character_chosen":"DEFECT","items_purchased":["hubris:PowerSurge","Loop","Carrot","ClockworkSouvenir","Happy Flower"],"campfire_rested":1,"item_purchase_floors":[8,10,37,53,53],"current_hp_per_floor":[75,74,57,61,57,48,41,41,41,41,41,41,63,64,64,59,71,65,66,66,66,66,66,71,61,61,61,61,61,61,66,66,44,76,87,92,92,92,98,102,116,120,120,120,120,118,118,128,128,132,132,132,132,133,132],"gold":82,"neow_bonus":"","is_daily":false,"chose_seed":false,"campfire_upgraded":9,"win_rate":0.0,"timestamp":1613116473,"path_taken":["M","M","M","?","?","E","E","$","T","?","R","?","R","M","R","BOSS","M","M","?","?","?","R","NM","E","T","R","R","AVR","?","E","R","BOSS","M","M","$","?","?","NM","E","E","T","R","R","E","AVR","E","R","BOSS","R","$","E","BOSS"],"items_purchased_type":["Card","Card","Relic","Relic","Relic"],"build_version":"2020-12-22","purchased_purges":4,"victory":true,"max_hp_per_floor":[75,75,75,75,75,75,75,75,75,75,75,75,75,75,75,75,75,75,75,75,75,75,75,77,79,79,79,79,79,79,82,82,86,86,94,98,98,98,98,102,116,120,120,120,120,124,124,128,128,132,132,132,132,136,140],"card_choices":[{"not_picked":["Beam Cell","Turbo"],"picked":"Undo","floor":1},{"not_picked":["ReplayTheSpireMod:Reroute Power","StuffTheSpire:LoadUp"],"picked":"ReplayTheSpireMod:Fabricate Wheel","floor":2},{"not_picked":["DiskWipe","Gash"],"picked":"Cold Snap","floor":3},{"not_picked":["Steam Power","Consume","Aggregate"],"picked":"SKIP","floor":3},{"not_picked":["Gash","Beam Cell"],"picked":"Ball Lightning","floor":5},{"not_picked":["Hello World","ReplayTheSpireMod:Dual Polarity","Turbo"],"picked":"SKIP","floor":5},{"not_picked":["Sweeping Beam","Beam Cell"],"picked":"Double Energy","floor":6},{"not_picked":["Stack","Fusion","StuffTheSpire:LaunchingStrike"],"picked":"SKIP","floor":7},{"not_picked":["MHz","BigBird","SnowQueen"],"picked":"Singing Bowl","floor":7},{"not_picked":["Stack","Fusion","StuffTheSpire:LaunchingStrike"],"picked":"SKIP","floor":7},{"not_picked":["Stack","Barrage"],"picked":"Hologram","floor":14},{"not_picked":["Hologram","Ball Lightning","Turbo"],"picked":"SKIP","floor":14},{"not_picked":["Thunder Strike","All For One"],"picked":"ReplayTheSpireMod:Fabricate Wheel","floor":16},{"not_picked":["MHz","WallGazer","LittlePrince"],"picked":"Singing Bowl","floor":18},{"not_picked":["Redo+1","Rip and Tear+1"],"picked":"Static Discharge+1","floor":18},{"not_picked":["Chill","Go for the Eyes","Sunder"],"picked":"SKIP","floor":18},{"not_picked":["Cold Snap+1","Steam Power+1"],"picked":"hubris:PowerSurge","floor":19},{"not_picked":["Compile Driver","ReplayTheSpireMod:Repulse","Consume"],"picked":"SKIP","floor":19},{"not_picked":["Beam Cell+1","Go for the Eyes","StuffTheSpire:Coldhearted"],"picked":"SKIP","floor":19},{"not_picked":["StuffTheSpire:Rapture","StuffTheSpire:Innocence"],"picked":"StuffTheSpire:Ambrosia","floor":22},{"not_picked":["Coolheaded+1","Ball Lightning"],"picked":"Echo Form","floor":24},{"not_picked":["BodiesMountain","BigBadWolf","BlueStar"],"picked":"Singing Bowl","floor":24},{"not_picked":["LaLuna","GalaxyChild","LittlePrince"],"picked":"Singing Bowl","floor":25},{"not_picked":["Reinforced Body","Darkness","Compile Driver+1"],"picked":"SKIP","floor":25},{"not_picked":["Beam Cell","ReplayTheSpireMod:Fabricate Wheel","Compile Driver"],"picked":"SKIP","floor":31},{"not_picked":["MeatLantern","NakedNest","PunishingBird"],"picked":"Singing Bowl","floor":31},{"not_picked":["Beam Cell","ReplayTheSpireMod:Fabricate Wheel","Compile Driver"],"picked":"SKIP","floor":31},{"not_picked":["Rudolta","WhitesApple","Freischutz"],"picked":"Singing Bowl","floor":35},{"not_picked":["StuffTheSpire:NuclearReactor+1","StuffTheSpire:Rend","Barrage"],"picked":"SKIP","floor":35},{"not_picked":["Compile Driver+1","StuffTheSpire:LoadUp","Panic Button+1"],"picked":"SKIP","floor":35},{"not_picked":["Conserve Battery+1","Gash","Leap+1"],"picked":"SKIP","floor":35},{"not_picked":["Hyperbeam","StuffTheSpire:CleanHardDrive+1"],"picked":"StuffTheSpire:Plugnplay","floor":36},{"not_picked":["Panic Button","Compile Driver+1","ReplaySolidLightProjector"],"picked":"SKIP","floor":36},{"not_picked":["Rebound+1","Sweeping Beam","BasicCrystalCard+1"],"picked":"SKIP","floor":36},{"not_picked":["infinitespire:DeathsTouch","ReplayTheSpireMod:Black Plague"],"picked":"infinitespire:Fortify","floor":40},{"not_picked":["Undo","Mirror Shield","Crystallizer"],"picked":"SKIP","floor":40},{"not_picked":["WallGazer","Freischutz","Mercenary"],"picked":"Singing Bowl","floor":40},{"not_picked":["Undo","Mirror Shield","Crystallizer"],"picked":"SKIP","floor":40},{"not_picked":["StuffTheSpire:ForEach","StuffTheSpire:LoadUp","Compile Driver+1"],"picked":"SKIP","floor":41},{"not_picked":["HeroicMonk","Variant","FairyFestival"],"picked":"Singing Bowl","floor":41},{"not_picked":["StuffTheSpire:ForEach","StuffTheSpire:LoadUp","Compile Driver+1"],"picked":"SKIP","floor":41},{"not_picked":["BigBadWolf","BodiesMountain","Yin"],"picked":"Singing Bowl","floor":42},{"not_picked":["hubris:DoWhile","Reinforced Body+1","Beam Cell+1"],"picked":"SKIP","floor":42},{"not_picked":["Go for the Eyes+1","ReplayTheSpireMod:Omega Cannon"],"picked":"FIFO Queue","floor":46},{"not_picked":["StuffTheSpire:LoadUp","ReplaySolidLightProjector","Blizzard+1"],"picked":"SKIP","floor":48},{"not_picked":["BlueStar","LongBird","Woodsman"],"picked":"Singing Bowl","floor":50},{"not_picked":["Creative AI","Reboot"],"picked":"Core Surge","floor":50},{"not_picked":["StuffTheSpire:LoadUp","StuffTheSpire:Coldhearted","Scrape+1"],"picked":"SKIP","floor":54},{"not_picked":["Freischutz","SilentOrchestra","Yin"],"picked":"Singing Bowl","floor":54},{"not_picked":["StuffTheSpire:LoadUp","StuffTheSpire:Coldhearted","Scrape+1"],"picked":"SKIP","floor":54}],"player_experience":1373053,"relics_obtained":[{"floor":6,"key":"hubris:FunFungus"},{"floor":7,"key":"Replay:Antivirus Software"},{"floor":9,"key":"Iron Hammer"},{"floor":17,"key":"infinitespire:Eraser"},{"floor":17,"key":"aspiration:DSix"},{"floor":17,"key":"Juzu Bracelet"},{"floor":24,"key":"aspiration:EnhancedActuators"},{"floor":25,"key":"Replay:Mystery Machine"},{"floor":26,"key":"infinitespire:Freezer"},{"floor":30,"key":"BrokenLever"},{"floor":31,"key":"infinitespire:ShieldingShard"},{"floor":40,"key":"infinitespire:Midas Blood"},{"floor":41,"key":"Pear"},{"floor":42,"key":"Blue Doll"},{"floor":43,"key":"Girya"},{"floor":46,"key":"halation:PrussianBluePaint"},{"floor":48,"key":"Shovel"},{"floor":54,"key":"hubris:BottledRain"}],"event_choices":[{"damage_healed":4,"gold_gain":0,"player_choice":"LEAVE ","damage_taken":0,"relics_obtained":[],"max_hp_gain":0,"max_hp_loss":0,"event_name":"betterSkull:BetterSkull","floor":4,"gold_loss":0,"cards_upgraded":[]},{"damage_healed":0,"gold_gain":0,"player_choice":"Ignored","damage_taken":0,"max_hp_gain":0,"max_hp_loss":0,"event_name":"betterNote:BetterNote","floor":20,"gold_loss":0,"cards_obtained":["Strike_R"]},{"cards_removed":["Strike_B"],"damage_healed":0,"gold_gain":0,"player_choice":"Gave Gold","damage_taken":0,"max_hp_gain":0,"max_hp_loss":0,"event_name":"Beggar","floor":21,"gold_loss":75},{"cards_removed":["Static Discharge"],"damage_healed":0,"gold_gain":0,"player_choice":"Removed Power","damage_taken":0,"max_hp_gain":0,"max_hp_loss":0,"event_name":"Falling","floor":38,"gold_loss":0}],"is_beta":false,"boss_relics":[{"not_picked":["energizedSpire:CursedPentagram","halation:SmartPhone"],"picked":"Calling Bell"},{"not_picked":["hubris:BlackHole","Replay:Ancient Bell"],"picked":"Coffee Dripper"},{"not_picked":["halation:LoveArrow","halation:CatFaceCupcake"],"picked":"hubris:VirtuousBlindfold"}],"items_purged_floors":[8,29,47,53],"is_endless":true,"potions_floor_spawned":[1,7,16,18,25,36,40,41,48,54],"ascension_level":5}}