{"host":"fnk117zi8wf5078t","time":1613118377,"event":{"mods":["AchievementEnabler","BaseMod","Colored Map","Minty Spire (QoL Compilation)","Rare Cards Sparkle","SuperFastMode","everything is the same but u backflip on backflip"],"gold_per_floor":[367,378,64,79,93,118,118,132,158,158,158,184,196,218,230,346,358,382,394,9,9,9,9,23,23,23,36,51,64,90,90,90,90,90],"floor_reached":33,"language":"KOR","playtime":1000,"items_purged":[],"score":411,"play_id":"95b967d8-08e7-4892-9ef7-e9bddf0c05bb","local_time":"20210212172617","is_ascension_mode":true,"campfire_choices":[{"floor":7.0,"key":"REST"},{"data":"Trip","floor":10.0,"key":"SMITH"},{"floor":13.0,"key":"REST"},{"data":"Genetic Algorithm","floor":15.0,"key":"SMITH"},{"floor":23.0,"key":"REST"},{"data":"Machine Learning","floor":25.0,"key":"SMITH"},{"floor":32.0,"key":"REST"}],"circlet_count":0,"master_deck":["AscendersBane","Strike_B","Strike_B","Strike_B","Strike_B","Defend_B","Defend_B","Defend_B","Defend_B","Zap","Dualcast","Rip and Tear","Defragment","Trip+1","Scrape","Steam Power","Steam","Self Repair+1","Genetic Algorithm+1","Gash","Seek","Steam","Good Instincts","Scrape","FTL","Machine Learning+1","White Noise","Gash"],"relics":["Cracked Core","Regal Pillow","Pantograph","Lantern","MawBank","Nuclear Battery","Vajra","Question Card","Potion Belt","MealTicket"],"acts_visited":["Exordium","TheCity"],"potions_floor_usage":[33,33,33],"damage_taken":[{"damage":12.0,"enemies":"Jaw Worm","floor":1.0,"turns":3.0},{"damage":1.0,"enemies":"Cultist","floor":2.0,"turns":3.0},{"damage":2.0,"enemies":"Small Slimes","floor":4.0,"turns":3.0},{"damage":18.0,"enemies":"3 Louse","floor":5.0,"turns":3.0},{"damage":12.0,"enemies":"Gremlin Nob","floor":6.0,"turns":3.0},{"damage":12.0,"enemies":"Looter","floor":8.0,"turns":3.0},{"damage":31.0,"enemies":"Lagavulin","floor":12.0,"turns":6.0},{"damage":30.0,"enemies":"Large Slime","floor":14.0,"turns":4.0},{"damage":24.0,"enemies":"Hexaghost","floor":16.0,"turns":8.0},{"damage":25.0,"enemies":"Shell Parasite","floor":18.0,"turns":6.0},{"damage":0.0,"enemies":"Spheric Guardian","floor":24.0,"turns":3.0},{"damage":6.0,"enemies":"3 Cultists","floor":27.0,"turns":5.0},{"damage":32.0,"enemies":"Cultist and Chosen","floor":28.0,"turns":6.0},{"damage":19.0,"enemies":"Centurion and Healer","floor":29.0,"turns":6.0},{"damage":0,"enemies":"Automaton","floor":33,"turns":2}],"seed_played":"-9096861813975575085","potions_obtained":[{"floor":1.0,"key":"SteroidPotion"},{"floor":6.0,"key":"PowerPotion"},{"floor":8.0,"key":"ColorlessPotion"},{"floor":16.0,"key":"PotionOfCapacity"},{"floor":24.0,"key":"PowerPotion"},{"floor":27.0,"key":"SkillPotion"},{"floor":28.0,"key":"DuplicationPotion"}],"is_trial":false,"path_per_floor":["M","M","$","M","M","E","R","M","T","R","?","E","R","M","R","B",null,"M","?","$","?","?","R","M","R","T","M","M","M","T","?","R","B"],"character_chosen":"DEFECT","items_purchased":["Trip","Regal Pillow","Scrape","Question Card","Good Instincts","Scrape"],"campfire_rested":4,"item_purchase_floors":[3,3,3,20,20,20],"current_hp_per_floor":[56,55,55,53,35,23,58,53,53,53,53,42,68,48,48,54,65,50,50,50,38,38,73,73,73,73,73,51,42,42,42,73,73,73],"gold":90,"neow_bonus":"TWO_FIFTY_GOLD","is_daily":false,"chose_seed":false,"campfire_upgraded":3,"win_rate":0.0,"timestamp":1613118377,"path_taken":["M","M","$","M","M","E","R","M","T","R","?","E","R","M","R","BOSS","M","?","?","?","?","R","M","R","T","M","M","M","?","?","R","BOSS"],"items_purchased_type":["Card","Relic","Card","Relic","Card","Card"],"build_version":"2020-12-22","purchased_purges":0,"victory":false,"max_hp_per_floor":[68,68,68,68,68,68,68,68,68,68,68,68,68,68,68,68,68,68,68,68,73,73,73,73,73,73,73,73,73,73,73,73,73,73],"card_choices":[{"not_picked":["Force Field","Leap"],"picked":"Rip and Tear","floor":1.0},{"not_picked":["Tempest","Turbo"],"picked":"Defragment","floor":2.0},{"not_picked":["Capacitor","Rebound"],"picked":"Steam Power","floor":4.0},{"not_picked":["Cold Snap","Sweeping Beam"],"picked":"Steam","floor":5.0},{"not_picked":["Stack","Barrage"],"picked":"Self Repair","floor":6.0},{"not_picked":["Rebound","Conserve Battery","Capacitor"],"picked":"SKIP","floor":8.0},{"not_picked":["Hologram","Meteor Strike"],"picked":"Genetic Algorithm","floor":12.0},{"not_picked":["Steam","Rebound"],"picked":"Gash","floor":14.0},{"not_picked":["Rainbow","Meteor Strike"],"picked":"Seek","floor":16.0},{"not_picked":["Consume","Hologram"],"picked":"Steam","floor":18.0},{"not_picked":["Redo","Leap","Static Discharge+1"],"picked":"Machine Learning","floor":24.0},{"not_picked":["Redo","Hello World","Go for the Eyes"],"picked":"White Noise","floor":27.0},{"not_picked":["Chaos","Beam Cell","Streamline"],"picked":"Gash","floor":28.0},{"not_picked":["Cold Snap","Barrage","Hologram","Biased Cognition"],"picked":"SKIP","floor":29.0}],"player_experience":429764,"relics_obtained":[{"floor":6.0,"key":"Pantograph"},{"floor":9.0,"key":"Lantern"},{"floor":12.0,"key":"MawBank"},{"floor":26.0,"key":"Potion Belt"},{"floor":30.0,"key":"MealTicket"}],"event_choices":[{"damage_healed":0.0,"max_hp_gain":0.0,"max_hp_loss":0.0,"gold_gain":0.0,"event_name":"Upgrade Shrine","player_choice":"Upgraded","floor":11.0,"gold_loss":0.0,"damage_taken":0.0,"cards_upgraded":["Self Repair"]},{"damage_healed":0.0,"max_hp_gain":0.0,"max_hp_loss":0.0,"gold_gain":0.0,"event_name":"WeMeetAgain","player_choice":"Gave Potion","floor":19.0,"gold_loss":0.0,"damage_taken":0.0,"relics_obtained":["Vajra"]},{"damage_healed":0.0,"max_hp_gain":5.0,"max_hp_loss":0.0,"gold_gain":0.0,"event_name":"Forgotten Altar","player_choice":"Shed Blood","floor":21.0,"gold_loss":0.0,"damage_taken":17.0},{"damage_healed":0.0,"max_hp_gain":0.0,"max_hp_loss":0.0,"gold_gain":0.0,"event_name":"The Library","player_choice":"Read","floor":22.0,"gold_loss":0.0,"damage_taken":0.0,"cards_obtained":["FTL"]},{"damage_healed":0.0,"max_hp_gain":0.0,"max_hp_loss":0.0,"gold_gain":0.0,"event_name":"Ghosts","player_choice":"Ignored","floor":31.0,"gold_loss":0.0,"damage_taken":0.0}],"is_beta":false,"boss_relics":[{"not_picked":["SacredBark","Cursed Key"],"picked":"Nuclear Battery"}],"items_purged_floors":[],"is_endless":false,"potions_floor_spawned":[1,6,8,16,24,27,28],"killed_by":"Automaton","ascension_level":12}}