{"host":"13ii7kifcsv20hya","time":1613131441,"event":{"mods":["BaseMod","Downfall","Hermit","Minty Spire (QoL Compilation)","Replay The Spire","StSLib","The Cursed"],"gold_per_floor":[118,118,134,11,28,53,53,87,87,87,52,68,68,85,85,184,184,200,200,200,45,45,45,79,79,79,109,109,120,75,88,103,16,16,115,115,125,43,41,54,1,1,1],"floor_reached":42,"language":"ENG","playtime":2249,"items_purged":["Regret","Strike_G"],"score":518,"play_id":"4f6085a3-aa39-4992-a55c-4ff8b0d568a2","local_time":"20210212130401","is_ascension_mode":true,"campfire_choices":[{"data":"Survivor","floor":7,"key":"SMITH"},{"data":"Poison Darts","floor":10,"key":"SMITH"},{"floor":15,"key":"REST"},{"data":"Noxious Fumes","floor":23,"key":"SMITH"},{"data":"Defend_G","floor":34,"key":"SMITH"}],"circlet_count":0,"master_deck":["Strike_G","Strike_G","Strike_G","Strike_G","Defend_G+1","Defend_G","Defend_G","Defend_G","Defend_G+1","Survivor+1","Deadly Poison","Deadly Poison","Dagger Throw","Cloak And Dagger","Poison Darts+1","Replay:Poison Smokescreen+1","Acrobatics+1","PiercingWail+1","ReplayTheSpireMod:Necrosis+1","Outmaneuver+1","Noxious Fumes+1","Crippling Poison+1","Deadly Poison+1","ReplayTheSpireMod:IOU","Footwork+1","ReplayTheSpireMod:Speed Training+1","Malaise+1","Backflip+1","Replay:Bag of Tricks+1","Sneak Up+1","ReplayTheSpireMod:IOU","Blur+1","Well Laid Plans","Well Laid Plans","Catalyst+1","ReplayTheSpireMod:IOU"],"relics":["Ring of the Snake","NeowsBlessing","Toy Ornithopter","Prayer Wheel","Toxic Egg 2","Coffee Dripper","Blue Candle","MutagenicStrength","Membership Card","Blue Doll","Mirror","Replay:Wax Seal","Singing Bowl","ClockworkSouvenir","Matryoshka","Sozu","BargainBundle","Replay:Kaleidoscope"],"acts_visited":["Exordium","TheCity","TheBeyond"],"potions_floor_usage":[6,24,27,33,33,35],"damage_taken":[{"damage":0,"enemies":"Cultist","floor":1,"turns":1},{"damage":0,"enemies":"Jaw Worm","floor":3,"turns":1},{"damage":0,"enemies":"2 Louse","floor":5,"turns":1},{"damage":23,"enemies":"Gremlin Nob","floor":6,"turns":5},{"damage":39,"enemies":"3 Sentries","floor":8,"turns":16},{"damage":7,"enemies":"2 Fungi Beasts","floor":12,"turns":3},{"damage":0,"enemies":"Large Slime","floor":14,"turns":6},{"damage":14,"enemies":"The Guardian","floor":16,"turns":8},{"damage":10,"enemies":"Chosen","floor":18,"turns":4},{"damage":11,"enemies":"Book of Stabbing","floor":24,"turns":5},{"damage":25,"enemies":"Slavers","floor":27,"turns":5},{"damage":0,"enemies":"Spheric Guardian","floor":29,"turns":2},{"damage":3,"enemies":"Centurion and Healer","floor":31,"turns":6},{"damage":6,"enemies":"Snake Plant","floor":32,"turns":4},{"damage":9,"enemies":"3 Cultists","floor":33,"turns":5},{"damage":25,"enemies":"Collector","floor":35,"turns":8},{"damage":11,"enemies":"3 Shapes","floor":37,"turns":4},{"damage":23,"enemies":"3 Darklings","floor":38,"turns":6},{"damage":27,"enemies":"4 Shapes","floor":40,"turns":7},{"damage":64,"enemies":"Nemesis","floor":42,"turns":5}],"seed_played":"-7892237444034496211","potions_obtained":[{"floor":5,"key":"GhostInAJar"},{"floor":8,"key":"Block Potion"},{"floor":14,"key":"sneckomod:MuddlingPotion"},{"floor":24,"key":"LiquidBronze"},{"floor":27,"key":"Languid Potion"},{"floor":29,"key":"Weak Potion"}],"is_trial":false,"path_per_floor":["M","?","M","$","M","E","R","E","T","R","?","M","?","M","R","B",null,"M","?","?","$","?","R","E","PTL","PTL","E","T","M","$","M","M","M","R","B",null,"M","M","$","M","$","E"],"character_chosen":"THE_SILENT","items_purchased":["Deadly Poison","Membership Card","Singing Bowl","ClockworkSouvenir","Matryoshka","Footwork+1","BargainBundle","Blur+1","Well Laid Plans","Replay:Kaleidoscope"],"campfire_rested":1,"item_purchase_floors":[4,21,30,30,30,30,39,39,39,41],"current_hp_per_floor":[70,70,70,70,70,47,47,8,8,8,25,18,18,18,39,25,70,60,55,55,55,55,55,49,49,49,29,29,29,29,26,22,27,27,7,76,67,48,48,23,23,0,0],"gold":1,"neow_bonus":"THREE_ENEMY_KILL","is_daily":false,"chose_seed":false,"campfire_upgraded":4,"win_rate":0.0,"timestamp":1613131441,"path_taken":["M","?","?","$","M","E","R","E","T","R","?","M","?","M","R","BOSS","M","?","?","?","?","R","E","PTL","PTL","E","T","M","$","M","M","M","R","BOSS","M","M","$","M","$","E"],"items_purchased_type":["Card","Relic","Relic","Relic","Relic","Card","Relic","Card","Card","Relic"],"build_version":"2020-12-22","purchased_purges":2,"victory":false,"max_hp_per_floor":[70,70,70,70,70,70,70,70,70,70,70,70,70,70,70,70,70,70,70,70,70,70,70,70,70,70,70,70,70,70,70,72,76,76,76,76,78,82,82,84,84,84,84],"card_choices":[{"not_picked":["Bane","Quick Slash","Crippling Poison"],"picked":"SKIP","floor":1},{"not_picked":["Bane","Acrobatics"],"picked":"Deadly Poison","floor":3},{"not_picked":["Dagger Spray","Prepared"],"picked":"Dagger Throw","floor":5},{"not_picked":["Masterful Stab","Predator"],"picked":"Cloak And Dagger","floor":6},{"not_picked":["Underhanded Strike","Toxin Wave"],"picked":"Poison Darts","floor":8},{"not_picked":["Dagger Spray","Blade Dance+1"],"picked":"Replay:Poison Smokescreen+1","floor":12},{"not_picked":["Flying Knee","Crippling Poison+1"],"picked":"Acrobatics+1","floor":12},{"not_picked":["Cloak And Dagger+1","Endless Agony"],"picked":"PiercingWail+1","floor":14},{"not_picked":["Prepared+1","Flechettes","Acrobatics+1"],"picked":"SKIP","floor":14},{"not_picked":["Adrenaline+1","Unload"],"picked":"ReplayTheSpireMod:Necrosis+1","floor":16},{"not_picked":["Prepared+1","Quick Slash"],"picked":"Outmaneuver+1","floor":18},{"not_picked":["Bane","Dash","ReplayTheSpireMod:Exploit Weakness+1"],"picked":"SKIP","floor":18},{"not_picked":["Phantasmal Killer+1","ReplayTheSpireMod:Shiv Toss+1"],"picked":"Crippling Poison+1","floor":24},{"not_picked":["Acrobatics+1","Quick Slash","Sucker Punch"],"picked":"SKIP","floor":27},{"not_picked":["Escape Plan+1","Poisoned Stab"],"picked":"Deadly Poison+1","floor":29},{"not_picked":["Slice","Leg Sweep+1","Dagger Throw"],"picked":"SKIP","floor":29},{"not_picked":["Poisoned Stab","Deflect+1"],"picked":"ReplayTheSpireMod:Speed Training+1","floor":31},{"not_picked":["Infinite Blades","Setup+1"],"picked":"Malaise+1","floor":31},{"not_picked":["ReplayTheSpireMod:Scrap Shanks","Accuracy","PiercingWail+1"],"picked":"Singing Bowl","floor":32},{"not_picked":["Backstab","ReplayTheSpireMod:The Works+1"],"picked":"Backflip+1","floor":32},{"not_picked":["Backflip+1","Skewer","Poisoned Stab"],"picked":"Singing Bowl","floor":33},{"not_picked":["Acrobatics+1","Deadly Poison+1","Blade Dance+1"],"picked":"Singing Bowl","floor":33},{"not_picked":["ReplayTheSpireMod:From All Sides","Adrenaline+1"],"picked":"Replay:Bag of Tricks+1","floor":35},{"not_picked":["Hidden Blade+1","PiercingWail+1"],"picked":"Sneak Up+1","floor":37},{"not_picked":["Finisher","Underhanded Strike","Blade Dance+1"],"picked":"Singing Bowl","floor":37},{"not_picked":["Flechettes","Prepared+1","Dagger Throw+1"],"picked":"Singing Bowl","floor":38},{"not_picked":["Choke+1","ReplayTheSpireMod:Tripwire+1","Expertise+1"],"picked":"Singing Bowl","floor":38},{"not_picked":["Flying Knee+1","Wraith Form v2","ReplayTheSpireMod:Shiv Toss+1"],"picked":"Singing Bowl","floor":40},{"not_picked":["Escape Plan+1","Dodge and Roll+1"],"picked":"Catalyst+1","floor":40}],"player_experience":148468,"relics_obtained":[{"floor":6,"key":"Toy Ornithopter"},{"floor":8,"key":"Prayer Wheel"},{"floor":9,"key":"Toxic Egg 2"},{"floor":24,"key":"Blue Doll"},{"floor":27,"key":"Mirror"},{"floor":28,"key":"Replay:Wax Seal"}],"event_choices":[{"cards_removed":["Neutralize"],"damage_healed":0,"gold_gain":0,"player_choice":"Took Card","damage_taken":0,"max_hp_gain":0,"max_hp_loss":0,"event_name":"NoteForYourself","floor":2,"gold_loss":0,"cards_obtained":["Regret"]},{"damage_healed":17,"gold_gain":0,"player_choice":"Healed","damage_taken":0,"max_hp_gain":0,"max_hp_loss":0,"event_name":"The Cleric","floor":11,"gold_loss":35},{"damage_healed":0,"gold_gain":0,"player_choice":"Inject Mutagens","damage_taken":0,"relics_obtained":["MutagenicStrength"],"max_hp_gain":0,"max_hp_loss":0,"event_name":"Drug Dealer","floor":20,"gold_loss":0},{"damage_healed":0,"gold_gain":0,"player_choice":"Read","damage_taken":0,"max_hp_gain":0,"max_hp_loss":0,"event_name":"The Library","floor":22,"gold_loss":0,"cards_obtained":["Noxious Fumes"]}],"is_beta":false,"boss_relics":[{"not_picked":["Ectoplasm","ChewingGum"],"picked":"Coffee Dripper"},{"not_picked":["Replay:Grab Bag","bronze:MakeshiftBattery"],"picked":"Sozu"}],"items_purged_floors":[4,39],"is_endless":false,"potions_floor_spawned":[5,8,14,24,27,29,37],"killed_by":"Nemesis","ascension_level":1}}