{"host":"8e35oykb3je6g7ng","time":1613158603,"event":{"mods":["Act Like it!","Ascension Unlocker","BaseMod","Better Altar","Better Match","Better Note","Better Sensory Stone","Better Third Choice","BetterRewards","Block Reminder","Card Forge","Colored Map","Curses Come First","GifTheSpireLib","Jedi Mod","Jorbs\u0027s Wanderer Trilogy","Minty Spire (QoL Compilation)","Permanent Neow","Quick Restart","StSLib","Stuff the Spire","The Blue Laboratory","The Forsaken","UnlockEverythingMod"],"gold_per_floor":[115,135,145,156,167,196,208,231,243,289,301,323,353,365,377,462,474,474,505,517,529,552,564,604,629,641,653,665,665],"floor_reached":28,"language":"ENG","playtime":9696,"items_purged":[],"score":532,"play_id":"0b85a806-7829-4c19-92b2-93dd7392702e","local_time":"20210212143643","is_ascension_mode":true,"campfire_choices":[{"floor":7.0,"key":"REST"},{"floor":15,"key":"REST"},{"data":"jedi:meditation","floor":23,"key":"SMITH"},{"data":"Buffer","floor":27,"key":"SMITH"}],"circlet_count":0,"master_deck":["AscendersBane","Strike_B","Strike_B","Strike_B","Strike_B","Defend_B","Defend_B","Defend_B","Defend_B","Zap","Dualcast","jedi:blockon","Compile Driver","Cold Snap","StuffTheSpire:LoadUp","Leap","Buffer+1","Rip and Tear","Chill+1","jedi:meditation+1","jedi:BurstFrost","jedi:meditation+1","Creative AI","StuffTheSpire:LaunchingStrike","Capacitor","Skim","Lockon","StuffTheSpire:Snapshot","StuffTheSpire:Snapshot","jedi:BurstLightning","Sweeping Beam"],"relics":["Hammer of Thor","Seething Fire","Anvil of the Gods","jedi:hotpepper","MawBank","Kunai","Shuriken","SacredBark","StuffTheSpire:Gunfinga","The Courier"],"acts_visited":["Exordium","TheCity"],"potions_floor_usage":[16,18,13022,22,24,24],"damage_taken":[{"damage":5.0,"enemies":"Cultist","floor":1.0,"turns":4.0},{"damage":7.0,"enemies":"Jaw Worm","floor":2.0,"turns":5.0},{"damage":2.0,"enemies":"2 Louse","floor":3.0,"turns":2.0},{"damage":10.0,"enemies":"Blue Slaver","floor":4.0,"turns":3.0},{"damage":12.0,"enemies":"Large Slime","floor":5.0,"turns":5.0},{"damage":16.0,"enemies":"Lagavulin","floor":6.0,"turns":8.0},{"damage":5.0,"enemies":"2 Fungi Beasts","floor":8.0,"turns":4.0},{"damage":10.0,"enemies":"3 Sentries","floor":10.0,"turns":10.0},{"damage":0.0,"enemies":"Exordium Wildlife","floor":12.0,"turns":4.0},{"damage":0.0,"enemies":"Looter","floor":13.0,"turns":3.0},{"damage":0,"enemies":"The Guardian","floor":16,"turns":10},{"damage":7,"enemies":"2 Thieves","floor":18,"turns":4},{"damage":8,"enemies":"3 Byrds","floor":19,"turns":8},{"damage":5,"enemies":"Shelled Parasite and Fungi","floor":22,"turns":12},{"damage":7,"enemies":"Gremlin Leader","floor":24,"turns":9},{"damage":23,"enemies":"Centurion and Healer","floor":25,"turns":6},{"damage":16,"enemies":"Masked Bandits","floor":28,"turns":2}],"seed_played":"-781333111155888789","potions_obtained":[{"floor":4.0,"key":"blueLaboratory:Moonshine"},{"floor":6.0,"key":"blueLaboratory:HummingbirdPotion"},{"floor":10.0,"key":"jedi:hoardpotion"},{"floor":16,"key":"AttackPotion"},{"floor":19,"key":"SkillPotion"},{"floor":22,"key":"blueLaboratory:SavagePotion"}],"is_trial":false,"path_per_floor":["M","M","M","M","M","E","R","M","T","E","?","M","M","?","R","B",null,"M","M","?","?","M","R","E","M","T","R","?"],"character_chosen":"DEFECT","items_purchased":[],"campfire_rested":2,"item_purchase_floors":[],"current_hp_per_floor":[48,41,39,29,17,1,16,11,11,1,1,1,1,1,16,16,44,37,29,29,14,39,39,32,9,9,9,0,0],"gold":665,"neow_bonus":"BOSS_RELIC","is_daily":false,"chose_seed":false,"campfire_upgraded":2,"win_rate":0.0,"timestamp":1613158603,"path_taken":["M","M","M","M","?","E","R","M","T","E","?","M","M","?","R","BOSS","M","M","?","?","M","R","E","M","T","R","?"],"items_purchased_type":[],"build_version":"2020-12-22","purchased_purges":0,"victory":false,"max_hp_per_floor":[53,53,53,53,53,53,53,53,53,53,53,53,53,53,53,53,53,53,53,53,53,53,53,53,53,53,53,53,53],"card_choices":[{"not_picked":["Leap","Lockon"],"picked":"jedi:blockon","floor":1.0},{"not_picked":["jedi:BurstFrost","Conserve Battery"],"picked":"Compile Driver","floor":2.0},{"not_picked":["Steam","Barrage","Turbo"],"picked":"SKIP","floor":3.0},{"not_picked":["Auto Shields","Compile Driver"],"picked":"Cold Snap","floor":4.0},{"not_picked":["Tempest","Redo"],"picked":"StuffTheSpire:LoadUp","floor":5.0},{"not_picked":["Heatsinks","StuffTheSpire:Plugnplay"],"picked":"Leap","floor":6.0},{"not_picked":["jedi:BurstFrost","Self Repair"],"picked":"Buffer","floor":8.0},{"not_picked":["jedi:locknload","Coolheaded"],"picked":"Rip and Tear","floor":10.0},{"not_picked":["Heatsinks+1","Storm+1"],"picked":"Chill+1","floor":11.0},{"not_picked":["Thunder Strike+1","Electrodynamics+1"],"picked":"jedi:meditation+1","floor":11.0},{"not_picked":["Rebound","Beam Cell","Conserve Battery"],"picked":"SKIP","floor":12.0},{"not_picked":["Streamline","StuffTheSpire:Rend"],"picked":"jedi:BurstFrost","floor":13.0},{"not_picked":["Consume","Storm"],"picked":"Capacitor","floor":18},{"not_picked":["jedi:spotbugs","StuffTheSpire:Coldhearted"],"picked":"Skim","floor":19},{"not_picked":["Gash","Coolheaded"],"picked":"Lockon","floor":22},{"not_picked":["Blizzard","Reprogram"],"picked":"jedi:BurstLightning","floor":24},{"not_picked":["Leap","Beam Cell+1"],"picked":"Sweeping Beam","floor":25}],"player_experience":522418,"relics_obtained":[{"floor":6.0,"key":"MawBank"},{"floor":9.0,"key":"Kunai"},{"floor":10.0,"key":"Shuriken"},{"floor":24,"key":"StuffTheSpire:Gunfinga"},{"floor":26,"key":"The Courier"}],"event_choices":[{"damage_healed":0.0,"max_hp_gain":0.0,"max_hp_loss":0.0,"gold_gain":0.0,"event_name":"betterMatch:BetterMatch","player_choice":"2","floor":11.0,"gold_loss":0.0,"damage_taken":0.0,"cards_obtained":["betterMatch:UncommonCard","betterMatch:RareCard"]},{"damage_healed":0,"gold_gain":0,"player_choice":"Adaptability","damage_taken":0,"max_hp_gain":0,"max_hp_loss":0,"event_name":"betterThird:BetterWriting","floor":20,"gold_loss":0},{"damage_healed":0,"gold_gain":0,"player_choice":" Potion ","damage_taken":15,"relics_obtained":[],"max_hp_gain":29,"max_hp_loss":14,"event_name":"betterAltar:BetterAltar","floor":21,"potions_obtained":["betterAltar:AltarPotion"],"relics_lost":[],"gold_loss":0},{"damage_healed":0,"gold_gain":0,"player_choice":"Fought Bandits","damage_taken":0,"max_hp_gain":0,"max_hp_loss":0,"event_name":"Masked Bandits","floor":28,"gold_loss":0}],"is_beta":false,"boss_relics":[{"not_picked":["Tiny House","Ectoplasm"],"picked":"SacredBark"}],"items_purged_floors":[],"is_endless":false,"potions_floor_spawned":[4,6,10,16,19,22],"killed_by":"Masked Bandits","ascension_level":15}}