{"host":"rmsq46plbpwfbxcc","time":1613121041,"event":{"mods":["AchievementEnabler","BaseMod","Colored Map","Colored Powertips","DeckTracker","KOR Keyword Fix","Minty Spire (QoL Compilation)","Permanent Neow","Quick Restart","SuperFastMode"],"gold_per_floor":[115,133,146,146,159,159,177,102,102,132,132,146,146,146,146,222,222,241,241,251,261,276,276,291,291,291],"floor_reached":25,"language":"KOR","playtime":908,"items_purged":["Night Terror"],"score":414,"play_id":"96c49565-6b12-4b95-807a-75475bc79eef","local_time":"20210212181041","is_ascension_mode":true,"campfire_choices":[{"data":"Envenom","floor":6.0,"key":"SMITH"},{"data":"Neutralize","floor":11.0,"key":"SMITH"},{"data":"Blade Dance","floor":15.0,"key":"SMITH"},{"data":"Cloak And Dagger","floor":23,"key":"SMITH"}],"circlet_count":0,"master_deck":["AscendersBane","Survivor","Neutralize+1","Poisoned Stab","Finisher","Deadly Poison","Glass Knife","Cloak And Dagger","Bane","Cloak And Dagger+1","Envenom+1","Blur","Acrobatics","Blade Dance+1","Catalyst","PiercingWail+1","Well Laid Plans"],"relics":["Pandora\u0027s Box","Pear","Incense Burner","HoveringKite"],"acts_visited":["Exordium","TheCity"],"potions_floor_usage":[22,25],"damage_taken":[{"damage":0.0,"enemies":"2 Louse","floor":1.0,"turns":2.0},{"damage":0.0,"enemies":"Cultist","floor":2.0,"turns":3.0},{"damage":0.0,"enemies":"Small Slimes","floor":3.0,"turns":2.0},{"damage":22.0,"enemies":"Exordium Thugs","floor":5.0,"turns":4.0},{"damage":2.0,"enemies":"Blue Slaver","floor":7.0,"turns":3.0},{"damage":2.0,"enemies":"3 Sentries","floor":10.0,"turns":8.0},{"damage":6.0,"enemies":"Looter","floor":12.0,"turns":3.0},{"damage":8.0,"enemies":"The Guardian","floor":16.0,"turns":8.0},{"damage":0.0,"enemies":"Chosen","floor":18.0,"turns":3.0},{"damage":7.0,"enemies":"3 Byrds","floor":20.0,"turns":4.0},{"damage":26.0,"enemies":"Cultist and Chosen","floor":21.0,"turns":5.0},{"damage":15,"enemies":"3 Cultists","floor":22,"turns":5},{"damage":2,"enemies":"Snecko","floor":24,"turns":4},{"damage":59,"enemies":"Slavers","floor":25,"turns":6}],"seed_played":"-2402097312891704092","potions_obtained":[{"floor":1.0,"key":"PowerPotion"},{"floor":3.0,"key":"CultistPotion"},{"floor":13.0,"key":"Fruit Juice"},{"floor":13.0,"key":"FairyPotion"},{"floor":22,"key":"SpeedPotion"}],"is_trial":false,"path_per_floor":["M","M","M","?","M","R","M","$","T","E","R","M","?","$","R","B",null,"M","?","M","M","M","R","M","E"],"character_chosen":"THE_SILENT","items_purchased":[],"campfire_rested":0,"item_purchase_floors":[],"current_hp_per_floor":[59,59,59,59,37,37,35,35,45,43,43,37,42,42,42,34,69,69,69,62,36,21,21,19,0,0],"gold":291,"neow_bonus":"BOSS_RELIC","is_daily":false,"chose_seed":false,"campfire_upgraded":4,"win_rate":0.0,"timestamp":1613121041,"path_taken":["M","M","M","?","?","R","M","$","T","E","R","M","?","?","R","BOSS","M","?","M","M","M","R","M","E"],"items_purchased_type":[],"build_version":"2020-12-22","purchased_purges":1,"victory":false,"max_hp_per_floor":[66,66,66,66,66,66,66,66,76,76,76,76,81,81,81,81,81,81,81,81,81,81,81,81,81,81],"card_choices":[{"not_picked":["Setup","Concentrate"],"picked":"Blur","floor":1.0},{"not_picked":["Dodge and Roll","Slice","Cloak And Dagger"],"picked":"SKIP","floor":2.0},{"not_picked":["Prepared","Bane"],"picked":"Acrobatics","floor":3.0},{"not_picked":["Dodge and Roll","Setup"],"picked":"Blade Dance","floor":5.0},{"not_picked":["Prepared","Well Laid Plans"],"picked":"Catalyst","floor":7.0},{"not_picked":["Night Terror","Finisher","Leg Sweep"],"picked":"SKIP","floor":10.0},{"not_picked":["Dagger Spray","Crippling Poison","Concentrate"],"picked":"SKIP","floor":12.0},{"not_picked":["All Out Attack","Poisoned Stab","Cloak And Dagger"],"picked":"SKIP","floor":18.0},{"not_picked":["Sucker Punch","Catalyst"],"picked":"PiercingWail+1","floor":20.0},{"not_picked":["Deadly Poison+1","Infinite Blades","Deflect"],"picked":"SKIP","floor":21.0},{"not_picked":["Dodge and Roll","Flying Knee"],"picked":"Well Laid Plans","floor":22},{"not_picked":["Blade Dance","Skewer","Sucker Punch"],"picked":"SKIP","floor":24}],"player_experience":690273,"relics_obtained":[{"floor":9.0,"key":"Pear"},{"floor":10.0,"key":"Incense Burner"}],"event_choices":[{"cards_removed":["Concentrate"],"damage_healed":0.0,"max_hp_gain":0.0,"max_hp_loss":0.0,"gold_gain":0.0,"event_name":"Wheel of Change","player_choice":"Card Removal","floor":4.0,"gold_loss":0.0,"damage_taken":0.0},{"damage_healed":0.0,"max_hp_gain":0.0,"max_hp_loss":0.0,"gold_gain":0.0,"event_name":"Lab","player_choice":"Got Potions","floor":13.0,"gold_loss":0.0,"damage_taken":0.0},{"damage_healed":0.0,"max_hp_gain":0.0,"max_hp_loss":0.0,"gold_gain":0.0,"event_name":"The Mausoleum","player_choice":"Ignored","floor":19.0,"gold_loss":0.0,"damage_taken":0.0}],"is_beta":false,"boss_relics":[{"not_picked":["Philosopher\u0027s Stone","Snecko Eye"],"picked":"HoveringKite"}],"items_purged_floors":[8],"is_endless":false,"potions_floor_spawned":[1,3,5,20,22],"killed_by":"Slavers","ascension_level":20}}