{"host":"5hsgormuu0lj4iiq","time":1613091328,"event":{"mods":["AchievementEnabler","BaseMod","Colored Map","Colored Powertips","Minty Spire (QoL Compilation)","Quick Restart","Relic Stats","SuperFastMode","everything is the same but u backflip on backflip","slay the spire mod where everything is the same but ironclad has a cowboy hat"],"gold_per_floor":[118,133,233,11,11,11,41,57,57,57,77,102,157,122,122,220,220,240,240,240,37,61,61,89,101,139,151,178,190,190],"floor_reached":29,"language":"ENG","playtime":542,"items_purged":["Strike_B","Bite"],"score":460,"play_id":"a91c8d55-f9b8-4838-a4f7-ff169c41705c","local_time":"20210211195528","is_ascension_mode":true,"campfire_choices":[{"data":"Zap","floor":6,"key":"SMITH"},{"data":"Ball Lightning","floor":10,"key":"SMITH"},{"data":"FTL","floor":15,"key":"SMITH"},{"data":"Electrodynamics","floor":23,"key":"SMITH"},{"data":"Bite","floor":25,"key":"SMITH"},{"data":"Leap","floor":27,"key":"SMITH"}],"circlet_count":0,"master_deck":["AscendersBane","Defend_B","Defend_B","Defend_B","Defend_B","Zap+1","Dualcast","Ball Lightning+1","Conserve Battery","FTL+1","Electrodynamics+1","CurseOfTheBell","Bite+1","Bite","Bite","Bite","Leap+1","Darkness+1"],"relics":["Cracked Core","NeowsBlessing","Lantern","Meat on the Bone","Pear","Dead Branch","Calling Bell","Smiling Mask","Pantograph","Thread and Needle","Bag of Marbles","DataDisk","Happy Flower","MawBank","Vajra"],"acts_visited":["Exordium","TheCity"],"potions_floor_usage":[2,24],"damage_taken":[{"damage":0,"enemies":"2 Louse","floor":1,"turns":1},{"damage":0,"enemies":"Cultist","floor":2,"turns":1},{"damage":0,"enemies":"Gremlin Nob","floor":7,"turns":1},{"damage":2,"enemies":"Jaw Worm","floor":8,"turns":3},{"damage":11,"enemies":"2 Fungi Beasts","floor":11,"turns":3},{"damage":25,"enemies":"Lagavulin","floor":12,"turns":6},{"damage":23,"enemies":"Gremlin Nob","floor":13,"turns":4},{"damage":67,"enemies":"Slime Boss","floor":16,"turns":10},{"damage":2,"enemies":"Spheric Guardian","floor":18,"turns":3},{"damage":26,"enemies":"Slavers","floor":24,"turns":4},{"damage":0,"enemies":"3 Byrds","floor":28,"turns":3},{"damage":71,"enemies":"Book of Stabbing","floor":29,"turns":5}],"seed_played":"3150928157979709095","potions_obtained":[{"floor":2,"key":"Fruit Juice"},{"floor":7,"key":"PotionOfCapacity"},{"floor":8,"key":"FairyPotion"},{"floor":24,"key":"SmokeBomb"}],"is_trial":false,"path_per_floor":["M","M","?","$","$","R","E","M","T","R","M","E","?","?","R","B",null,"M","?","?","$","T","R","E","R","T","R","M","E"],"character_chosen":"DEFECT","items_purchased":["Lantern","DataDisk"],"campfire_rested":0,"item_purchase_floors":[4,21],"current_hp_per_floor":[68,73,73,73,73,73,73,71,71,71,60,57,46,68,68,13,71,69,62,62,62,62,62,38,38,38,38,43,0,0],"gold":190,"neow_bonus":"THREE_ENEMY_KILL","is_daily":false,"chose_seed":false,"campfire_upgraded":6,"win_rate":0.0,"timestamp":1613091328,"path_taken":["M","M","?","?","$","R","E","?","T","R","M","E","?","?","R","BOSS","M","?","?","$","?","R","E","R","T","R","M","E"],"items_purchased_type":["Relic","Relic"],"build_version":"2020-12-22","purchased_purges":2,"victory":false,"max_hp_per_floor":[75,80,80,80,80,80,80,80,80,80,80,90,90,90,90,90,90,90,62,62,62,62,62,62,62,62,62,62,62,62],"relic_stats":{"Happy Flower":[4],"counters":[12,44],"Dead Branch":[10],"Pantograph":0,"Smiling Mask":50,"MawBank":60,"obtain_stats":[{"Lantern":4,"Pear":12,"NeowsBlessing":0,"Happy Flower":22,"Dead Branch":13,"Vajra":26,"Thread and Needle":17,"Smiling Mask":17,"MawBank":24,"Calling Bell":17,"DataDisk":21,"Pantograph":17,"Bag of Marbles":20,"Cracked Core":0,"Meat on the Bone":7},{"Lantern":2,"Pear":6,"NeowsBlessing":0,"Happy Flower":9,"Dead Branch":7,"Vajra":10,"Thread and Needle":8,"Smiling Mask":8,"MawBank":10,"Calling Bell":8,"DataDisk":9,"Pantograph":8,"Bag of Marbles":9,"Cracked Core":0,"Meat on the Bone":3},{"Lantern":2,"Pear":15,"NeowsBlessing":0,"Happy Flower":32,"Dead Branch":19,"Vajra":36,"Thread and Needle":29,"Smiling Mask":29,"MawBank":36,"Calling Bell":29,"DataDisk":32,"Pantograph":29,"Bag of Marbles":32,"Cracked Core":0,"Meat on the Bone":3}],"Meat on the Bone":36},"card_choices":[{"not_picked":["Beam Cell","Compile Driver","Sweeping Beam"],"picked":"SKIP","floor":1},{"not_picked":["Go for the Eyes","Scrape","Steam Power"],"picked":"SKIP","floor":2},{"not_picked":["Redo","Creative AI","Force Field"],"picked":"SKIP","floor":7},{"not_picked":["Leap","Go for the Eyes"],"picked":"Ball Lightning","floor":8},{"not_picked":["Rebound","Stack","Barrage"],"picked":"SKIP","floor":11},{"not_picked":["Tempest","Rebound"],"picked":"Conserve Battery","floor":12},{"not_picked":["Ball Lightning","Scrape"],"picked":"FTL","floor":13},{"not_picked":["Amplify","Seek"],"picked":"Electrodynamics","floor":16},{"not_picked":["Reinforced Body","Steam","Rebound"],"picked":"SKIP","floor":18},{"not_picked":["Barrage","Blizzard"],"picked":"Leap","floor":24},{"not_picked":["Turbo","Gash"],"picked":"Darkness+1","floor":28}],"player_experience":731814,"relics_obtained":[{"floor":7,"key":"Meat on the Bone"},{"floor":12,"key":"Pear"},{"floor":13,"key":"Dead Branch"},{"floor":17,"key":"Smiling Mask"},{"floor":17,"key":"Pantograph"},{"floor":17,"key":"Thread and Needle"},{"floor":22,"key":"Happy Flower"},{"floor":24,"key":"MawBank"},{"floor":26,"key":"Vajra"}],"event_choices":[{"damage_healed":0,"gold_gain":100,"player_choice":"Pray","damage_taken":0,"max_hp_gain":0,"max_hp_loss":0,"event_name":"Golden Shrine","floor":3,"gold_loss":0},{"damage_healed":0,"gold_gain":0,"player_choice":"Searched \u00271\u0027 times","damage_taken":0,"max_hp_gain":0,"max_hp_loss":0,"event_name":"Dead Adventurer","floor":13,"gold_loss":0},{"damage_healed":22,"gold_gain":0,"player_choice":"Healed","damage_taken":0,"max_hp_gain":0,"max_hp_loss":0,"event_name":"The Cleric","floor":14,"gold_loss":35},{"damage_healed":0,"gold_gain":0,"player_choice":"Became a vampire","damage_taken":0,"max_hp_gain":0,"max_hp_loss":28,"event_name":"Vampires","floor":19,"gold_loss":0,"cards_obtained":["Bite","Bite","Bite","Bite","Bite"]},{"damage_healed":0,"gold_gain":0,"player_choice":"Opened","damage_taken":0,"relics_obtained":["Bag of Marbles"],"max_hp_gain":0,"max_hp_loss":0,"event_name":"The Mausoleum","floor":20,"gold_loss":0}],"is_beta":false,"boss_relics":[{"not_picked":["Cursed Key","Black Star"],"picked":"Calling Bell"}],"items_purged_floors":[4,21],"is_endless":false,"potions_floor_spawned":[2,7,8,12,13,18,24],"killed_by":"Book of Stabbing","ascension_level":12}}