{"host":"mw3dmj42qtkbha4b","time":1613135911,"event":{"mods":["BaseMod","Colored Map","Colored Powertips","DeckTracker","Minty Spire (QoL Compilation)","StSLib","SuperFastMode"],"gold_per_floor":[115,115,132,132,150,182,107,119,169,169,188,113,188,220,220,295,295,307,36,36,36,49,49,49],"floor_reached":23,"language":"KOR","playtime":936,"items_purged":["Defend_P","Defend_P"],"score":398,"play_id":"a139905a-991a-4ffe-a09a-a0cc8d0e8158","local_time":"20210212221831","is_ascension_mode":true,"campfire_choices":[{"data":"Eruption","floor":10.0,"key":"SMITH"},{"floor":15.0,"key":"REST"}],"circlet_count":0,"master_deck":["AscendersBane","Strike_P+1","Strike_P+1","Defend_P+1","Eruption+1","Vigilance","Wallop","ReachHeaven","Indignation","Brilliance","Consecrate"],"relics":["PureWater","NeowsBlessing","WarpedTongs","Darkstone Periapt","Nunchaku","Whetstone","Empty Cage","Omamori","Orichalcum"],"acts_visited":["Exordium","TheCity"],"potions_floor_usage":[22],"damage_taken":[{"damage":0.0,"enemies":"Small Slimes","floor":1.0,"turns":1.0},{"damage":0.0,"enemies":"2 Louse","floor":3.0,"turns":1.0},{"damage":1.0,"enemies":"Cultist","floor":5.0,"turns":1.0},{"damage":10.0,"enemies":"Gremlin Nob","floor":6.0,"turns":3.0},{"damage":10.0,"enemies":"Looter","floor":8.0,"turns":3.0},{"damage":0.0,"enemies":"Exordium Wildlife","floor":11.0,"turns":3.0},{"damage":4.0,"enemies":"3 Sentries","floor":14.0,"turns":6.0},{"damage":10.0,"enemies":"The Guardian","floor":16.0,"turns":7.0},{"damage":34.0,"enemies":"3 Byrds","floor":18.0,"turns":5.0},{"damage":16,"enemies":"Spheric Guardian","floor":22,"turns":3},{"damage":8,"enemies":"Book of Stabbing","floor":23,"turns":1}],"seed_played":"-7239452604015764763","potions_obtained":[{"floor":5.0,"key":"SkillPotion"},{"floor":8.0,"key":"Fire Potion"},{"floor":14.0,"key":"Swift Potion"},{"floor":16.0,"key":"Swift Potion"},{"floor":18.0,"key":"PowerPotion"}],"is_trial":false,"path_per_floor":["M","?","M","?","M","E","?","M","T","R","M","$","?","E","R","B",null,"M","$","?","?","M","E"],"character_chosen":"WATCHER","items_purchased":["Omamori"],"campfire_rested":1,"item_purchase_floors":[19],"current_hp_per_floor":[61,41,41,41,40,30,30,20,20,20,20,20,9,5,25,15,55,21,21,21,21,5,0,0],"gold":49,"neow_bonus":"THREE_ENEMY_KILL","is_daily":false,"chose_seed":false,"campfire_upgraded":1,"win_rate":0.0,"timestamp":1613135911,"path_taken":["M","?","M","?","?","E","?","M","T","R","M","?","?","E","R","BOSS","M","$","?","?","?","E"],"items_purchased_type":["Relic"],"build_version":"2020-12-22","purchased_purges":2,"victory":false,"max_hp_per_floor":[68,68,68,68,68,68,68,68,68,68,68,68,68,68,68,68,68,68,68,68,68,68,68,68],"card_choices":[{"not_picked":["FollowUp","Fasting2","Protect"],"picked":"SKIP","floor":1.0},{"not_picked":["Collect","CutThroughFate"],"picked":"Wallop","floor":3.0},{"not_picked":["Halt","WheelKick"],"picked":"ReachHeaven","floor":5.0},{"not_picked":["FearNoEvil","CutThroughFate","EmptyBody"],"picked":"SKIP","floor":6.0},{"not_picked":["EmptyFist","MentalFortress","SignatureMove"],"picked":"SKIP","floor":8.0},{"not_picked":["Halt","LikeWater","FollowUp"],"picked":"SKIP","floor":11.0},{"not_picked":["Weave","WaveOfTheHand"],"picked":"Indignation","floor":14.0},{"not_picked":["MasterReality","Devotion"],"picked":"Brilliance","floor":16.0},{"not_picked":["Protect","BowlingBash+1","ClearTheMind"],"picked":"SKIP","floor":18.0},{"not_picked":["Protect","Conclude"],"picked":"Consecrate","floor":22}],"player_experience":1812808,"relics_obtained":[{"floor":6.0,"key":"Darkstone Periapt"},{"floor":9.0,"key":"Nunchaku"},{"floor":14.0,"key":"Whetstone"}],"event_choices":[{"damage_healed":0.0,"max_hp_gain":0.0,"max_hp_loss":0.0,"gold_gain":0.0,"event_name":"Shining Light","player_choice":"Entered Light","floor":2.0,"gold_loss":0.0,"damage_taken":20.0,"cards_upgraded":["Strike_P","Defend_P"]},{"damage_healed":0.0,"max_hp_gain":0.0,"max_hp_loss":0.0,"gold_gain":0.0,"event_name":"Accursed Blacksmith","player_choice":"Rummage","floor":4.0,"gold_loss":0.0,"damage_taken":0.0,"relics_obtained":["WarpedTongs"],"cards_obtained":["Pain"]},{"cards_removed":["Pain"],"damage_healed":0.0,"max_hp_gain":0.0,"max_hp_loss":0.0,"gold_gain":0.0,"event_name":"The Cleric","player_choice":"Card Removal","floor":7.0,"gold_loss":75.0,"damage_taken":0.0},{"damage_healed":0.0,"max_hp_gain":0.0,"max_hp_loss":0.0,"gold_gain":75.0,"event_name":"World of Goop","player_choice":"Gather Gold","floor":13.0,"gold_loss":0.0,"damage_taken":11.0},{"damage_healed":0.0,"max_hp_gain":0.0,"max_hp_loss":0.0,"gold_gain":0.0,"event_name":"The Mausoleum","player_choice":"Opened","floor":20.0,"gold_loss":0.0,"damage_taken":0.0,"relics_obtained":["Orichalcum"],"cards_obtained":["Writhe"]},{"cards_removed":["Strike_P"],"damage_healed":0.0,"max_hp_gain":0.0,"max_hp_loss":0.0,"gold_gain":0.0,"event_name":"Purifier","player_choice":"Purged","floor":21.0,"gold_loss":0.0,"damage_taken":0.0}],"is_beta":false,"boss_relics":[{"not_picked":["Cursed Key","Tiny House"],"picked":"Empty Cage"}],"items_purged_floors":[12,19],"is_endless":false,"potions_floor_spawned":[5,8,14,16,18],"killed_by":"Book of Stabbing","ascension_level":20}}