{"host":"jpoqyovmuyzau4u8","time":1613156229,"event":{"mods":["BaseMod","Better Match","Better Note","Better Sensory Stone","Better Skull","Better Third Choice","Curses Come First","Downfall","Infinite Spire","Minty Spire (QoL Compilation)","Reliquary","Retaliation","StSLib","The Cursed","The Disciple","The Runesmith","The Servant 0.9.4"],"gold_per_floor":[99,115,135,156,180,80,105,105,142,60,81,107,107,117,142,142,142,142],"floor_reached":16,"language":"ENG","playtime":1321,"items_purged":["hexamod:Strike"],"score":131,"play_id":"6489dc42-b995-4672-9914-c0842f9fb93a","local_time":"20210212125709","is_ascension_mode":false,"campfire_choices":[{"floor":1,"key":"RECALL"},{"data":"hexamod:Float","floor":6,"key":"SMITH"}],"circlet_count":0,"master_deck":["hexamod:Strike","hexamod:Strike","hexamod:Strike","hexamod:Defend","hexamod:Defend","hexamod:Defend","hexamod:Defend","hexamod:Sear","hexamod:Float+1","hexamod:ThirdSeal","hexamod:SecondSeal","hexamod:BurningTouch","hexamod:Firestarter","hexamod:BacktrackSmack","hexamod:DynamicBlow","hexamod:Firestarter","hexamod:WildfireWeapon","hexamod:ThermalTransfer","hexamod:GhostShield","hexamod:BurningTouch","hexamod:AdvancingGuard","hexamod:ExtraCrispy","hexamod:Rewind","hexamod:FastForward","hexamod:ThermalTransfer","hexamod:AdvancingGuard"],"relics":["hexamod:SpiritBrand","downfall:HeartBlessingRed","Nunchaku","Thread and Needle","Pear"],"acts_visited":["Exordium"],"potions_floor_usage":[],"damage_taken":[{"damage":8,"enemies":"2 Louse","floor":2,"turns":4},{"damage":3,"enemies":"Jaw Worm","floor":3,"turns":4},{"damage":5,"enemies":"Small Slimes","floor":4,"turns":5},{"damage":9,"enemies":"Blue Slaver","floor":5,"turns":5},{"damage":21,"enemies":"Lagavulin","floor":9,"turns":6},{"damage":6,"enemies":"downfall:FleeingMerchant","floor":10,"turns":4},{"damage":8,"enemies":"Lots of Slimes","floor":11,"turns":4},{"damage":0,"enemies":"Large Slime","floor":12,"turns":3},{"damage":0,"enemies":"Blue Slaver","floor":14,"turns":4},{"damage":6,"enemies":"2 Fungi Beasts","floor":15,"turns":4},{"damage":19,"enemies":"WA_ARCHETYPE_RETAIN","floor":16,"turns":4}],"seed_played":"8000724232770685909","potions_obtained":[{"floor":2,"key":"champ:CounterPotion"},{"floor":5,"key":"hexamod:InfernoChargePotion"},{"floor":9,"key":"Fire Potion"},{"floor":12,"key":"PowerPotion"}],"is_trial":false,"path_per_floor":["R","M","M","M","M","R","T","?","E","$","M","M","?","M","M","B"],"character_chosen":"THE_SPIRIT","items_purchased":[],"campfire_rested":0,"item_purchase_floors":[],"current_hp_per_floor":[77,69,66,61,52,52,52,40,19,13,5,5,15,15,9,0,0,0],"gold":142,"neow_bonus":"TEN_PERCENT_HP_BONUS","is_daily":false,"chose_seed":false,"campfire_upgraded":1,"win_rate":0.0,"timestamp":1613156229,"path_taken":["R","M","M","M","M","R","T","?","E","$","M","M","?","M","M","BOSS"],"items_purchased_type":[],"build_version":"2020-12-22","purchased_purges":1,"victory":false,"max_hp_per_floor":[77,77,77,77,77,77,77,77,77,77,77,77,87,87,87,87,87,87],"card_choices":[{"not_picked":["hexamod:BacktrackSmack","hexamod:NightmareGuise"],"picked":"hexamod:ThirdSeal","floor":2},{"not_picked":["hexamod:ChargedBarrage","hexamod:GhostOfSpirePast"],"picked":"hexamod:SecondSeal","floor":3},{"not_picked":["hexamod:HauntingEcho","hexamod:ExtraCrispy"],"picked":"hexamod:BurningTouch","floor":3},{"not_picked":["hexamod:SwordOfDarkness","hexamod:GhostShield"],"picked":"hexamod:Firestarter","floor":4},{"not_picked":["hexamod:TimeWarp","hexamod:RecurringNightmare"],"picked":"hexamod:BacktrackSmack","floor":4},{"not_picked":["hexamod:PhantomCloak","hexamod:SpectersWail"],"picked":"hexamod:DynamicBlow","floor":5},{"not_picked":["hexamod:Again","hexamod:SpectralAdrenaline"],"picked":"hexamod:Firestarter","floor":5},{"not_picked":["hexamod:ThirdSeal","hexamod:SoulSteal"],"picked":"hexamod:WildfireWeapon","floor":9},{"not_picked":["hexamod:RainOfEmbers","hexamod:FastForward"],"picked":"hexamod:ThermalTransfer","floor":9},{"not_picked":["hexamod:SecondSeal","hexamod:Incineration"],"picked":"hexamod:GhostShield","floor":10},{"not_picked":["hexamod:SkipABeat","hexamod:TurnItUp"],"picked":"hexamod:BurningTouch","floor":10},{"not_picked":["hexamod:NightmareStrike","hexamod:GhostOfSpireFuture"],"picked":"hexamod:AdvancingGuard","floor":11},{"not_picked":["hexamod:SwordOfDarkness","hexamod:Haunt"],"picked":"hexamod:ExtraCrispy","floor":11},{"not_picked":["hexamod:HauntingEcho","hexamod:FastForward"],"picked":"hexamod:Rewind","floor":12},{"not_picked":["hexamod:SpectersWail","hexamod:SwordOfDarkness","hexamod:NightmareStrike"],"picked":"SKIP","floor":12},{"not_picked":["hexamod:GhostLash","hexamod:NightmareStrike"],"picked":"hexamod:FastForward","floor":14},{"not_picked":["hexamod:Hexaguard","hexamod:SpectersWail"],"picked":"hexamod:ThermalTransfer","floor":14},{"not_picked":["hexamod:ThermalTransfer","hexamod:SkipABeat"],"picked":"hexamod:AdvancingGuard","floor":15},{"not_picked":["hexamod:SwordOfDarkness","hexamod:SecondSeal","hexamod:NightmareStrike"],"picked":"SKIP","floor":15}],"player_experience":125577,"relics_obtained":[{"floor":9,"key":"Thread and Needle"}],"event_choices":[{"damage_healed":0,"gold_gain":0,"player_choice":"Relic ","damage_taken":12,"max_hp_gain":0,"max_hp_loss":0,"event_name":"betterThird:BetterScrap","floor":8,"gold_loss":0,"cards_obtained":["DDmod:BurningFumesPowerCard"]}],"is_beta":false,"boss_relics":[],"items_purged_floors":[10],"is_endless":false,"potions_floor_spawned":[2,5,9,12,14],"killed_by":"WA_ARCHETYPE_RETAIN","ascension_level":0}}