{"host":"mwb0clku6crgv6yl","time":1613096479,"event":{"mods":["AchievementEnabler","BaseMod","Highlight Path","Koishi","Minty Spire (QoL Compilation)","Replay The Spire","StSLib","The Construct","The Cursed","The Gatherer","The Hierophant"],"gold_per_floor":[115,57,74,86,86,86,115,115,195,195,228,248,265,275,275,376,376,395,15,32,32,32],"floor_reached":21,"language":"ZHS","playtime":1288,"items_purged":["Sickly"],"score":267,"play_id":"5e6a0bb8-535e-4ca2-9d9c-88beda447ea2","local_time":"20210212102119","is_ascension_mode":true,"campfire_choices":[{"data":"TheCursedMod:ReleasedStrength","floor":6.0,"key":"SMITH"},{"floor":10.0,"key":"REST"},{"floor":15,"key":"REST"}],"circlet_count":0,"master_deck":["TheCursedMod:Strike_TheCursed","TheCursedMod:Defend_TheCursed","TheCursedMod:Defend_TheCursed","TheCursedMod:CursedWand","TheCursedMod:CleanUpWorkshop","TheCursedMod:Dregs","AbeCurse","TheCursedMod:WearCloak","TheCursedMod:SpitefulPlan","TheCursedMod:SmokeScreen+1","TheCursedMod:ReleasedStrength+1","TheCursedMod:Obscuration","TheCursedMod:LuckyCharm","TheCursedMod:CursedBlade","TheCursedMod:OutForBlood","ReplayTheSpireMod:Doomed","TheCursedMod:WearCloak","TheCursedMod:CursedBlade"],"relics":["Abe\u0027s Treasure","ReplayTheSpireMod:Lightbulb","Shuriken","Tiny Chest","Kintsugi","TheCursedMod:Tack","PreservedInsect"],"acts_visited":["Exordium","TheCity"],"potions_floor_usage":[14,16],"damage_taken":[{"damage":3.0,"enemies":"Jaw Worm","floor":1.0,"turns":5.0},{"damage":9.0,"enemies":"Cultist","floor":3.0,"turns":5.0},{"damage":6.0,"enemies":"Small Slimes","floor":4.0,"turns":5.0},{"damage":35.0,"enemies":"Gremlin Nob","floor":7.0,"turns":5.0},{"damage":7.0,"enemies":"Lagavulin","floor":11.0,"turns":8.0},{"damage":13.0,"enemies":"Red Slaver","floor":12.0,"turns":8.0},{"damage":19.0,"enemies":"3 Louse","floor":13.0,"turns":4.0},{"damage":6,"enemies":"Lots of Slimes","floor":14,"turns":5},{"damage":15,"enemies":"Slime Boss","floor":16,"turns":13},{"damage":37,"enemies":"3 Byrds","floor":18,"turns":7},{"damage":6,"enemies":"2 Thieves","floor":20,"turns":4},{"damage":22,"enemies":"Sentry and Sphere","floor":21,"turns":3}],"seed_played":"5688870289774560477","potions_obtained":[{"floor":3.0,"key":"SpeedPotion"},{"floor":11.0,"key":"Regen Potion"},{"floor":14,"key":"ColorlessPotion"},{"floor":16,"key":"Languid Potion"},{"floor":20,"key":"Weak Potion"}],"is_trial":false,"path_per_floor":["M","$","M","M","?","R","E","?","T","R","E","M","M","M","R","B",null,"M","$","M","M"],"character_chosen":"THE_CURSED","items_purchased":["TheCursedMod:SpitefulPlan","TheCursedMod:Tack","PreservedInsect"],"campfire_rested":2,"item_purchase_floors":[2,19,19],"current_hp_per_floor":[65,65,56,50,50,50,15,15,15,37,30,17,10,4,26,11,59,22,22,16,0,0],"gold":32,"neow_bonus":"BOSS_RELIC","is_daily":false,"chose_seed":false,"campfire_upgraded":1,"win_rate":0.0,"timestamp":1613096479,"path_taken":["M","$","M","M","?","R","E","?","T","R","E","M","M","M","R","BOSS","M","$","?","M"],"items_purchased_type":["Card","Relic","Relic"],"build_version":"2020-12-22","purchased_purges":1,"victory":false,"max_hp_per_floor":[75,75,75,75,75,75,75,75,75,75,75,75,75,75,75,75,75,75,75,75,75,75],"card_choices":[{"not_picked":["TheCursedMod:CursedAmulet","TheCursedMod:TacticalStrike"],"picked":"TheCursedMod:WearCloak","floor":1.0},{"not_picked":["TheCursedMod:Stretching","TheCursedMod:SpitefulPlan"],"picked":"TheCursedMod:SmokeScreen","floor":3.0},{"not_picked":["TheCursedMod:CursedBoomerang","TheCursedMod:CircleOfWindfury"],"picked":"TheCursedMod:ReleasedStrength","floor":4.0},{"not_picked":["TheCursedMod:Stigma","TheCursedMod:ReleasedStrength"],"picked":"TheCursedMod:Obscuration","floor":7.0},{"not_picked":["TheCursedMod:CursedShiv","TheCursedMod:CursedSpellbook"],"picked":"TheCursedMod:LuckyCharm","floor":11.0},{"not_picked":["TheCursedMod:SmokeScreen","TheCursedMod:Mangle","TheCursedMod:SpitefulPlan"],"picked":"SKIP","floor":12.0},{"not_picked":["TheCursedMod:Obscuration","TheCursedMod:Mangle"],"picked":"TheCursedMod:CursedBlade","floor":13.0},{"not_picked":["TheCursedMod:SpitefulPray","TheCursedMod:BlessingInDisguise","TheCursedMod:Wield"],"picked":"SKIP","floor":14},{"not_picked":["TheCursedMod:DemonicPact","TheCursedMod:StunningStrike"],"picked":"TheCursedMod:OutForBlood","floor":16},{"not_picked":["TheCursedMod:SaltUponWound+1","TheCursedMod:TacticalStrike"],"picked":"TheCursedMod:WearCloak","floor":18},{"not_picked":["TheCursedMod:CursedAmulet","TheCursedMod:Stretching"],"picked":"TheCursedMod:CursedBlade","floor":20}],"player_experience":297249,"relics_obtained":[{"floor":7.0,"key":"ReplayTheSpireMod:Lightbulb"},{"floor":9.0,"key":"Shuriken"},{"floor":11.0,"key":"Tiny Chest"}],"event_choices":[{"cards_removed":["TheCursedMod:Strike_TheCursed"],"damage_healed":0.0,"max_hp_gain":0.0,"max_hp_loss":0.0,"gold_gain":0.0,"event_name":"Purifier","player_choice":"Purged","floor":8.0,"gold_loss":0.0,"damage_taken":0.0}],"is_beta":false,"boss_relics":[{"not_picked":["Runic Pyramid","Black Star"],"picked":"Kintsugi"}],"items_purged_floors":[19],"is_endless":false,"potions_floor_spawned":[3,11,14,16,20],"killed_by":"Sentry and Sphere","ascension_level":8}}