{"host":"m0bekkrd201b63ug","time":1613145531,"event":{"mods":["AchievementEnabler","BaseMod","Colored Powertips","Highlight Path","Minty Spire (QoL Compilation)","Rare Cards Sparkle","StSLib","SuperFastMode","everything is the same but u backflip on backflip","slay the spire mod where everything is the same but ironclad has a cowboy hat"],"gold_per_floor":[119,138,63,63,63,63,78,96,121,133,156,188,200,224,236,321,333,360,59,59,74,88,88,105,105,105],"floor_reached":25,"language":"ENG","playtime":643,"items_purged":["Regret","Strike_G"],"score":384,"play_id":"c977a569-7cfc-4fe1-ba04-aec01d29128f","local_time":"20210212135851","is_ascension_mode":true,"campfire_choices":[{"data":"1","floor":6.0,"key":"LIFT"},{"data":"2","floor":13.0,"key":"LIFT"},{"floor":15.0,"key":"REST"},{"data":"3","floor":23.0,"key":"LIFT"}],"circlet_count":0,"master_deck":["AscendersBane","Strike_G+1","Strike_G+1","Strike_G+1","Strike_G+1","Defend_G+1","Defend_G+1","Defend_G+1","Defend_G+1","Defend_G+1","Survivor+1","Neutralize","Blade Dance","Choke","PiercingWail","Blade Dance","Terror","Burst","Dagger Spray+1","Cloak And Dagger","Dagger Spray+1"],"relics":["Ring of the Snake","Girya","Regal Pillow","MawBank","SlaversCollar","Toy Ornithopter"],"acts_visited":["Exordium","TheCity"],"potions_floor_usage":[24,25],"damage_taken":[{"damage":6.0,"enemies":"Small Slimes","floor":1.0,"turns":4.0},{"damage":0.0,"enemies":"Jaw Worm","floor":2.0,"turns":4.0},{"damage":0.0,"enemies":"Cultist","floor":7.0,"turns":2.0},{"damage":9.0,"enemies":"Blue Slaver","floor":8.0,"turns":4.0},{"damage":4.0,"enemies":"Large Slime","floor":11.0,"turns":4.0},{"damage":0.0,"enemies":"3 Louse","floor":12.0,"turns":3.0},{"damage":0.0,"enemies":"Looter","floor":14.0,"turns":1.0},{"damage":43.0,"enemies":"Hexaghost","floor":16.0,"turns":9.0},{"damage":1.0,"enemies":"Chosen","floor":18.0,"turns":3.0},{"damage":8.0,"enemies":"Spheric Guardian","floor":21.0,"turns":4.0},{"damage":17.0,"enemies":"3 Cultists","floor":22.0,"turns":5.0},{"damage":27,"enemies":"Centurion and Healer","floor":24,"turns":6},{"damage":15,"enemies":"Book of Stabbing","floor":25,"turns":4}],"seed_played":"-2317592832929266289","potions_obtained":[{"floor":7.0,"key":"SteroidPotion"},{"floor":12.0,"key":"Fruit Juice"},{"floor":18.0,"key":"Energy Potion"},{"floor":22.0,"key":"SneckoOil"}],"is_trial":false,"path_per_floor":["M","M","$","?","?","R","M","M","T","?","M","M","R","M","R","B",null,"M","$","?","M","M","R","M","E"],"character_chosen":"THE_SILENT","items_purchased":["Toy Ornithopter","Cloak And Dagger"],"campfire_rested":1,"item_purchase_floors":[19,19],"current_hp_per_floor":[53,53,53,48,28,28,28,19,19,19,15,15,15,15,49,11,56,55,55,55,47,30,30,8,0,0],"gold":105,"neow_bonus":"ONE_RARE_RELIC","is_daily":false,"chose_seed":false,"campfire_upgraded":0,"win_rate":0.0,"timestamp":1613145531,"path_taken":["M","M","$","?","?","R","M","M","T","?","M","M","R","M","R","BOSS","M","$","?","M","M","R","M","E"],"items_purchased_type":["Relic","Card"],"build_version":"2020-12-22","purchased_purges":2,"victory":false,"max_hp_per_floor":[66,66,66,66,66,66,66,66,66,66,66,66,66,66,66,71,71,71,71,71,71,71,71,71,71,71],"card_choices":[{"not_picked":["Deadly Poison","Masterful Stab"],"picked":"Blade Dance","floor":1.0},{"not_picked":["Noxious Fumes","Bane"],"picked":"Choke","floor":2.0},{"not_picked":["PiercingWail","Masterful Stab","Flying Knee"],"picked":"SKIP","floor":7.0},{"not_picked":["Masterful Stab","Flying Knee"],"picked":"PiercingWail","floor":7.0},{"not_picked":["Catalyst","Blur"],"picked":"Blade Dance","floor":8.0},{"not_picked":["Outmaneuver","Slice","Deflect"],"picked":"SKIP","floor":11.0},{"not_picked":["Acrobatics","Slice"],"picked":"Terror","floor":12.0},{"not_picked":["Expertise","Flying Knee","Well Laid Plans"],"picked":"SKIP","floor":14.0},{"not_picked":["Corpse Explosion","Phantasmal Killer"],"picked":"Burst","floor":16.0},{"not_picked":["Dodge and Roll","Reflex"],"picked":"Dagger Spray+1","floor":18.0},{"not_picked":["Cloak And Dagger","Outmaneuver","Well Laid Plans"],"picked":"SKIP","floor":21.0},{"not_picked":["Terror","PiercingWail","Deflect"],"picked":"SKIP","floor":22.0},{"not_picked":["Slice+1","Skewer"],"picked":"Dagger Spray+1","floor":24}],"player_experience":252043,"relics_obtained":[{"floor":9.0,"key":"MawBank"}],"event_choices":[{"damage_healed":0.0,"max_hp_gain":0.0,"max_hp_loss":0.0,"gold_gain":0.0,"event_name":"Scrap Ooze","player_choice":"Success","floor":4.0,"gold_loss":0.0,"damage_taken":5.0,"relics_obtained":["Regal Pillow"]},{"damage_healed":0.0,"max_hp_gain":0.0,"max_hp_loss":0.0,"gold_gain":0.0,"event_name":"Shining Light","player_choice":"Entered Light","floor":5.0,"gold_loss":0.0,"damage_taken":20.0,"cards_upgraded":["Strike_G","Survivor"]},{"damage_healed":0.0,"max_hp_gain":0.0,"max_hp_loss":0.0,"gold_gain":0.0,"event_name":"Liars Game","player_choice":"Ignored","floor":10.0,"gold_loss":0.0,"damage_taken":0.0},{"damage_healed":0.0,"max_hp_gain":0.0,"max_hp_loss":0.0,"gold_gain":0.0,"event_name":"Back to Basics","player_choice":"Simplicity","floor":20.0,"gold_loss":0.0,"damage_taken":0.0,"cards_upgraded":["Strike_G","Strike_G","Strike_G","Defend_G","Defend_G","Defend_G","Defend_G","Defend_G"]}],"is_beta":false,"boss_relics":[{"not_picked":["Velvet Choker","HoveringKite"],"picked":"SlaversCollar"}],"items_purged_floors":[3,19],"is_endless":false,"potions_floor_spawned":[7,12,18,22],"killed_by":"Book of Stabbing","ascension_level":19}}