{"host":"mw3dmj42qtkbha4b","time":1613137473,"event":{"mods":["BaseMod","Colored Map","Colored Powertips","DeckTracker","Minty Spire (QoL Compilation)","StSLib","SuperFastMode"],"gold_per_floor":[112,112,112,112,132,166,2,2,2,33,50,84,234,234,234,311,311,321,331,331,331],"floor_reached":20,"language":"KOR","playtime":511,"items_purged":[],"score":530,"play_id":"e0f85cb5-6150-4c35-916c-4b9492b60b5e","local_time":"20210212224433","is_ascension_mode":true,"campfire_choices":[{"data":"Eruption","floor":8.0,"key":"SMITH"},{"floor":15.0,"key":"REST"}],"circlet_count":0,"master_deck":["AscendersBane","Strike_P","Strike_P","Strike_P","Strike_P","Defend_P","Defend_P","Defend_P","Eruption+1","Vigilance","BowlingBash+1","ReachHeaven+1","Doubt"],"relics":["PureWater","NeowsBlessing","MealTicket","Boot","ClockworkSouvenir","Nunchaku","Molten Egg 2","Pocketwatch","Black Star"],"acts_visited":["Exordium","TheCity"],"potions_floor_usage":[19],"damage_taken":[{"damage":0.0,"enemies":"Jaw Worm","floor":1.0,"turns":1.0},{"damage":0.0,"enemies":"Small Slimes","floor":5.0,"turns":1.0},{"damage":0.0,"enemies":"Lagavulin","floor":6.0,"turns":1.0},{"damage":36.0,"enemies":"3 Sentries","floor":10.0,"turns":9.0},{"damage":0.0,"enemies":"Cultist","floor":11.0,"turns":3.0},{"damage":29.0,"enemies":"Lagavulin","floor":12.0,"turns":6.0},{"damage":0.0,"enemies":"Slime Boss","floor":16.0,"turns":5.0},{"damage":28.0,"enemies":"2 Thieves","floor":18.0,"turns":5.0},{"damage":20,"enemies":"3 Byrds","floor":19,"turns":4},{"damage":10,"enemies":"Snake Plant","floor":20,"turns":2}],"seed_played":"4361638781517510800","potions_obtained":[{"floor":1.0,"key":"DistilledChaos"},{"floor":6.0,"key":"SpeedPotion"},{"floor":12.0,"key":"SpeedPotion"},{"floor":14.0,"key":"Explosive Potion"},{"floor":18.0,"key":"Dexterity Potion"}],"is_trial":false,"path_per_floor":["M","?","$","?","M","E","$","R","T","E","M","E","?","?","R","B",null,"M","M","M"],"character_chosen":"WATCHER","items_purchased":["ClockworkSouvenir"],"campfire_rested":1,"item_purchase_floors":[7],"current_hp_per_floor":[61,56,68,68,68,68,68,68,68,32,32,3,3,3,23,23,57,29,9,0,0],"gold":331,"neow_bonus":"THREE_ENEMY_KILL","is_daily":false,"chose_seed":false,"campfire_upgraded":1,"win_rate":0.0,"timestamp":1613137473,"path_taken":["M","?","$","?","?","E","$","R","T","E","M","E","?","?","R","BOSS","M","?","M"],"items_purchased_type":["Relic"],"build_version":"2020-12-22","purchased_purges":0,"victory":false,"max_hp_per_floor":[68,68,68,68,68,68,68,68,68,68,68,68,68,68,68,68,68,68,68,68,68],"card_choices":[{"not_picked":["Perseverance","WaveOfTheHand","FlyingSleeves"],"picked":"SKIP","floor":1.0},{"not_picked":["Study","CrushJoints","Halt"],"picked":"SKIP","floor":5.0},{"not_picked":["CrushJoints","EmptyFist","SignatureMove"],"picked":"SKIP","floor":6.0},{"not_picked":["Blasphemy","Sanctity"],"picked":"BowlingBash+1","floor":10.0},{"not_picked":["SandsOfTime+1","Halt"],"picked":"ReachHeaven+1","floor":11.0},{"not_picked":["FollowUp+1","BowlingBash+1","Sanctity"],"picked":"SKIP","floor":12.0},{"not_picked":["Evaluate","EmptyBody","InnerPeace+1"],"picked":"SKIP","floor":18.0},{"not_picked":["ThirdEye","BowlingBash+1","ReachHeaven+1"],"picked":"SKIP","floor":19}],"player_experience":1814492,"relics_obtained":[{"floor":6.0,"key":"Boot"},{"floor":9.0,"key":"Nunchaku"},{"floor":10.0,"key":"Molten Egg 2"},{"floor":12.0,"key":"Pocketwatch"}],"event_choices":[{"damage_healed":0.0,"max_hp_gain":0.0,"max_hp_loss":0.0,"gold_gain":0.0,"event_name":"Scrap Ooze","player_choice":"Success","floor":2.0,"gold_loss":0.0,"damage_taken":5.0,"relics_obtained":["MealTicket"]},{"cards_removed":["Defend_P"],"damage_healed":0.0,"max_hp_gain":0.0,"max_hp_loss":0.0,"gold_gain":0.0,"event_name":"Bonfire Elementals","player_choice":"Offered Basic","floor":4.0,"gold_loss":0.0,"damage_taken":0.0},{"damage_healed":0.0,"max_hp_gain":0.0,"max_hp_loss":0.0,"gold_gain":150.0,"event_name":"Liars Game","player_choice":"AGREE","floor":13.0,"gold_loss":0.0,"damage_taken":0.0,"cards_obtained":["Doubt"]},{"damage_healed":0.0,"max_hp_gain":0.0,"max_hp_loss":0.0,"gold_gain":0.0,"event_name":"Lab","player_choice":"Got Potions","floor":14.0,"gold_loss":0.0,"damage_taken":0.0}],"is_beta":false,"boss_relics":[{"not_picked":["Coffee Dripper","Snecko Eye"],"picked":"Black Star"}],"items_purged_floors":[],"is_endless":false,"potions_floor_spawned":[1,6,12,18],"killed_by":"Snake Plant","ascension_level":20}}