{"host":"h2hvhmnr6sxj7mkx","time":1613147954,"event":{"mods":["BaseMod","Marisa????????","Minty Spire (QoL Compilation)","Replay The Spire","StSLib"],"gold_per_floor":[117,467,482,497,507,507,539,513,513,513,513,513,530,303,335,335,335,437,437,447,196,209,209,17,17,50,68,137,168,190,226,226,248,248,350,350,366,386,386,403,422,422,120,146,170,170,170,220,248,274,274,280,280],"floor_reached":52,"language":"ENG","playtime":5872,"items_purged":["CommonCold","Overencumbered"],"score":834,"play_id":"1300b23a-6d17-4c37-85b6-58e2decbb90a","local_time":"20210212103914","is_ascension_mode":false,"campfire_choices":[{"data":"FIFO Queue","floor":6,"key":"SMITH"},{"data":"Chill","floor":12,"key":"SMITH"},{"floor":17,"key":"DIG"},{"floor":25,"key":"DIG"},{"floor":34,"key":"DIG"},{"floor":42,"key":"DIG"},{"floor":46,"key":"DIG"},{"floor":51,"key":"DIG"}],"circlet_count":0,"master_deck":["Strike_B","Strike_B","Strike_B","Strike_B","Defend_B","Defend_B","Defend_B","Defend_B","Zap","Dualcast","FIFO Queue+1","Decay","Replay:Hysterical Blindness","Cold Snap","Chill+1","Ball Lightning","Seek+1","Crystallizer+1","Buffer+1","Genetic Algorithm+1","Genetic Algorithm","Quick Slash+1","Survey Options+1","Shame","Defragment+1","Defragment+1","Overencumbered","Conserve Battery","Deadly Poison","BowlingBash","ReplayTheSpireMod:Faulty Equipment","Barrage","Darkness","Acrobatics","PowerUp","Core Surge+1","Zap","Rampage+1","Toxin Wave","ReplayTheSpireMod:Restless Dread","Exhume+1","Hallucinations","Injury","CommonCold","Poisoned Stab+1","Replay:AtTheReady+1","Flying Knee","Fusion","Exhume+1","ClearTheMind","Study+1","Leg Sweep","PiercingWail+1","Reboot+1","Beam Cell","Barrage","Blade Dance+1","Backflip+1"],"relics":["Cracked Core","NeowsBlessing","Ring of Peace","Ring of Greed","Golden Egg","Old Coin","Bronze Scales","Gremlin Horn","Oddly Smooth Stone","Shovel","ReplayTheSpireMod:Shallot","ReplayTheSpireMod:TigerMarble","Honey Jar","Prayer Wheel","PrismaticShard","PreservedInsect","DollysMirror","Replay:Bandana","Lantern","Bottled Flame","Replay:Baseball","Meat on the Bone","Replay:Ancient Bell","Geode","Replay:Bottled Steam","FossilizedHelix","Unceasing Top","Guide Book","Blue Doll","Omamori","Pet Ghost","Replay:Mystery Machine","Sundial","Replay:Arrowhead"],"acts_visited":["Exordium","TheCity","TheBeyond"],"potions_floor_usage":[7,7,18,22,50,52,52,52],"damage_taken":[{"damage":0,"enemies":"Cultist","floor":1,"turns":1},{"damage":0,"enemies":"Jaw Worm","floor":3,"turns":1},{"damage":0,"enemies":"2 Louse","floor":4,"turns":1},{"damage":0,"enemies":"Exordium Wildlife","floor":5,"turns":4},{"damage":0,"enemies":"3 Sentries","floor":7,"turns":2},{"damage":0,"enemies":"3 Louse","floor":13,"turns":3},{"damage":4,"enemies":"Replay:BlueRogue","floor":15,"turns":7},{"damage":13,"enemies":"Slime Boss","floor":18,"turns":9},{"damage":4,"enemies":"3 Byrds","floor":20,"turns":3},{"damage":0,"enemies":"2 Thieves","floor":22,"turns":4},{"damage":7,"enemies":"Replay:Snechameleon","floor":26,"turns":5},{"damage":0,"enemies":"Centurion and Healer","floor":27,"turns":7},{"damage":0,"enemies":"Book of Stabbing","floor":29,"turns":5},{"damage":0,"enemies":"Chosen and Byrds","floor":30,"turns":5},{"damage":4,"enemies":"Sentry and Sphere","floor":31,"turns":5},{"damage":10,"enemies":"Snake Plant","floor":33,"turns":4},{"damage":14,"enemies":"Collector","floor":35,"turns":10},{"damage":0,"enemies":"3 Shapes","floor":37,"turns":4},{"damage":0,"enemies":"3 Darklings","floor":38,"turns":7},{"damage":30,"enemies":"Spire Growth","floor":40,"turns":6},{"damage":28,"enemies":"Maw","floor":41,"turns":9},{"damage":0,"enemies":"Reptomancer","floor":48,"turns":10},{"damage":15,"enemies":"4 Shapes","floor":49,"turns":4},{"damage":8,"enemies":"3 Darklings","floor":50,"turns":4},{"damage":58,"enemies":"Donu and Deca","floor":52,"turns":8}],"seed_played":"-2945204869052691507","potions_obtained":[{"floor":1,"key":"FocusPotion"},{"floor":3,"key":"PowerPotion"},{"floor":5,"key":"SkillPotion"},{"floor":7,"key":"Strength Potion"},{"floor":20,"key":"Explosive Potion"},{"floor":27,"key":"Block Potion"},{"floor":31,"key":"BlessingOfTheForge"},{"floor":35,"key":"Strength Potion"},{"floor":37,"key":"Cursed Concoction"},{"floor":38,"key":"Fire Potion"},{"floor":48,"key":"Energy Potion"}],"is_trial":false,"path_per_floor":["M","?","M","M","M","R","E","?","PTL","PTL","T","R","M","$","E","?","R","B",null,"M","$","M","?","$","R","E","M","T","E","M","M","?","M","R","B",null,"M","M","?","M","M","R","$","T","T","R","?","E","M","M","R","B"],"character_chosen":"DEFECT","items_purchased":["Oddly Smooth Stone","PrismaticShard","Defragment","DollysMirror","Guide Book","Blue Doll"],"campfire_rested":0,"item_purchase_floors":[14,21,24,24,43,43],"current_hp_per_floor":[75,75,75,75,75,75,75,75,75,75,75,75,75,75,71,71,71,58,75,71,71,71,71,71,71,64,64,64,64,64,60,60,50,50,48,75,75,75,75,45,29,29,29,29,29,29,75,75,60,52,52,0,0],"gold":280,"neow_bonus":"THREE_ENEMY_KILL","is_daily":false,"chose_seed":false,"campfire_upgraded":2,"win_rate":0.0,"timestamp":1613147954,"path_taken":["M","?","M","M","M","R","E","?","PTL","PTL","T","R","M","$","E","?","R","BOSS","M","$","M","?","$","R","E","M","T","E","M","M","?","?","R","BOSS","M","M","?","?","M","R","$","?","T","R","?","E","M","M","R","BOSS"],"items_purchased_type":["Relic","Relic","Card","Relic","Relic","Relic"],"build_version":"2020-12-22","purchased_purges":2,"victory":false,"max_hp_per_floor":[75,75,75,75,75,75,75,75,75,75,75,75,75,75,75,75,75,75,75,75,75,75,75,75,75,75,75,75,75,75,75,75,75,75,75,75,75,75,75,75,75,75,75,75,75,75,75,75,75,75,75,75,75],"card_choices":[{"not_picked":["Fusion","Steam"],"picked":"FIFO Queue","floor":1},{"not_picked":["Steam","Reinforced Body"],"picked":"Cold Snap","floor":3},{"not_picked":["Steam","Beam Cell"],"picked":"Chill","floor":4},{"not_picked":["Chaos","Lockon"],"picked":"Ball Lightning","floor":5},{"not_picked":["Go for the Eyes","Doom and Gloom"],"picked":"Seek","floor":7},{"not_picked":["Consume","Sweeping Beam","Coolheaded"],"picked":"SKIP","floor":13},{"not_picked":["ReplayGash","ReplayTheSpireMod:Repulse","Compile Driver"],"picked":"SKIP","floor":15},{"not_picked":["FTL","Genetic Algorithm"],"picked":"Crystallizer","floor":16},{"not_picked":["Echo Form","Machine Learning"],"picked":"ReplayTheSpireMod:Fabricate Wheel","floor":18},{"not_picked":["Static Discharge","Leap","BootSequence"],"picked":"Genetic Algorithm","floor":20},{"not_picked":["Force Field","Time Bomb","Leap"],"picked":"Genetic Algorithm","floor":20},{"not_picked":["Rage+1","ReplayTheSpireMod:Strike From Hell+1","EmptyBody"],"picked":"Quick Slash+1","floor":22},{"not_picked":["A Thousand Cuts","ReplayTheSpireMod:The Works","Panic Button"],"picked":"Survey Options+1","floor":22},{"not_picked":["6A","CrushJoints","BlazingStar"],"picked":"Conserve Battery","floor":26},{"not_picked":["Hologram","ReplaySolidLightProjector","Panic Button"],"picked":"Deadly Poison","floor":27},{"not_picked":["GalacticHalo","Evaluate","GravityBeat"],"picked":"BowlingBash","floor":27},{"not_picked":["Nirvana","Acceleration","ClearTheMind"],"picked":"Searing Blow","floor":29},{"not_picked":["GalacticHalo","Halt+1","Sword Boomerang"],"picked":"Barrage","floor":30},{"not_picked":["GravityBeat","Flash of Steel","6A+1"],"picked":"Darkness","floor":30},{"not_picked":["Quick Slash","ReplayTheSpireMod:Tripwire","DoubleSpark"],"picked":"Acrobatics","floor":31},{"not_picked":["ClearTheMind","ReplayTheSpireMod:Scrap Shanks+1","Barrage"],"picked":"PowerUp","floor":31},{"not_picked":["Sunder","SporeBomb+1","GravityBeat+1"],"picked":"Rampage+1","floor":33},{"not_picked":["Combust","Double Tap","PulseMagic"],"picked":"Toxin Wave","floor":33},{"not_picked":["Die Die Die","MaximisePower","CasketOfStar"],"picked":"Exhume","floor":35},{"not_picked":["Spreading Infection","Decay","Pain"],"picked":"Hallucinations","floor":36},{"not_picked":["ReplayTheSpireMod:IOU","Sickly","Wraith"],"picked":"Injury","floor":36},{"not_picked":["Clumsy","Looming Evil","Spreading Infection"],"picked":"CommonCold","floor":36},{"not_picked":["Dark Shackles+1","Buffer","Inflame+1"],"picked":"Poisoned Stab+1","floor":37},{"not_picked":["Wild Strike","Heatsinks","Perseverance"],"picked":"Replay:AtTheReady+1","floor":37},{"not_picked":["StarlightTyphoon","Underhanded Strike+1","6A+1"],"picked":"Flying Knee","floor":38},{"not_picked":["Sentinel","Prepared","Conserve Battery+1"],"picked":"Fusion","floor":38},{"not_picked":["FollowUp","Draining Mist+1","Protect"],"picked":"ClearTheMind","floor":40},{"not_picked":["Flex+1","Hemokinesis+1","Quick Slash+1"],"picked":"Study+1","floor":40},{"not_picked":["MeteoricShower+1","DC+1","Leap+1"],"picked":"Leg Sweep","floor":41},{"not_picked":["Twin Strike","GrandCross","Warcry+1"],"picked":"PiercingWail+1","floor":41},{"not_picked":["True Grit","Enlightenment","Nirvana+1"],"picked":"Reboot","floor":48},{"not_picked":["Iron Wave","Heavy Blade","Sucker Punch+1"],"picked":"Beam Cell","floor":49},{"not_picked":["Replay:Undeath\u0027s Touch+1","Combust","ReplayTheSpireMod:Strike From Hell"],"picked":"Barrage","floor":49},{"not_picked":["Panache","ReplayTheSpireMod:Stacked+1","Expertise"],"picked":"Blade Dance+1","floor":50},{"not_picked":["Run Through","Leap+1","Replay:AtTheReady+1"],"picked":"Backflip+1","floor":50}],"player_experience":51496,"relics_obtained":[{"floor":2,"key":"Ring of Peace"},{"floor":2,"key":"Ring of Greed"},{"floor":2,"key":"Golden Egg"},{"floor":2,"key":"Old Coin"},{"floor":7,"key":"Bronze Scales"},{"floor":11,"key":"Gremlin Horn"},{"floor":15,"key":"Shovel"},{"floor":16,"key":"ReplayTheSpireMod:Shallot"},{"floor":17,"key":"ReplayTheSpireMod:TigerMarble"},{"floor":25,"key":"Replay:Bandana"},{"floor":26,"key":"Lantern"},{"floor":28,"key":"Bottled Flame"},{"floor":29,"key":"Replay:Baseball"},{"floor":34,"key":"Meat on the Bone"},{"floor":42,"key":"Unceasing Top"},{"floor":44,"key":"Omamori"},{"floor":45,"key":"Pet Ghost"},{"floor":46,"key":"Replay:Mystery Machine"},{"floor":48,"key":"Sundial"},{"floor":51,"key":"Replay:Arrowhead"}],"event_choices":[{"damage_healed":0,"gold_gain":0,"player_choice":"Left Gold","damage_taken":0,"max_hp_gain":0,"max_hp_loss":0,"event_name":"World of Goop","floor":8,"gold_loss":26},{"damage_healed":0,"gold_gain":0,"player_choice":"Stole Relic","damage_taken":0,"relics_obtained":["PreservedInsect"],"max_hp_gain":0,"max_hp_loss":0,"event_name":"Addict","floor":23,"gold_loss":0,"cards_obtained":["Shame"]},{"damage_healed":0,"gold_gain":0,"player_choice":"2 cards matched","damage_taken":0,"max_hp_gain":0,"max_hp_loss":0,"event_name":"Match and Keep!","floor":32,"gold_loss":0,"cards_obtained":["Core Surge","Zap"]},{"damage_healed":0,"gold_gain":0,"player_choice":"Copied","damage_taken":0,"max_hp_gain":0,"max_hp_loss":0,"event_name":"Duplicator","floor":39,"gold_loss":0,"cards_obtained":["Exhume"]},{"cards_removed":["Searing Blow"],"damage_healed":46,"gold_gain":0,"player_choice":"Offered Uncommon","damage_taken":0,"max_hp_gain":0,"max_hp_loss":0,"event_name":"Bonfire Elementals","floor":47,"gold_loss":0}],"is_beta":false,"boss_relics":[{"not_picked":["Fusion Hammer","Cursed Key"],"picked":"Honey Jar"},{"not_picked":["Runic Pyramid","Runic Dome"],"picked":"Replay:Ancient Bell"},{"not_picked":["Pen Nib","ReplayTheSpireMod:Lightbulb"],"picked":"Geode"},{"not_picked":["InkBottle","Eternal Feather"],"picked":"Replay:Bottled Steam"},{"not_picked":["Incense Burner","Replay:Towering Pillar of Hats"],"picked":"FossilizedHelix"}],"items_purged_floors":[14,21],"is_endless":false,"potions_floor_spawned":[1,3,5,7,20,27,31,35,37,38,48],"killed_by":"Donu and Deca","ascension_level":0}}