{"host":"rq7gz685gkaokql0","time":1613155207,"event":{"mods":["BaseMod","Hubris","Infinite Spire","Minty Spire (QoL Compilation)","Replay The Spire","StSLib"],"gold_per_floor":[113,113,163,182,332,332,332,365,391,391,391],"floor_reached":10,"language":"ENG","playtime":315,"items_purged":[],"score":228,"play_id":"954b278d-6b3f-46d9-a7b6-1ff4a3cd8c8a","local_time":"20210212084007","is_ascension_mode":true,"campfire_choices":[{"data":"Reaper","floor":6.0,"key":"SMITH"}],"circlet_count":0,"master_deck":["AscendersBane","Strike_R","Strike_R","Strike_R","Strike_R","Strike_R","Defend_R","Defend_R","Defend_R","Defend_R","Bash","hubris:Defend_Merchant","Strike_B","Perfected Strike","Delirium","Reaper+1","Doubt","hubris:Greed","hubris:Sloth","ReplayTheSpireMod:Faulty Equipment","Dropkick","hubris:Despair"],"relics":["Burning Blood","infinitespire:CursedDice","hubris:Towel","Ring of Greed","Membership Card","MealTicket","Ring of Panic","hubris:Icosahedron","Replay:PocketPolymizer","Vajra"],"acts_visited":["Exordium"],"potions_floor_usage":[10],"damage_taken":[{"damage":21.0,"enemies":"Jaw Worm","floor":1.0,"turns":4.0},{"damage":9.0,"enemies":"Small Slimes","floor":4.0,"turns":3.0},{"damage":55,"enemies":"Gremlin Nob","floor":8,"turns":5},{"damage":71,"enemies":"Lagavulin","floor":10,"turns":9}],"seed_played":"-3591126497387207652","potions_obtained":[],"is_trial":false,"path_per_floor":["M","?","?","M","?","R","?","E","T","E"],"character_chosen":"IRONCLAD","items_purchased":[],"campfire_rested":0,"item_purchase_floors":[],"current_hp_per_floor":[53,53,53,50,50,50,50,51,51,0,0],"gold":391,"neow_bonus":"ONE_RARE_RELIC","is_daily":false,"chose_seed":false,"campfire_upgraded":1,"win_rate":0.0,"timestamp":1613155207,"path_taken":["M","?","?","M","?","R","?","E","T","E"],"items_purchased_type":[],"build_version":"2020-12-22","purchased_purges":0,"victory":false,"max_hp_per_floor":[75,75,75,75,75,75,75,75,75,75,75],"card_choices":[{"not_picked":["Clash","Warcry"],"picked":"Perfected Strike","floor":1.0},{"not_picked":["Evolve","Second Wind"],"picked":"Reaper","floor":4.0},{"not_picked":["Corruption","Massacre"],"picked":"Dropkick","floor":8}],"player_experience":1281458,"relics_obtained":[{"floor":3.0,"key":"Ring of Greed"},{"floor":3.0,"key":"Membership Card"},{"floor":3.0,"key":"MealTicket"},{"floor":3.0,"key":"Ring of Panic"},{"floor":8,"key":"Replay:PocketPolymizer"},{"floor":9,"key":"Vajra"}],"event_choices":[{"damage_healed":0.0,"max_hp_gain":0.0,"max_hp_loss":0.0,"gold_gain":150.0,"event_name":"Liars Game","player_choice":"AGREE","floor":5.0,"gold_loss":0.0,"damage_taken":0.0,"cards_obtained":["Doubt"]}],"is_beta":false,"boss_relics":[],"items_purged_floors":[],"is_endless":false,"potions_floor_spawned":[],"killed_by":"Lagavulin","ascension_level":20}}