{"host":"tner83jrcdd0m6a5","time":1613118988,"event":{"mods":["AchievementEnabler","BaseMod","Bestiary","Colored Map","Colored Powertips","DeckTracker","Highlight Path","Keyboard Shortcuts","Minty Spire (QoL Compilation)","Quick Restart","Rare Cards Sparkle","Relic Stats","Slay-I","SuperFastMode"],"gold_per_floor":[15,15,25,100,100,100,130,130,156,168,179,179,21,38,38,134,134,150,161,161,161,173,204,204,223,249,174,174,184,215,245,245,342,342,354,354,383,283,301,301,340,340,413,19,52,52,75,98,98,98],"floor_reached":51,"language":"ENG","playtime":2376,"items_purged":["Defend_G","Strike_G+1","Defend_G"],"score":1027,"play_id":"8d870bd3-f5f9-4003-bf7f-209a62662b9f","local_time":"20210212083628","is_ascension_mode":true,"campfire_choices":[{"data":"Panache","floor":6,"key":"SMITH"},{"data":"Glass Knife","floor":8,"key":"SMITH"},{"data":"Prepared","floor":15,"key":"SMITH"},{"data":"After Image","floor":24,"key":"SMITH"},{"data":"Endless Agony","floor":28,"key":"SMITH"},{"data":"Adrenaline","floor":32,"key":"SMITH"},{"data":"Backflip","floor":40,"key":"SMITH"},{"data":"Survivor","floor":42,"key":"SMITH"},{"data":"Metamorphosis","floor":49,"key":"SMITH"}],"circlet_count":0,"master_deck":["Defend_G","Defend_G","Defend_G","Survivor+1","Neutralize","Panache+1","Backflip+1","Cloak And Dagger+1","Glass Knife+1","Prepared+1","Adrenaline+1","After Image+1","Backstab+1","Terror+1","Endless Agony+1","Backflip","Impatience","Impatience","Cloak And Dagger+1","Metamorphosis+1","Impatience","Escape Plan","Choke+1"],"relics":["Ring of the Snake","Gremlin Horn","Omamori","Runic Pyramid","CeramicFish","Whetstone","Red Mask","The Specimen","WristBlade","PreservedInsect","White Beast Statue","Darkstone Periapt"],"acts_visited":["Exordium","TheCity","TheBeyond"],"potions_floor_usage":[7,16,23,23,33,50,50,50],"damage_taken":[{"damage":4,"enemies":"Jaw Worm","floor":1,"turns":6},{"damage":2,"enemies":"Cultist","floor":3,"turns":5},{"damage":16,"enemies":"Lagavulin","floor":7,"turns":9},{"damage":0,"enemies":"Small Slimes","floor":10,"turns":2},{"damage":4,"enemies":"3 Louse","floor":11,"turns":2},{"damage":0,"enemies":"Exordium Thugs","floor":14,"turns":4},{"damage":16,"enemies":"The Guardian","floor":16,"turns":11},{"damage":1,"enemies":"Shell Parasite","floor":18,"turns":4},{"damage":0,"enemies":"Chosen","floor":19,"turns":3},{"damage":3,"enemies":"Snake Plant","floor":22,"turns":2},{"damage":2,"enemies":"Book of Stabbing","floor":23,"turns":5},{"damage":0,"enemies":"3 Cultists","floor":25,"turns":4},{"damage":0,"enemies":"Chosen and Byrds","floor":29,"turns":3},{"damage":8,"enemies":"Masked Bandits","floor":30,"turns":4},{"damage":0,"enemies":"Slavers","floor":31,"turns":3},{"damage":19,"enemies":"Automaton","floor":33,"turns":8},{"damage":4,"enemies":"3 Darklings","floor":35,"turns":3},{"damage":0,"enemies":"3 Shapes","floor":37,"turns":2},{"damage":0,"enemies":"Reptomancer","floor":41,"turns":2},{"damage":0,"enemies":"Giant Head","floor":45,"turns":4},{"damage":0,"enemies":"Transient","floor":47,"turns":5},{"damage":0,"enemies":"Jaw Worm Horde","floor":48,"turns":2},{"damage":34,"enemies":"Time Eater","floor":50,"turns":6}],"seed_played":"-7785461562804411726","potions_obtained":[{"floor":1,"key":"Energy Potion"},{"floor":3,"key":"ColorlessPotion"},{"floor":7,"key":"EssenceOfSteel"},{"floor":11,"key":"Poison Potion"},{"floor":22,"key":"EssenceOfSteel"},{"floor":25,"key":"Ancient Potion"},{"floor":31,"key":"EntropicBrew"},{"floor":33,"key":"Fire Potion"},{"floor":41,"key":"Block Potion"},{"floor":45,"key":"CunningPotion"}],"is_trial":false,"path_per_floor":["M","?","M","?","?","R","E","R","T","M","M","?","$","M","R","B",null,"M","M","?","?","M","E","R","M","T","$","R","M","?","E","R","B",null,"M","?","M","$","?","R","E","R","T","$","E","$","M","M","R","B",null],"character_chosen":"THE_SILENT","items_purchased":["Adrenaline","Metamorphosis","Impatience"],"campfire_rested":0,"item_purchase_floors":[13,44,44],"current_hp_per_floor":[66,66,64,53,53,53,37,37,37,37,33,33,33,33,33,17,70,69,69,56,56,53,51,51,51,51,51,51,51,43,43,43,24,75,71,71,71,71,61,61,61,61,61,61,61,61,61,61,61,27],"gold":98,"neow_bonus":"RANDOM_COLORLESS_2","is_daily":false,"chose_seed":false,"campfire_upgraded":9,"win_rate":0.0,"timestamp":1613118988,"path_taken":["M","?","?","?","?","R","E","R","T","M","?","?","?","M","R","BOSS","M","M","?","?","?","E","R","M","T","$","R","M","?","E","R","BOSS","M","?","M","?","?","R","E","R","T","$","E","?","?","M","R","BOSS"],"items_purchased_type":["Card","Card","Card"],"build_version":"2020-12-22","purchased_purges":3,"victory":true,"max_hp_per_floor":[70,70,70,70,70,70,70,70,70,70,70,70,70,70,70,70,70,70,70,75,75,75,75,75,75,75,75,75,75,75,75,75,75,75,75,75,75,75,75,75,75,75,75,75,75,75,75,75,75,75],"relic_stats":{"Darkstone Periapt":0,"Gremlin Horn":[23,23],"counters":[23,99],"CeramicFish":81,"PreservedInsect":125,"Whetstone":["Strike_G","Strike_G"],"obtain_stats":[{"Darkstone Periapt":45,"Gremlin Horn":7,"The Specimen":31,"WristBlade":34,"CeramicFish":23,"PreservedInsect":41,"Omamori":9,"Red Mask":30,"Whetstone":26,"White Beast Statue":43,"Ring of the Snake":0,"Runic Pyramid":17},{"Darkstone Periapt":20,"Gremlin Horn":3,"The Specimen":15,"WristBlade":16,"CeramicFish":11,"PreservedInsect":19,"Omamori":3,"Red Mask":14,"Whetstone":12,"White Beast Statue":19,"Ring of the Snake":0,"Runic Pyramid":7},{"Darkstone Periapt":86,"Gremlin Horn":20,"The Specimen":67,"WristBlade":75,"CeramicFish":53,"PreservedInsect":82,"Omamori":20,"Red Mask":64,"Whetstone":57,"White Beast Statue":82,"Ring of the Snake":0,"Runic Pyramid":39}],"Ring of the Snake":[47]},"card_choices":[{"not_picked":["Transmutation","Violence"],"picked":"Panache","floor":0},{"not_picked":["All Out Attack","Outmaneuver"],"picked":"Backflip","floor":1},{"not_picked":["Skewer","Calculated Gamble"],"picked":"Cloak And Dagger","floor":3},{"not_picked":["Dagger Spray","Bane"],"picked":"Glass Knife","floor":7},{"not_picked":["Reflex","Deadly Poison","Outmaneuver"],"picked":"SKIP","floor":10},{"not_picked":["Catalyst","All Out Attack"],"picked":"Prepared","floor":11},{"not_picked":["Bane","Deadly Poison","Leg Sweep"],"picked":"SKIP","floor":14},{"not_picked":["Die Die Die","Doppelganger"],"picked":"After Image","floor":16},{"not_picked":["Acrobatics","Prepared"],"picked":"Backstab+1","floor":18},{"not_picked":["Dodge and Roll+1","Accuracy"],"picked":"Terror+1","floor":19},{"not_picked":["PiercingWail","Dagger Throw","Well Laid Plans"],"picked":"SKIP","floor":22},{"not_picked":["Infinite Blades","PiercingWail","Caltrops"],"picked":"SKIP","floor":23},{"not_picked":["Outmaneuver","Venomology"],"picked":"Endless Agony","floor":25},{"not_picked":["Acrobatics+1","Sucker Punch","Dagger Throw"],"picked":"SKIP","floor":29},{"not_picked":["Endless Agony","Storm of Steel","Catalyst"],"picked":"SKIP","floor":31},{"not_picked":["Calculated Gamble+1","Terror","Underhanded Strike+1"],"picked":"SKIP","floor":35},{"not_picked":["Acrobatics","Flying Knee"],"picked":"Backflip","floor":37},{"not_picked":["Dark Shackles","Finesse"],"picked":"Impatience","floor":39},{"not_picked":["Forethought","Good Instincts"],"picked":"Impatience","floor":39},{"not_picked":["Sucker Punch+1","Outmaneuver+1"],"picked":"Cloak And Dagger+1","floor":41},{"not_picked":["Flying Knee","Expertise","Poisoned Stab+1"],"picked":"SKIP","floor":45},{"not_picked":["Quick Slash+1","Crippling Poison"],"picked":"Escape Plan","floor":47},{"not_picked":["Outmaneuver+1","Deflect+1"],"picked":"Choke+1","floor":48}],"player_experience":377672,"relics_obtained":[{"floor":7,"key":"Gremlin Horn"},{"floor":9,"key":"Omamori"},{"floor":23,"key":"CeramicFish"},{"floor":26,"key":"Whetstone"},{"floor":30,"key":"Red Mask"},{"floor":31,"key":"The Specimen"},{"floor":41,"key":"PreservedInsect"},{"floor":43,"key":"White Beast Statue"},{"floor":45,"key":"Darkstone Periapt"}],"event_choices":[{"cards_removed":["Strike_G"],"damage_healed":0,"gold_gain":0,"player_choice":"Card Removal","damage_taken":0,"max_hp_gain":0,"max_hp_loss":0,"event_name":"Wheel of Change","floor":2,"gold_loss":0},{"damage_healed":0,"gold_gain":75,"player_choice":"Gather Gold","damage_taken":11,"max_hp_gain":0,"max_hp_loss":0,"event_name":"World of Goop","floor":4,"gold_loss":0},{"damage_healed":0,"gold_gain":0,"player_choice":"Upgraded","damage_taken":0,"max_hp_gain":0,"max_hp_loss":0,"event_name":"Upgrade Shrine","floor":5,"gold_loss":0,"cards_upgraded":["Cloak And Dagger"]},{"cards_removed":["Strike_G"],"damage_healed":0,"gold_gain":0,"player_choice":"Forget","damage_taken":0,"max_hp_gain":0,"max_hp_loss":0,"event_name":"Living Wall","floor":12,"gold_loss":0},{"damage_healed":0,"gold_gain":0,"player_choice":"Shed Blood","damage_taken":18,"max_hp_gain":5,"max_hp_loss":0,"event_name":"Forgotten Altar","floor":20,"gold_loss":0},{"cards_removed":["Strike_G"],"damage_healed":0,"gold_gain":0,"player_choice":"Elegance","damage_taken":0,"max_hp_gain":0,"max_hp_loss":0,"event_name":"Back to Basics","floor":21,"gold_loss":0},{"damage_healed":0,"gold_gain":0,"player_choice":"Fought Bandits","damage_taken":0,"max_hp_gain":0,"max_hp_loss":0,"event_name":"Masked Bandits","floor":30,"gold_loss":0},{"cards_removed":["Strike_G"],"damage_healed":0,"gold_gain":0,"player_choice":"Offered Basic","damage_taken":0,"max_hp_gain":0,"max_hp_loss":0,"event_name":"Bonfire Elementals","floor":36,"gold_loss":0},{"damage_healed":0,"gold_gain":0,"player_choice":"Memory 3","damage_taken":10,"max_hp_gain":0,"max_hp_loss":0,"event_name":"SensoryStone","floor":39,"gold_loss":0}],"is_beta":false,"boss_relics":[{"not_picked":["Fusion Hammer","Tiny House"],"picked":"Runic Pyramid"},{"not_picked":["Snecko Eye","Empty Cage"],"picked":"WristBlade"}],"items_purged_floors":[27,38,44],"is_endless":false,"potions_floor_spawned":[1,3,7,11,22,25,31,33,37,41,45,47,48],"ascension_level":4}}