{"host":"rolltorest","time":1613090582,"event":{"mods":["BaseMod","Minty Spire (QoL Compilation)","Relic Stats","Slay the Relics Exporter","StSLib"],"gold_per_floor":[115,40,57,57,77,109,109,141,220,237,237,25,25,55,55,133,133,148,198,216,141,161,194,194,221,268,268,169,189,189,204,204,280,280,292,292,292,305,86,120,120,133,159,189,205,238,252,278,278,278,278,278,278,16,46,46],"floor_reached":57,"language":"ENG","playtime":2221,"items_purged":["Strike_P"],"score":3406,"play_id":"a7f3f715-ccc4-4f3f-9b67-e3d706cecc1a","local_time":"20210211164302","is_ascension_mode":true,"campfire_choices":[{"data":"Meditate","floor":7,"key":"SMITH"},{"data":"Adaptation","floor":11,"key":"SMITH"},{"data":"CutThroughFate","floor":13,"key":"SMITH"},{"data":"FlurryOfBlows","floor":15,"key":"SMITH"},{"data":"Ghostly","floor":30,"key":"SMITH"},{"data":"Ghostly","floor":32,"key":"SMITH"},{"data":"Ghostly","floor":41,"key":"SMITH"},{"floor":49,"key":"RECALL"},{"data":"Scrawl","floor":53,"key":"SMITH"}],"circlet_count":0,"master_deck":["AscendersBane","Defend_P","Defend_P","Defend_P","Eruption+1","Vigilance","Adaptation+1","Meditate+1","Tantrum","BowlingBash","Protect","ReachHeaven","CutThroughFate+1","CarveReality","FlurryOfBlows+1","Scrawl+1","JustLucky","ThirdEye","InnerPeace+1","Halt","Ghostly+1","Ghostly+1","Ghostly+1","Vault","DevaForm","Fasting2","Madness","Madness","Tantrum","Fasting2+1","MentalFortress"],"relics":["PureWater","FossilizedHelix","Bag of Marbles","Ornamental Fan","Frozen Eye","Bottled Flame","Runic Pyramid","Lantern","MealTicket","PreservedInsect","Singing Bowl","SlaversCollar","ClockworkSouvenir","TeardropLocket","Thread and Needle","Boot","Eternal Feather","TheAbacus","Sundial"],"acts_visited":["Exordium","TheCity","TheBeyond","TheEnding"],"potions_floor_usage":[16,23,33,56,56],"damage_taken":[{"damage":1,"enemies":"Cultist","floor":1,"turns":4},{"damage":7,"enemies":"Jaw Worm","floor":3,"turns":2},{"damage":7,"enemies":"2 Louse","floor":5,"turns":2},{"damage":3,"enemies":"Gremlin Nob","floor":6,"turns":3},{"damage":0,"enemies":"3 Sentries","floor":8,"turns":3},{"damage":0,"enemies":"Lots of Slimes","floor":10,"turns":2},{"damage":0,"enemies":"Lagavulin","floor":14,"turns":2},{"damage":0,"enemies":"Hexaghost","floor":16,"turns":6},{"damage":0,"enemies":"Chosen","floor":18,"turns":2},{"damage":0,"enemies":"3 Byrds","floor":20,"turns":3},{"damage":0,"enemies":"3 Cultists","floor":22,"turns":3},{"damage":4,"enemies":"Gremlin Leader","floor":23,"turns":3},{"damage":0,"enemies":"Book of Stabbing","floor":25,"turns":4},{"damage":0,"enemies":"Chosen and Byrds","floor":29,"turns":4},{"damage":0,"enemies":"Shelled Parasite and Fungi","floor":31,"turns":2},{"damage":8,"enemies":"Collector","floor":33,"turns":8},{"damage":0,"enemies":"Orb Walker","floor":35,"turns":1},{"damage":0,"enemies":"3 Shapes","floor":38,"turns":5},{"damage":0,"enemies":"Nemesis","floor":40,"turns":4},{"damage":0,"enemies":"Maw","floor":42,"turns":5},{"damage":0,"enemies":"Giant Head","floor":44,"turns":4},{"damage":0,"enemies":"Spire Growth","floor":45,"turns":4},{"damage":0,"enemies":"Reptomancer","floor":46,"turns":4},{"damage":16,"enemies":"Writhing Mass","floor":47,"turns":7},{"damage":0,"enemies":"Nemesis","floor":48,"turns":4},{"damage":0,"enemies":"Awakened One","floor":50,"turns":8},{"damage":7,"enemies":"Donu and Deca","floor":51,"turns":8},{"damage":9,"enemies":"Shield and Spear","floor":55,"turns":6},{"damage":20,"enemies":"The Heart","floor":56,"turns":9}],"seed_played":"-5298938061885162382","potions_obtained":[{"floor":1,"key":"Weak Potion"},{"floor":8,"key":"Energy Potion"},{"floor":22,"key":"Strength Potion"},{"floor":25,"key":"SpeedPotion"},{"floor":31,"key":"PowerPotion"}],"is_trial":false,"path_per_floor":["M","?","M","?","M","E","R","E","T","M","R","$","R","E","R","B",null,"M","?","M","$","M","E","?","E","T","?","?","M","R","M","R","B",null,"M","?","?","M","$","E","R","M","T","E","M","E","M","E","R","B","B",null,"R","$","E","B",null],"character_chosen":"WATCHER","items_purchased":["CarveReality","Frozen Eye","ClockworkSouvenir","Swift Potion","MentalFortress","TheAbacus"],"campfire_rested":0,"item_purchase_floors":[12,12,39,39,54,54],"current_hp_per_floor":[60,60,53,53,46,43,43,43,43,43,43,43,43,43,43,43,57,57,51,51,51,51,47,31,31,31,31,31,33,33,35,35,27,33,33,27,27,29,37,39,39,41,41,43,45,47,31,33,49,49,42,47,49,49,42,22],"gold":46,"neow_bonus":"TRANSFORM_TWO_CARDS","is_daily":false,"chose_seed":false,"campfire_upgraded":8,"win_rate":0.0,"timestamp":1613090582,"path_taken":["M","?","M","?","M","E","R","E","T","M","R","$","R","E","R","BOSS","M","?","?","$","?","E","?","E","T","?","?","?","R","M","R","BOSS","M","?","?","M","$","E","R","M","T","E","M","E","M","E","R","BOSS","BOSS","R","$","E","BOSS"],"items_purchased_type":["Card","Relic","Relic","Potion","Card","Relic"],"build_version":"2020-12-18","purchased_purges":1,"victory":true,"max_hp_per_floor":[62,62,62,62,62,62,62,62,62,62,62,62,62,62,62,62,62,62,62,62,62,62,62,31,31,31,31,31,33,33,35,35,35,35,35,35,35,37,37,39,39,41,41,43,45,47,47,49,49,49,49,49,49,49,51,51],"relic_stats":{"TheAbacus":[18],"Singing Bowl":20,"counters":[29,122],"Ornamental Fan":[308],"Sundial":[0],"MealTicket":8,"Eternal Feather":18,"PreservedInsect":367,"Boot":[29],"obtain_stats":[{"Lantern":23,"Singing Bowl":28,"Thread and Needle":44,"Eternal Feather":48,"PreservedInsect":26,"TeardropLocket":40,"Boot":46,"ClockworkSouvenir":39,"Frozen Eye":12,"SlaversCollar":34,"Bottled Flame":14,"TheAbacus":54,"Ornamental Fan":9,"Sundial":55,"MealTicket":25,"Bag of Marbles":8,"PureWater":0,"FossilizedHelix":6,"Runic Pyramid":17},{"Lantern":12,"Singing Bowl":13,"Thread and Needle":21,"Eternal Feather":25,"PreservedInsect":13,"TeardropLocket":19,"Boot":23,"ClockworkSouvenir":18,"Frozen Eye":6,"SlaversCollar":16,"Bottled Flame":7,"TheAbacus":27,"Ornamental Fan":5,"Sundial":28,"MealTicket":13,"Bag of Marbles":5,"PureWater":0,"FossilizedHelix":4,"Runic Pyramid":8},{"Lantern":35,"Singing Bowl":39,"Thread and Needle":72,"Eternal Feather":91,"PreservedInsect":39,"TeardropLocket":63,"Boot":80,"ClockworkSouvenir":59,"Frozen Eye":16,"SlaversCollar":53,"Bottled Flame":18,"TheAbacus":107,"Ornamental Fan":14,"Sundial":113,"MealTicket":39,"Bag of Marbles":14,"PureWater":0,"FossilizedHelix":11,"Runic Pyramid":24}]},"card_choices":[{"not_picked":["Halt","Protect"],"picked":"Tantrum","floor":1},{"not_picked":["DeceiveReality","Swivel"],"picked":"BowlingBash","floor":3},{"not_picked":["Crescendo","Nirvana"],"picked":"Protect","floor":5},{"not_picked":["Evaluate","Judgement"],"picked":"ReachHeaven","floor":6},{"not_picked":["Protect","WheelKick"],"picked":"CutThroughFate","floor":8},{"not_picked":["ReachHeaven","Evaluate","PathToVictory"],"picked":"SKIP","floor":10},{"not_picked":["EmptyBody","WheelKick"],"picked":"FlurryOfBlows","floor":14},{"not_picked":["Establishment","SpiritShield"],"picked":"Scrawl","floor":16},{"not_picked":["Tantrum","SandsOfTime"],"picked":"JustLucky","floor":18},{"not_picked":["Evaluate","FollowUp"],"picked":"ThirdEye","floor":20},{"not_picked":["Protect","BattleHymn"],"picked":"InnerPeace+1","floor":22},{"not_picked":["ForeignInfluence","WheelKick"],"picked":"Halt","floor":23},{"not_picked":["FlurryOfBlows","JustLucky"],"picked":"Vault","floor":25},{"not_picked":["ForeignInfluence","CrushJoints","SashWhip"],"picked":"Singing Bowl","floor":29},{"not_picked":["SignatureMove+1","Prostrate","Perseverance"],"picked":"Singing Bowl","floor":31},{"not_picked":["Judgement","Omniscience"],"picked":"DevaForm","floor":33},{"not_picked":["SashWhip","PathToVictory+1"],"picked":"Fasting2","floor":35},{"not_picked":["EmptyFist+1","Tantrum","SandsOfTime+1"],"picked":"Singing Bowl","floor":38},{"not_picked":["Evaluate","Halt","BowlingBash"],"picked":"Singing Bowl","floor":40},{"not_picked":["PathToVictory","FlyingSleeves+1","MasterReality"],"picked":"Singing Bowl","floor":42},{"not_picked":["EmptyBody","Pray","Crescendo"],"picked":"Singing Bowl","floor":44},{"not_picked":["FollowUp+1","EmptyBody","SashWhip"],"picked":"Singing Bowl","floor":45},{"not_picked":["Protect","BowlingBash","Blasphemy"],"picked":"Singing Bowl","floor":46},{"not_picked":["FlurryOfBlows","Collect"],"picked":"Fasting2+1","floor":47},{"not_picked":["Swivel+1","Evaluate+1","Tantrum"],"picked":"Singing Bowl","floor":48},{"not_picked":["Swivel","Indignation","Pray"],"picked":"Singing Bowl","floor":55}],"player_experience":1964955,"relics_obtained":[{"floor":6,"key":"FossilizedHelix"},{"floor":8,"key":"Bag of Marbles"},{"floor":9,"key":"Ornamental Fan"},{"floor":14,"key":"Bottled Flame"},{"floor":23,"key":"Lantern"},{"floor":25,"key":"MealTicket"},{"floor":26,"key":"PreservedInsect"},{"floor":40,"key":"TeardropLocket"},{"floor":44,"key":"Thread and Needle"},{"floor":46,"key":"Boot"},{"floor":48,"key":"Eternal Feather"},{"floor":55,"key":"Sundial"}],"event_choices":[{"cards_removed":["Defend_P"],"damage_healed":0,"gold_gain":0,"player_choice":"Card Removal","damage_taken":0,"max_hp_gain":0,"max_hp_loss":0,"event_name":"The Cleric","floor":2,"gold_loss":75},{"damage_healed":0,"gold_gain":0,"player_choice":"Grow","damage_taken":0,"max_hp_gain":0,"max_hp_loss":0,"event_name":"Living Wall","floor":4,"gold_loss":0,"cards_upgraded":["Eruption"]},{"damage_healed":0,"gold_gain":50,"player_choice":"Touch","damage_taken":6,"max_hp_gain":0,"max_hp_loss":0,"event_name":"FaceTrader","floor":19,"gold_loss":0},{"damage_healed":0,"gold_gain":0,"player_choice":"Became a Ghost","damage_taken":0,"max_hp_gain":0,"max_hp_loss":31,"event_name":"Ghosts","floor":24,"gold_loss":0,"cards_obtained":["Ghostly","Ghostly","Ghostly"]},{"damage_healed":0,"gold_gain":0,"player_choice":"Ignored","damage_taken":0,"max_hp_gain":0,"max_hp_loss":0,"event_name":"Vampires","floor":27,"gold_loss":0},{"damage_healed":0,"gold_gain":0,"player_choice":"Paid Gold","damage_taken":0,"relics_obtained":["Singing Bowl"],"max_hp_gain":0,"max_hp_loss":0,"event_name":"WeMeetAgain","floor":28,"gold_loss":99},{"damage_healed":0,"gold_gain":0,"player_choice":"Embrace Madness","damage_taken":6,"max_hp_gain":0,"max_hp_loss":0,"event_name":"Winding Halls","floor":36,"gold_loss":0,"cards_obtained":["Madness","Madness"]},{"damage_healed":0,"gold_gain":0,"cards_transformed":["Strike_P"],"player_choice":"Transformed","damage_taken":0,"max_hp_gain":0,"max_hp_loss":0,"event_name":"Transmorgrifier","floor":37,"gold_loss":0,"cards_obtained":["Tantrum"]}],"is_beta":true,"boss_relics":[{"not_picked":["Calling Bell","Tiny House"],"picked":"Runic Pyramid"},{"not_picked":["Velvet Choker","SacredBark"],"picked":"SlaversCollar"}],"items_purged_floors":[21],"is_endless":false,"potions_floor_spawned":[1,8,14,22,25,31,40,45,46],"ascension_level":20}}