{"host":"403lw4pvxm1dv9ca","time":1613096692,"event":{"mods":["AchievementEnabler","BaseMod","Colored Map","Colored Powertips","Minty Spire (QoL Compilation)","Permanent Neow","Quick Restart"],"gold_per_floor":[115,115,127,140,159,159,188,188,234,248,261,291,40,60,60,158,158,170,181,200,150,170,170,201,201,253,300,332,102,116,143,143,247,247,259,259,128,128,145,145,175,175,175,175,175,190,225,240,240,240,240],"floor_reached":50,"language":"ENG","playtime":3137,"items_purged":["Strike_R","Strike_R","Strike_R","Strike_R"],"score":805,"play_id":"6d86ebf8-d7a9-4a17-89ad-d95999122ec4","local_time":"20210211202452","is_ascension_mode":true,"campfire_choices":[{"data":"Bash","floor":6.0,"key":"SMITH"},{"floor":8.0,"key":"REST"},{"data":"Dark Embrace","floor":15.0,"key":"SMITH"},{"data":"Demon Form","floor":23.0,"key":"SMITH"},{"floor":25.0,"key":"REST"},{"floor":32.0,"key":"REST"},{"data":"Evolve","floor":40.0,"key":"SMITH"},{"data":"Second Wind","floor":42.0,"key":"SMITH"},{"data":"Fire Breathing","floor":44.0,"key":"SMITH"},{"floor":49.0,"key":"RECALL"}],"circlet_count":0,"master_deck":["Strike_R","Defend_R","Defend_R","Defend_R","Defend_R","Bash+1","Wild Strike+1","Reaper+1","Burning Pact","Sever Soul+1","Dark Embrace+1","Wild Strike+1","Feed+1","Second Wind+1","Demon Form+1","Reaper+1","Heavy Blade+1","Whirlwind+1","Fire Breathing+1","Sentinel+1","Demon Form","Dark Embrace+1","Power Through","Evolve+1","Shrug It Off+1"],"relics":["Mark of Pain","Molten Egg 2","Smiling Mask","Bag of Preparation","Paper Frog","Omamori","Sozu","Vajra","MawBank","Tiny Chest","PreservedInsect","Red Skull","Calling Bell","Bronze Scales","Sundial","Gambling Chip","Letter Opener","Shuriken","Bottled Tornado"],"acts_visited":["Exordium","TheCity","TheBeyond"],"potions_floor_usage":[],"damage_taken":[{"damage":14.0,"enemies":"Jaw Worm","floor":1.0,"turns":3.0},{"damage":1.0,"enemies":"Cultist","floor":3.0,"turns":3.0},{"damage":0.0,"enemies":"Small Slimes","floor":4.0,"turns":3.0},{"damage":8.0,"enemies":"Red Slaver","floor":5.0,"turns":3.0},{"damage":34.0,"enemies":"Lagavulin","floor":7.0,"turns":8.0},{"damage":8.0,"enemies":"Blue Slaver","floor":10.0,"turns":2.0},{"damage":10.0,"enemies":"2 Fungi Beasts","floor":11.0,"turns":3.0},{"damage":25.0,"enemies":"3 Sentries","floor":12.0,"turns":7.0},{"damage":10.0,"enemies":"Lots of Slimes","floor":14.0,"turns":3.0},{"damage":0.0,"enemies":"Slime Boss","floor":16.0,"turns":4.0},{"damage":24.0,"enemies":"3 Byrds","floor":18.0,"turns":5.0},{"damage":12.0,"enemies":"2 Thieves","floor":19.0,"turns":4.0},{"damage":22.0,"enemies":"Centurion and Healer","floor":20.0,"turns":5.0},{"damage":24.0,"enemies":"Snake Plant","floor":22.0,"turns":3.0},{"damage":37.0,"enemies":"Slavers","floor":24.0,"turns":7.0},{"damage":60.0,"enemies":"Gremlin Leader","floor":27.0,"turns":5.0},{"damage":44.0,"enemies":"Chosen and Byrds","floor":28.0,"turns":5.0},{"damage":6.0,"enemies":"3 Cultists","floor":30.0,"turns":3.0},{"damage":31.0,"enemies":"Book of Stabbing","floor":31.0,"turns":4.0},{"damage":38.0,"enemies":"Automaton","floor":33.0,"turns":5.0},{"damage":14.0,"enemies":"3 Shapes","floor":35.0,"turns":3.0},{"damage":17.0,"enemies":"Orb Walker","floor":39.0,"turns":3.0},{"damage":76.0,"enemies":"Reptomancer","floor":41.0,"turns":6.0},{"damage":0.0,"enemies":"Jaw Worm Horde","floor":46.0,"turns":1.0},{"damage":36.0,"enemies":"Nemesis","floor":47.0,"turns":7.0},{"damage":36.0,"enemies":"Sphere and 2 Shapes","floor":48.0,"turns":5.0},{"damage":41,"enemies":"Awakened One","floor":50,"turns":2}],"seed_played":"1538361270093863034","potions_obtained":[{"floor":1.0,"key":"Dexterity Potion"},{"floor":4.0,"key":"Dexterity Potion"},{"floor":7.0,"key":"Swift Potion"},{"floor":16.0,"key":"BlessingOfTheForge"}],"is_trial":false,"path_per_floor":["M","?","M","M","M","R","E","R","T","M","M","E","$","M","R","B",null,"M","M","M","$","M","R","E","R","T","E","M","$","M","E","R","B",null,"M","?","$","?","M","R","E","R","T","R","T","M","E","M","R","B"],"character_chosen":"IRONCLAD","items_purchased":["Omamori","Wild Strike+1","Fire Breathing","PreservedInsect","Power Through"],"campfire_rested":3,"item_purchase_floors":[13,13,29,29,37],"current_hp_per_floor":[66,66,65,65,57,57,28,52,52,44,44,34,34,49,49,49,72,56,58,50,50,32,32,5,32,32,52,42,42,36,21,49,38,82,68,68,68,68,51,51,22,22,22,22,22,22,28,11,11,0,0],"gold":240,"neow_bonus":"BOSS_RELIC","is_daily":false,"chose_seed":false,"campfire_upgraded":6,"win_rate":0.0,"timestamp":1613096692,"path_taken":["M","?","M","M","?","R","E","R","T","M","M","E","?","M","R","BOSS","M","M","M","$","M","R","E","R","T","E","M","?","M","E","R","BOSS","M","?","$","?","M","R","E","R","T","R","?","M","E","?","R","BOSS"],"items_purchased_type":["Relic","Card","Card","Relic","Card"],"build_version":"2020-12-22","purchased_purges":4,"victory":false,"max_hp_per_floor":[80,80,80,80,80,80,80,80,80,80,80,80,80,80,80,80,80,84,88,92,92,92,92,92,92,92,92,92,92,92,96,96,96,96,96,91,91,91,91,91,95,95,95,95,95,95,95,99,99,99,99],"card_choices":[{"not_picked":["Intimidate","Armaments","Cleave"],"picked":"SKIP","floor":1.0},{"not_picked":["Sever Soul+1","Warcry"],"picked":"Wild Strike+1","floor":3.0},{"not_picked":["Battle Trance","Second Wind"],"picked":"Reaper+1","floor":4.0},{"not_picked":["Metallicize","Cleave+1","True Grit"],"picked":"SKIP","floor":5.0},{"not_picked":["Dual Wield","Cleave+1"],"picked":"Burning Pact","floor":7.0},{"not_picked":["Clash+1","Pommel Strike+1","Twin Strike+1"],"picked":"SKIP","floor":10.0},{"not_picked":["Pommel Strike+1","Rampage+1"],"picked":"Sever Soul+1","floor":11.0},{"not_picked":["Cleave+1","Perfected Strike+1"],"picked":"Dark Embrace","floor":12.0},{"not_picked":["Shockwave","Berserk","Warcry"],"picked":"SKIP","floor":14.0},{"not_picked":["Brutality","Barricade"],"picked":"Feed+1","floor":16.0},{"not_picked":["Twin Strike+1","Havoc+1","Feel No Pain"],"picked":"SKIP","floor":18.0},{"not_picked":["Heavy Blade+1","Flex"],"picked":"Second Wind","floor":19.0},{"not_picked":["Thunderclap+1","Pommel Strike+1"],"picked":"Demon Form","floor":20.0},{"not_picked":["Pommel Strike+1","Twin Strike+1","Iron Wave+1"],"picked":"SKIP","floor":22.0},{"not_picked":["Pommel Strike+1","Body Slam+1"],"picked":"Reaper+1","floor":24.0},{"not_picked":["Anger+1","Sword Boomerang+1"],"picked":"Heavy Blade+1","floor":27.0},{"not_picked":["Body Slam+1","Clash+1"],"picked":"Whirlwind+1","floor":28.0},{"not_picked":["Iron Wave+1","Flex"],"picked":"Sentinel+1","floor":30.0},{"not_picked":["Anger+1","Twin Strike+1","Havoc"],"picked":"SKIP","floor":31.0},{"not_picked":["Feed+1","Impervious"],"picked":"Demon Form","floor":33.0},{"not_picked":["Cleave+1","Pommel Strike+1"],"picked":"Dark Embrace+1","floor":35.0},{"not_picked":["Iron Wave+1","Havoc+1"],"picked":"Evolve","floor":39.0},{"not_picked":["Armaments","Battle Trance+1","Bludgeon+1"],"picked":"SKIP","floor":41.0},{"not_picked":["Flex","Iron Wave+1","Heavy Blade+1"],"picked":"SKIP","floor":46.0},{"not_picked":["Dual Wield","Headbutt+1","Anger+1"],"picked":"SKIP","floor":47.0},{"not_picked":["Thunderclap+1","True Grit"],"picked":"Shrug It Off+1","floor":48.0}],"player_experience":160653,"relics_obtained":[{"floor":7.0,"key":"Smiling Mask"},{"floor":9.0,"key":"Bag of Preparation"},{"floor":12.0,"key":"Paper Frog"},{"floor":24.0,"key":"Vajra"},{"floor":26.0,"key":"MawBank"},{"floor":27.0,"key":"Tiny Chest"},{"floor":31.0,"key":"Red Skull"},{"floor":34.0,"key":"Bronze Scales"},{"floor":34.0,"key":"Sundial"},{"floor":34.0,"key":"Gambling Chip"},{"floor":41.0,"key":"Letter Opener"},{"floor":45.0,"key":"Shuriken"},{"floor":47.0,"key":"Bottled Tornado"}],"event_choices":[{"damage_healed":0.0,"max_hp_gain":0.0,"max_hp_loss":0.0,"gold_gain":0.0,"event_name":"WeMeetAgain","player_choice":"Gave Potion","floor":2.0,"gold_loss":0.0,"damage_taken":0.0,"relics_obtained":["Molten Egg 2"]},{"damage_healed":0.0,"max_hp_gain":0.0,"max_hp_loss":5.0,"gold_gain":0.0,"event_name":"Winding Halls","player_choice":"Max HP","floor":36.0,"gold_loss":0.0,"damage_taken":0.0},{"damage_healed":0.0,"max_hp_gain":0.0,"max_hp_loss":0.0,"gold_gain":0.0,"event_name":"Tomb of Lord Red Mask","player_choice":"Ignored","floor":38.0,"gold_loss":0.0,"damage_taken":0.0}],"is_beta":false,"boss_relics":[{"not_picked":["Runic Cube","Philosopher\u0027s Stone"],"picked":"Sozu"},{"not_picked":["Busted Crown","Tiny House"],"picked":"Calling Bell"}],"items_purged_floors":[13,21,29,37],"is_endless":false,"potions_floor_spawned":[1,4,7,16,22,24,27,30,33,41,46,47],"killed_by":"Awakened One","ascension_level":5}}