{"host":"t1puqh5lxz8sp6fn","time":1613170237,"event":{"mods":["AchievementEnabler","BaseMod","Colored Powertips","Minty Spire (QoL Compilation)","Rare Cards Sparkle","Relic Stats","StSLib"],"gold_per_floor":[110,110,110,128,128,162,162,178,178,178,214,214,264,280,280,376,376,394,407,407,407,297,328,11,11,11],"floor_reached":25,"playtime":2259,"items_purged":["Sucker Punch"],"score":441,"play_id":"e1ed7e6c-1167-4c5d-9d2d-3f8b35bf99e9","local_time":"20210212195037","is_ascension_mode":true,"campfire_choices":[{"data":"Deadly Poison","floor":7,"key":"SMITH"},{"data":"Poisoned Stab","floor":10,"key":"SMITH"},{"data":"All Out Attack","floor":12,"key":"SMITH"},{"data":"Sucker Punch","floor":15,"key":"SMITH"}],"circlet_count":0,"master_deck":["AscendersBane","Strike_G+1","Strike_G+1","Strike_G+1","Defend_G","Defend_G","Defend_G","Defend_G","Survivor","Neutralize","Deadly Poison+1","Prepared","Sucker Punch+1","Poisoned Stab+1","All Out Attack+1","Deflect","Wraith Form v2","Deflect+1","Leg Sweep+1","Dash","Dodge and Roll"],"relics":["Ring of the Snake","NeowsBlessing","Bloody Idol","Blue Candle","Bronze Scales","Lizard Tail","Black Star","Incense Burner","Unceasing Top","Toxic Egg 2"],"acts_visited":["Exordium","TheCity"],"potions_floor_usage":[11,19,25],"damage_taken":[{"damage":0,"enemies":"Cultist","floor":1,"turns":1},{"damage":0,"enemies":"2 Louse","floor":4,"turns":1},{"damage":0,"enemies":"Gremlin Nob","floor":6,"turns":1},{"damage":4,"enemies":"Small Slimes","floor":8,"turns":3},{"damage":12,"enemies":"3 Sentries","floor":11,"turns":8},{"damage":25,"enemies":"Gremlin Gang","floor":14,"turns":3},{"damage":24,"enemies":"The Guardian","floor":16,"turns":10},{"damage":7,"enemies":"3 Byrds","floor":18,"turns":3},{"damage":12,"enemies":"Shell Parasite","floor":19,"turns":4},{"damage":32,"enemies":"Book of Stabbing","floor":23,"turns":6},{"damage":12,"enemies":"Slavers","floor":25,"turns":1}],"seed_played":"-2675668644853830191","potions_obtained":[{"floor":1,"key":"Block Potion"},{"floor":16,"key":"CunningPotion"},{"floor":23,"key":"Dexterity Potion"}],"is_trial":false,"path_per_floor":["M","?","?","M","?","E","R","M","T","R","E","R","?","M","R","B",null,"M","M","?","?","?","E","$","E"],"character_chosen":"THE_SILENT","items_purchased":["Toxic Egg 2"],"campfire_rested":0,"item_purchase_floors":[24],"current_hp_per_floor":[59,39,16,16,38,38,38,34,34,34,22,22,22,33,33,9,52,45,33,33,33,33,6,6,0,0],"gold":11,"neow_bonus":"THREE_ENEMY_KILL","is_daily":false,"chose_seed":false,"campfire_upgraded":4,"win_rate":0.0,"timestamp":1613170237,"path_taken":["M","?","?","M","?","E","R","M","T","R","E","R","?","M","R","BOSS","M","?","?","?","?","E","$","E"],"items_purchased_type":["Relic"],"build_version":"2020-12-13","purchased_purges":1,"victory":false,"max_hp_per_floor":[66,66,66,66,66,66,66,66,66,66,66,66,66,66,66,66,66,66,66,66,66,66,66,66,66,66],"relic_stats":{"Lizard Tail":33,"counters":[11,41],"Bloody Idol":5,"Blue Candle":[0],"Bronze Scales":[196],"Black Star":1,"obtain_stats":[{"Lizard Tail":11,"NeowsBlessing":0,"Golden Idol":3,"Blue Candle":6,"Bronze Scales":9,"Bloody Idol":21,"Black Star":17,"Incense Burner":23,"Toxic Egg 2":24,"Unceasing Top":23,"Ring of the Snake":0},{"Lizard Tail":5,"NeowsBlessing":0,"Golden Idol":1,"Blue Candle":3,"Bronze Scales":4,"Bloody Idol":9,"Black Star":7,"Incense Burner":10,"Toxic Egg 2":10,"Unceasing Top":10,"Ring of the Snake":0},{"Lizard Tail":14,"NeowsBlessing":0,"Golden Idol":1,"Blue Candle":3,"Bronze Scales":6,"Bloody Idol":34,"Black Star":27,"Incense Burner":40,"Toxic Egg 2":40,"Unceasing Top":40,"Ring of the Snake":0}],"Unceasing Top":[0],"Ring of the Snake":[22]},"card_choices":[{"not_picked":["Flechettes","Cloak And Dagger"],"picked":"Deadly Poison","floor":1},{"not_picked":["Caltrops","Masterful Stab"],"picked":"Prepared","floor":4},{"not_picked":["Cloak And Dagger","Accuracy"],"picked":"Sucker Punch","floor":6},{"not_picked":["Backflip","Deflect"],"picked":"Poisoned Stab","floor":8},{"not_picked":["Cloak And Dagger","Dagger Throw"],"picked":"All Out Attack","floor":11},{"not_picked":["Deadly Poison","Endless Agony"],"picked":"Deflect","floor":14},{"not_picked":["Bullet Time","Storm of Steel"],"picked":"Wraith Form v2","floor":16},{"not_picked":["Skewer","Underhanded Strike"],"picked":"Deflect+1","floor":18},{"not_picked":["Blade Dance","Flying Knee"],"picked":"Leg Sweep+1","floor":19},{"not_picked":["Masterful Stab","Infinite Blades"],"picked":"Dodge and Roll","floor":23}],"player_experience":517546,"relics_obtained":[{"floor":6,"key":"Blue Candle"},{"floor":9,"key":"Bronze Scales"},{"floor":11,"key":"Lizard Tail"},{"floor":23,"key":"Incense Burner"},{"floor":23,"key":"Unceasing Top"}],"event_choices":[{"damage_healed":0,"gold_gain":0,"player_choice":"Entered Light","damage_taken":20,"max_hp_gain":0,"max_hp_loss":0,"event_name":"Shining Light","floor":2,"gold_loss":0,"cards_upgraded":["Strike_G","Strike_G"]},{"damage_healed":0,"gold_gain":0,"player_choice":"Take Damage","damage_taken":23,"relics_obtained":["Golden Idol"],"max_hp_gain":0,"max_hp_loss":0,"event_name":"Golden Idol","floor":3,"gold_loss":0},{"damage_healed":22,"gold_gain":0,"player_choice":"Banana","damage_taken":0,"max_hp_gain":0,"max_hp_loss":0,"event_name":"Big Fish","floor":5,"gold_loss":0},{"damage_healed":0,"gold_gain":50,"player_choice":"Pray","damage_taken":0,"max_hp_gain":0,"max_hp_loss":0,"event_name":"Golden Shrine","floor":13,"gold_loss":0},{"damage_healed":0,"gold_gain":0,"cards_transformed":["Strike_G","Defend_G"],"player_choice":"Became Test Subject","damage_taken":0,"max_hp_gain":0,"max_hp_loss":0,"event_name":"Drug Dealer","floor":20,"gold_loss":0,"cards_obtained":["Dash","Sucker Punch"]},{"damage_healed":0,"gold_gain":0,"player_choice":"Gave Idol","damage_taken":0,"relics_obtained":["Bloody Idol"],"max_hp_gain":0,"max_hp_loss":0,"event_name":"Forgotten Altar","floor":21,"relics_lost":["Golden Idol"],"gold_loss":0},{"cards_removed":["Strike_G"],"damage_healed":0,"gold_gain":0,"player_choice":"Upgrade and Remove","damage_taken":0,"max_hp_gain":0,"max_hp_loss":0,"event_name":"Designer","floor":22,"gold_loss":110,"cards_upgraded":["Strike_G"]}],"is_beta":false,"boss_relics":[{"not_picked":["Snecko Eye","Cursed Key"],"picked":"Black Star"}],"items_purged_floors":[24],"is_endless":false,"potions_floor_spawned":[1,16,23],"killed_by":"Slavers","ascension_level":15}}