{"host":"rhakyh2m1vy6smuu","time":1613114898,"event":{"mods":["BaseMod","Minty Spire (QoL Compilation)","StSLib","The Cursed"],"gold_per_floor":[115,130,144,62,88,100,124,170,182,194,206,218,263,298,310,441,453,480,492,504,516,548,560,607,619,679,9,29,63,63,88,88,212,212,228,228,241,241,241,241,266,266,292,292,316,332,355,380,380,380,380,380,40,75,75],"floor_reached":56,"language":"ENG","playtime":6275,"items_purged":["TheCursedMod:Defend_TheCursed","TheCursedMod:Strike_TheCursed"],"score":1406,"play_id":"fcec1939-58e0-4f6a-a21c-87f48760ec3d","local_time":"20210212002818","is_ascension_mode":true,"campfire_choices":[{"data":"TheCursedMod:HellfireBreathing","floor":6.0,"key":"SMITH"},{"data":"TheCursedMod:CursedBlade","floor":10.0,"key":"SMITH"},{"data":"TheCursedMod:RavingStaff","floor":15.0,"key":"SMITH"},{"data":"TheCursedMod:StunningStrike","floor":23.0,"key":"SMITH"},{"data":"TheCursedMod:SoulCrush","floor":25.0,"key":"SMITH"},{"data":"TheCursedMod:AbyssShockwave","floor":32.0,"key":"SMITH"},{"data":"TheCursedMod:SpitefulStrike","floor":40.0,"key":"SMITH"},{"data":"TheCursedMod:CursedWand","floor":42.0,"key":"SMITH"},{"data":"TheCursedMod:CircleOfAbyss","floor":44.0,"key":"SMITH"},{"floor":49.0,"key":"RECALL"},{"data":"TheCursedMod:WearCloak","floor":52,"key":"SMITH"}],"circlet_count":0,"master_deck":["TheCursedMod:Strike_TheCursed","TheCursedMod:Defend_TheCursed+1","TheCursedMod:Defend_TheCursed","TheCursedMod:Defend_TheCursed","TheCursedMod:CursedWand+1","TheCursedMod:CleanUpWorkshop+1","TheCursedMod:CursedBlade+1","TheCursedMod:HellfireBreathing+1","TheCursedMod:RavingStaff+1","TheCursedMod:CircleOfAbyss+1","TheCursedMod:WearCloak+1","TheCursedMod:OutForBlood+1","TheCursedMod:CircleOfBlood+1","TheCursedMod:HellfireBreathing+1","TheCursedMod:NeowsMight+1","TheCursedMod:SoulCrush+1","TheCursedMod:CircleOfWindfury+1","TheCursedMod:StunningStrike+1","TheCursedMod:CircleOfFlame+1","TheCursedMod:CircleOfCorruption+1","TheCursedMod:SpitefulPlan+1","TheCursedMod:AbyssShockwave+1","TheCursedMod:HellfireBreathing+1","TheCursedMod:SpitefulStrike+1","TheCursedMod:VoidForm+1","CurseOfTheBell","TheCursedMod:ReleasedStrength+1","Madness+1","Madness+1","TheCursedMod:SoulReap+1","TheCursedMod:PrepareRite+1","TheCursedMod:Hemoplague+1","TheCursedMod:EmpowerCircles+1"],"relics":["Coffee Dripper","MawBank","Frozen Egg 2","Toxic Egg 2","Golden Idol","Eternal Feather","Blood Vial","Snecko Eye","War Paint","Enchiridion","Turnip","Chemical X","Strawberry","Darkstone Periapt","Incense Burner","Calling Bell","Pen Nib","HornCleat","Dead Branch","Dream Catcher","Mercury Hourglass","Pear"],"acts_visited":["Exordium","TheCity","TheBeyond","TheEnding"],"potions_floor_usage":[55,55,55],"damage_taken":[{"damage":0.0,"enemies":"Cultist","floor":1.0,"turns":3.0},{"damage":0.0,"enemies":"Small Slimes","floor":2.0,"turns":3.0},{"damage":0.0,"enemies":"Jaw Worm","floor":3.0,"turns":4.0},{"damage":0.0,"enemies":"Large Slime","floor":7.0,"turns":4.0},{"damage":16.0,"enemies":"3 Sentries","floor":8.0,"turns":6.0},{"damage":31.0,"enemies":"Gremlin Nob","floor":13.0,"turns":4.0},{"damage":10.0,"enemies":"Blue Slaver","floor":14.0,"turns":4.0},{"damage":31.0,"enemies":"Slime Boss","floor":16.0,"turns":9.0},{"damage":13.0,"enemies":"Spheric Guardian","floor":18.0,"turns":4.0},{"damage":0.0,"enemies":"Chosen","floor":22.0,"turns":3.0},{"damage":32.0,"enemies":"Gremlin Leader","floor":24.0,"turns":4.0},{"damage":0.0,"enemies":"Snecko","floor":28.0,"turns":3.0},{"damage":17.0,"enemies":"Book of Stabbing","floor":29.0,"turns":3.0},{"damage":10.0,"enemies":"Centurion and Healer","floor":31.0,"turns":2.0},{"damage":1.0,"enemies":"Automaton","floor":33.0,"turns":5.0},{"damage":11.0,"enemies":"Orb Walker","floor":35.0,"turns":2.0},{"damage":0.0,"enemies":"3 Darklings","floor":37.0,"turns":3.0},{"damage":0.0,"enemies":"Spire Growth","floor":41.0,"turns":4.0},{"damage":0.0,"enemies":"Maw","floor":45.0,"turns":4.0},{"damage":1.0,"enemies":"Sphere and 2 Shapes","floor":46.0,"turns":2.0},{"damage":13.0,"enemies":"3 Darklings","floor":47.0,"turns":3.0},{"damage":0.0,"enemies":"Jaw Worm Horde","floor":48.0,"turns":2.0},{"damage":36,"enemies":"Donu and Deca","floor":50,"turns":7},{"damage":33,"enemies":"Shield and Spear","floor":54,"turns":5},{"damage":43,"enemies":"The Heart","floor":55,"turns":6}],"seed_played":"-3379908505703196140","potions_obtained":[{"floor":7.0,"key":"DuplicationPotion"},{"floor":13.0,"key":"Ancient Potion"},{"floor":14.0,"key":"Fire Potion"},{"floor":16.0,"key":"Swift Potion"},{"floor":18.0,"key":"Explosive Potion"},{"floor":24.0,"key":"EntropicBrew"},{"floor":37.0,"key":"ColorlessPotion"},{"floor":45.0,"key":"Weak Potion"},{"floor":47.0,"key":"LiquidBronze"}],"is_trial":false,"path_per_floor":["M","M","M","$","T","R","M","E","T","R","?","?","E","M","R","B",null,"M","?","?","?","M","R","E","R","T","$","M","E","$","M","R","B",null,"M","?","M","?","?","R","M","R","T","R","M","M","M","M","R","B",null,"R","$","E","B",null],"character_chosen":"THE_CURSED","items_purchased":["TheCursedMod:CircleOfAbyss","TheCursedMod:SpitefulPlan+1","Chemical X","Strawberry","Darkstone Periapt","Mercury Hourglass"],"campfire_rested":0,"item_purchase_floors":[4,27,27,27,27,53],"current_hp_per_floor":[75,75,75,75,75,75,75,59,59,59,59,52,21,17,29,4,75,62,62,62,46,56,68,46,58,58,65,71,64,64,64,79,81,88,77,66,72,72,72,88,88,88,88,88,88,87,75,88,88,52,88,88,88,72,52],"gold":75,"neow_bonus":"BOSS_RELIC","is_daily":false,"chose_seed":false,"campfire_upgraded":10,"win_rate":0.0,"timestamp":1613114898,"path_taken":["M","M","?","$","?","R","M","E","T","R","?","?","E","?","R","BOSS","M","?","?","?","M","R","E","R","T","$","M","E","$","M","R","BOSS","M","?","M","?","?","R","M","R","T","R","?","M","M","M","R","BOSS","R","$","E","BOSS"],"items_purchased_type":["Card","Card","Relic","Relic","Relic","Relic"],"build_version":"2020-12-22","purchased_purges":2,"victory":true,"max_hp_per_floor":[75,75,75,75,75,75,75,75,75,75,75,75,75,75,75,75,75,75,75,75,75,75,75,75,75,75,82,82,82,82,82,82,82,88,88,88,88,88,88,88,88,88,88,88,88,88,88,88,88,88,88,88,88,98,98],"card_choices":[{"not_picked":["TheCursedMod:SmokeScreen","TheCursedMod:EmpowerCircles"],"picked":"TheCursedMod:CursedBlade","floor":1.0},{"not_picked":["TheCursedMod:Wield","TheCursedMod:CursedMace"],"picked":"TheCursedMod:HellfireBreathing","floor":2.0},{"not_picked":["TheCursedMod:Obscuration","TheCursedMod:WearCloak"],"picked":"TheCursedMod:RavingStaff","floor":3.0},{"not_picked":["TheCursedMod:FuryStrike","TheCursedMod:Obscuration"],"picked":"TheCursedMod:WearCloak","floor":7.0},{"not_picked":["TheCursedMod:StingEye","TheCursedMod:CircleOfFlame"],"picked":"TheCursedMod:OutForBlood+1","floor":8.0},{"not_picked":["TheCursedMod:CursedMace","TheCursedMod:CircleOfCorruption+1"],"picked":"TheCursedMod:CircleOfBlood+1","floor":13.0},{"not_picked":["TheCursedMod:Obscuration+1","TheCursedMod:CircleOfBlood+1"],"picked":"TheCursedMod:HellfireBreathing+1","floor":14.0},{"not_picked":["TheCursedMod:ManaCirculation+1","TheCursedMod:ForbiddenAlchemy+1"],"picked":"TheCursedMod:NeowsMight+1","floor":16.0},{"not_picked":["TheCursedMod:EmpowerCircles+1","TheCursedMod:SurpriseAttack"],"picked":"TheCursedMod:SoulCrush","floor":18.0},{"not_picked":["TheCursedMod:FuryStrike","TheCursedMod:Wield"],"picked":"TheCursedMod:CircleOfFlame+1","floor":22.0},{"not_picked":["TheCursedMod:BloodBarrier+1","TheCursedMod:SmokeScreen+1"],"picked":"TheCursedMod:CircleOfCorruption+1","floor":24.0},{"not_picked":["TheCursedMod:HellsGateOpen+1","TheCursedMod:CursedShiv+1"],"picked":"TheCursedMod:AbyssShockwave","floor":28.0},{"not_picked":["TheCursedMod:Stretching+1","TheCursedMod:ManaBullet"],"picked":"TheCursedMod:HellfireBreathing+1","floor":29.0},{"not_picked":["TheCursedMod:Neurasthenia+1","TheCursedMod:Stigma"],"picked":"TheCursedMod:SpitefulStrike","floor":31.0},{"not_picked":["TheCursedMod:ForbiddenAlchemy+1","TheCursedMod:OutForBlood+1"],"picked":"TheCursedMod:VoidForm+1","floor":33.0},{"not_picked":["TheCursedMod:Wield+1","TheCursedMod:SpitefulStrike+1"],"picked":"TheCursedMod:ReleasedStrength+1","floor":35.0},{"not_picked":["TheCursedMod:Wield","TheCursedMod:SpreadPlague+1"],"picked":"TheCursedMod:SoulReap+1","floor":37.0},{"not_picked":["TheCursedMod:Obscuration+1","TheCursedMod:CursedShiv"],"picked":"TheCursedMod:PrepareRite+1","floor":41.0},{"not_picked":["TheCursedMod:Grudge+1","TheCursedMod:VitalStrike"],"picked":"TheCursedMod:Hemoplague+1","floor":45.0},{"not_picked":["TheCursedMod:Stigma","TheCursedMod:CircleOfCorruption+1"],"picked":"TheCursedMod:EmpowerCircles+1","floor":46.0},{"not_picked":["TheCursedMod:BloodBarrier+1","TheCursedMod:Hemoplague+1","TheCursedMod:RapidMovement+1"],"picked":"SKIP","floor":47.0},{"not_picked":["TheCursedMod:TacticalStrike","TheCursedMod:CursedBlade","TheCursedMod:CursedShiv+1"],"picked":"SKIP","floor":48.0},{"not_picked":["TheCursedMod:CursedBlade","TheCursedMod:CircleOfCorruption+1","TheCursedMod:SurpriseAttack+1"],"picked":"SKIP","floor":54}],"player_experience":1563633,"relics_obtained":[{"floor":5.0,"key":"MawBank"},{"floor":8.0,"key":"Frozen Egg 2"},{"floor":9.0,"key":"Toxic Egg 2"},{"floor":13.0,"key":"Blood Vial"},{"floor":21.0,"key":"Enchiridion"},{"floor":24.0,"key":"Turnip"},{"floor":29.0,"key":"Incense Burner"},{"floor":34.0,"key":"Pen Nib"},{"floor":34.0,"key":"HornCleat"},{"floor":34.0,"key":"Dead Branch"},{"floor":43.0,"key":"Dream Catcher"},{"floor":54,"key":"Pear"}],"event_choices":[{"damage_healed":0.0,"max_hp_gain":0.0,"max_hp_loss":0.0,"gold_gain":0.0,"event_name":"Golden Idol","player_choice":"Take Wound","floor":11.0,"gold_loss":0.0,"damage_taken":0.0,"relics_obtained":["Golden Idol"],"cards_obtained":["Injury"]},{"damage_healed":0.0,"max_hp_gain":0.0,"max_hp_loss":0.0,"gold_gain":0.0,"event_name":"Scrap Ooze","player_choice":"Success","floor":12.0,"gold_loss":0.0,"damage_taken":7.0,"relics_obtained":["Eternal Feather"]},{"damage_healed":0.0,"max_hp_gain":0.0,"max_hp_loss":0.0,"gold_gain":0.0,"cards_transformed":["TheCursedMod:Strike_TheCursed","TheCursedMod:Strike_TheCursed"],"event_name":"Drug Dealer","player_choice":"Became Test Subject","floor":19.0,"gold_loss":0.0,"damage_taken":0.0,"cards_obtained":["TheCursedMod:CircleOfWindfury","TheCursedMod:StunningStrike"]},{"damage_healed":0.0,"max_hp_gain":0.0,"max_hp_loss":0.0,"gold_gain":0.0,"event_name":"The Mausoleum","player_choice":"Opened","floor":20.0,"gold_loss":0.0,"damage_taken":0.0,"relics_obtained":["War Paint"]},{"damage_healed":0.0,"max_hp_gain":0.0,"max_hp_loss":0.0,"gold_gain":0.0,"event_name":"Cursed Tome","player_choice":"Obtained Book","floor":21.0,"gold_loss":0.0,"damage_taken":16.0},{"damage_healed":0.0,"max_hp_gain":0.0,"max_hp_loss":0.0,"gold_gain":0.0,"event_name":"Winding Halls","player_choice":"Embrace Madness","floor":36.0,"gold_loss":0.0,"damage_taken":11.0,"cards_obtained":["Madness","Madness"]},{"damage_healed":0.0,"max_hp_gain":0.0,"max_hp_loss":0.0,"gold_gain":0.0,"event_name":"SensoryStone","player_choice":"Memory 1","floor":38.0,"gold_loss":0.0,"damage_taken":0.0},{"cards_removed":["Injury","TheCursedMod:Dregs"],"damage_healed":0.0,"max_hp_gain":0.0,"max_hp_loss":0.0,"gold_gain":0.0,"event_name":"Fountain of Cleansing","player_choice":"Removed Curses","floor":39.0,"gold_loss":0.0,"damage_taken":0.0}],"is_beta":false,"boss_relics":[{"not_picked":["TheCursedMod:FourLeafCloverCharm","Busted Crown"],"picked":"Snecko Eye"},{"not_picked":["Fusion Hammer","Empty Cage"],"picked":"Calling Bell"}],"items_purged_floors":[27,53],"is_endless":false,"potions_floor_spawned":[7,13,14,16,18,22,24,37,45,47],"ascension_level":4}}