{"host":"xi9hztp74zq5zdao","time":1613166387,"event":{"mods":["2.2 Compatiblity","BaseMod","Colored Map","Googly Eyes","Minty Spire (QoL Compilation)","Relic Sorter","StSLib","The Gatherer","The Hierophant","everything is the same but u backflip on backflip"],"gold_per_floor":[117,117,117,131,131,131,165,165,188,188,188,6,32,52,52,156,156,166,184,184,34,46,72,92,2,78,108,122,134,134,146,146,243,243,256,38,61,72,9,41,41,41,41,41,54,68,101,113,113,113],"floor_reached":51,"language":"ENG","playtime":2531,"items_purged":["Gatherer:Strike_Gatherer","Gatherer:Strike_Gatherer","Normality"],"score":940,"play_id":"96d093b7-6fa6-4879-b9ec-dabc228ece0f","local_time":"20210212164627","is_ascension_mode":true,"metric_token":657,"campfire_choices":[{"data":"Gatherer:FlowerWhip","floor":6,"key":"SMITH"},{"data":"Gatherer:FlowerWhip+1","floor":8,"key":"SMITH"},{"data":"Gatherer:FlowerFalling","floor":10,"key":"SMITH"},{"data":"Gatherer:FlowerBeam","floor":15,"key":"SMITH"},{"data":"Gatherer:FlowerPower","floor":30,"key":"SMITH"},{"data":"Gatherer:FlowerBeam","floor":32,"key":"SMITH"},{"data":"Gatherer:Liquidism","floor":42,"key":"SMITH"},{"data":"Gatherer:AlchemyTrial","floor":44,"key":"SMITH"},{"data":"Gatherer:SpareBottle","floor":49,"key":"SMITH"}],"circlet_count":0,"master_deck":["Gatherer:Strike_Gatherer","Gatherer:Defend_Gatherer","Gatherer:Defend_Gatherer","Gatherer:Defend_Gatherer","Gatherer:Defend_Gatherer","Gatherer:Defend_Gatherer","Gatherer:Centralize+1","Gatherer:FlowerWhip+2","Gatherer:EchoOfNature","Gatherer:Duality","Gatherer:WitheringStrike","Gatherer:FlowerFalling+2","Gatherer:WitheringStrike","Gatherer:Liquidism+1","Gatherer:RottenStipe","Gatherer:FlowerBeam+1","Gatherer:Photoscythe","Gatherer:MiningStrike+1","Gatherer:FlowerPower+1","Gatherer:AlchemyTrial+1","Gatherer:Liquidism+1","Gatherer:FlowerBeam+1","Gatherer:FlowerFalling","Gatherer:MiningStrike","Gatherer:Photoscythe","Gatherer:Photoscythe+1","Gatherer:Snatch+1","Gatherer:QuickSynthesis+1","Gatherer:AlchemyTrial+1","Gatherer:MindSearch","Gatherer:DrugPower","Gatherer:DrugPower","Gatherer:Duplicator","Gatherer:SpareBottle+1","Gatherer:FruitForce+1"],"relics":["Gatherer:AlchemyBag","White Beast Statue","Art of War","Tiny Chest","Membership Card","Ginger","Philosopher\u0027s Stone","Ornamental Fan","Strawberry","PreservedInsect","Pear","TungstenRod","Cursed Key","Orrery","Turnip","Whetstone","Boot","StoneCalendar"],"acts_visited":["Exordium","TheCity","TheBeyond"],"potions_floor_usage":[13,16,18,23,27,29,33,40,47,50,50,50],"damage_taken":[{"damage":2,"enemies":"Small Slimes","floor":1,"turns":4},{"damage":0,"enemies":"2 Louse","floor":4,"turns":2},{"damage":30,"enemies":"Lagavulin","floor":7,"turns":5},{"damage":0,"enemies":"Gremlin Nob","floor":13,"turns":2},{"damage":0,"enemies":"Cultist","floor":14,"turns":2},{"damage":2,"enemies":"The Guardian","floor":16,"turns":11},{"damage":0,"enemies":"2 Thieves","floor":18,"turns":2},{"damage":0,"enemies":"Spheric Guardian","floor":19,"turns":3},{"damage":24,"enemies":"Centurion and Healer","floor":22,"turns":4},{"damage":26,"enemies":"Slavers","floor":23,"turns":5},{"damage":7,"enemies":"Snecko","floor":24,"turns":3},{"damage":16,"enemies":"Book of Stabbing","floor":27,"turns":3},{"damage":20,"enemies":"Snake Plant","floor":28,"turns":2},{"damage":11,"enemies":"Shelled Parasite and Fungi","floor":29,"turns":2},{"damage":1,"enemies":"3 Cultists","floor":31,"turns":3},{"damage":16,"enemies":"Automaton","floor":33,"turns":8},{"damage":0,"enemies":"3 Darklings","floor":35,"turns":2},{"damage":7,"enemies":"3 Shapes","floor":38,"turns":4},{"damage":28,"enemies":"Giant Head","floor":40,"turns":6},{"damage":0,"enemies":"Jaw Worm Horde","floor":45,"turns":3},{"damage":12,"enemies":"3 Darklings","floor":46,"turns":4},{"damage":7,"enemies":"Nemesis","floor":47,"turns":3},{"damage":0,"enemies":"Transient","floor":48,"turns":5},{"damage":45,"enemies":"Time Eater","floor":50,"turns":8}],"seed_played":"-6231603909633781730","potions_obtained":[{"floor":1,"key":"Weak Potion"},{"floor":4,"key":"SteroidPotion"},{"floor":7,"key":"EssenceOfSteel"},{"floor":11,"key":"SteroidPotion"},{"floor":11,"key":"Ancient Potion"},{"floor":13,"key":"BlessingOfTheForge"},{"floor":14,"key":"Block Potion"},{"floor":16,"key":"BottledMiracle"},{"floor":18,"key":"FairyPotion"},{"floor":23,"key":"LiquidMemories"},{"floor":27,"key":"DuplicationPotion"},{"floor":29,"key":"Ancient Potion"},{"floor":31,"key":"SkillPotion"},{"floor":33,"key":"Swift Potion"},{"floor":38,"key":"Strength Potion"},{"floor":40,"key":"SkillPotion"},{"floor":47,"key":"FearPotion"},{"floor":48,"key":"Regen Potion"}],"is_trial":false,"path_per_floor":["M","?","?","M","?","R","E","R","T","R","?","$","E","M","R","B",null,"M","M","T","$","M","E","M","$","T","E","M","M","R","M","R","B",null,"M","$","T","M","$","E","?","R","T","R","M","M","E","M","R","B",null],"character_chosen":"THE_GATHERER","items_purchased":["Membership Card","Gatherer:Liquidism","Strawberry","Gatherer:AlchemyTrial","Gatherer:FlowerBeam","Orrery","Turnip"],"campfire_rested":0,"item_purchase_floors":[12,12,21,21,25,36,36],"current_hp_per_floor":[49,49,46,46,46,46,16,16,16,16,16,16,16,16,16,14,72,72,72,72,79,59,33,30,30,40,28,8,30,30,29,29,17,89,89,89,89,82,82,62,62,62,62,62,62,58,55,59,59,37],"gold":113,"neow_bonus":"TRANSFORM_TWO_CARDS","is_daily":false,"chose_seed":false,"campfire_upgraded":9,"win_rate":0.0,"timestamp":1613166387,"path_taken":["M","?","?","M","?","R","E","R","T","R","?","$","E","?","R","BOSS","M","M","?","$","M","E","M","$","T","E","M","M","R","M","R","BOSS","M","$","?","M","$","E","?","R","T","R","M","M","E","M","R","BOSS"],"items_purchased_type":["Relic","Card","Relic","Card","Card","Relic","Relic"],"build_version":"2020-12-22","purchased_purges":3,"victory":true,"max_hp_per_floor":[72,72,72,72,72,72,72,72,72,72,72,72,72,72,72,72,72,72,72,72,79,79,79,79,79,89,89,89,89,89,89,89,89,89,89,89,89,89,89,89,89,89,89,89,89,89,93,93,93,93],"card_choices":[{"not_picked":["Gatherer:TacticalStrike","Gatherer:Nutrients"],"picked":"Gatherer:WitheringStrike","floor":1},{"not_picked":["Gatherer:FlowerShield","Gatherer:TacticalStrike"],"picked":"Gatherer:FlowerFalling","floor":4},{"not_picked":["Gatherer:Convert","Gatherer:Polymorphism"],"picked":"Gatherer:WitheringStrike","floor":7},{"not_picked":["Gatherer:PotentialSlash","Gatherer:BambuSword"],"picked":"Gatherer:RottenStipe","floor":13},{"not_picked":["Gatherer:CarefulStrike","Gatherer:TacticalStrike"],"picked":"Gatherer:FlowerBeam","floor":14},{"not_picked":["Gatherer:BlackTea","Gatherer:GrowBook"],"picked":"Gatherer:Photoscythe","floor":16},{"not_picked":["Gatherer:DrugPower","Gatherer:GatherMaterial"],"picked":"Gatherer:MiningStrike+1","floor":18},{"not_picked":["Gatherer:TacticalStrike","Gatherer:GatherMaterial+1"],"picked":"Gatherer:FlowerPower","floor":19},{"not_picked":["Gatherer:GatherMaterial","Gatherer:FeelingFine"],"picked":"Gatherer:Liquidism+1","floor":22},{"not_picked":["Gatherer:LuckyClover","Gatherer:Snatch"],"picked":"Gatherer:QuickSynthesis","floor":23},{"not_picked":["Gatherer:Solidify","Gatherer:Enchant","Gatherer:WoolGloves"],"picked":"SKIP","floor":24},{"not_picked":["Gatherer:Misfortune","Gatherer:SealedBomb+1","Gatherer:BalancedGrowth+1"],"picked":"SKIP","floor":27},{"not_picked":["Gatherer:CarefulStrike","Gatherer:SaveValuables+1"],"picked":"Gatherer:FlowerFalling","floor":28},{"not_picked":["Gatherer:BambuSword","Gatherer:FragileHammer"],"picked":"Gatherer:MiningStrike","floor":29},{"not_picked":["Gatherer:GatherMaterial","Gatherer:Liquidism"],"picked":"Gatherer:Photoscythe","floor":31},{"not_picked":["Gatherer:FinishingStrike","Gatherer:ScrollOfPurity"],"picked":"Gatherer:Photoscythe","floor":33},{"not_picked":["Gatherer:RecipeChange+1","Gatherer:EnergyBasket+1"],"picked":"Gatherer:Snatch+1","floor":35},{"not_picked":["Gatherer:WoolGloves","Gatherer:TacticalStrike"],"picked":"Gatherer:QuickSynthesis+1","floor":36},{"not_picked":["Gatherer:FragileHammer","Gatherer:BlackTea"],"picked":"Gatherer:AlchemyTrial+1","floor":36},{"not_picked":["Gatherer:TreeGrowth+1","Gatherer:GatherMaterial"],"picked":"Gatherer:MindSearch","floor":36},{"not_picked":["Gatherer:CarefulStrike+1","Gatherer:Frenzy"],"picked":"Gatherer:DrugPower","floor":36},{"not_picked":["Gatherer:PotentialSlash+1","Gatherer:SaveValuables+1"],"picked":"Gatherer:DrugPower","floor":38},{"not_picked":["Gatherer:CursedBlade","Gatherer:SaveValuables"],"picked":"Gatherer:Duplicator","floor":40},{"not_picked":["Gatherer:TreeGrowth","Gatherer:AromaProtection+1","Gatherer:SaveValuables"],"picked":"SKIP","floor":45},{"not_picked":["Gatherer:WoolGloves","Gatherer:DrugPower+1","Gatherer:PotentialSlash+1"],"picked":"SKIP","floor":46},{"not_picked":["Gatherer:DrugPower","Gatherer:FlowerFalling+1"],"picked":"Gatherer:FruitForce+1","floor":47},{"not_picked":["Gatherer:ScherryThrow","Gatherer:GlowingPlant","Gatherer:DrugPower+1"],"picked":"SKIP","floor":48}],"player_experience":1262242,"relics_obtained":[{"floor":7,"key":"Art of War"},{"floor":9,"key":"Tiny Chest"},{"floor":13,"key":"Ginger"},{"floor":20,"key":"Ornamental Fan"},{"floor":23,"key":"PreservedInsect"},{"floor":26,"key":"Pear"},{"floor":27,"key":"TungstenRod"},{"floor":37,"key":"Whetstone"},{"floor":40,"key":"Boot"},{"floor":47,"key":"StoneCalendar"}],"event_choices":[{"damage_healed":0,"gold_gain":0,"player_choice":"Ignored","damage_taken":0,"max_hp_gain":0,"max_hp_loss":0,"event_name":"Liars Game","floor":2,"gold_loss":0},{"damage_healed":0,"gold_gain":0,"player_choice":"Success","damage_taken":3,"relics_obtained":["White Beast Statue"],"max_hp_gain":0,"max_hp_loss":0,"event_name":"Scrap Ooze","floor":3,"gold_loss":0},{"damage_healed":0,"gold_gain":0,"player_choice":"Grow","damage_taken":0,"max_hp_gain":0,"max_hp_loss":0,"event_name":"Living Wall","floor":5,"gold_loss":0,"cards_upgraded":["Gatherer:Centralize"]},{"damage_healed":0,"gold_gain":0,"player_choice":"Got Potions","damage_taken":0,"max_hp_gain":0,"max_hp_loss":0,"event_name":"Lab","floor":11,"gold_loss":0},{"cards_removed":["Gatherer:QuickSynthesis"],"damage_healed":0,"gold_gain":0,"player_choice":"Got a Spare Bottle","damage_taken":0,"max_hp_gain":0,"max_hp_loss":0,"event_name":"Gatherer:BottleCollector","floor":41,"gold_loss":0,"cards_obtained":["Gatherer:SpareBottle"]}],"is_beta":false,"boss_relics":[{"not_picked":["Gatherer:ExplorersPath","Tiny House"],"picked":"Philosopher\u0027s Stone"},{"not_picked":["Pandora\u0027s Box","Sozu"],"picked":"Cursed Key"}],"items_purged_floors":[21,25,39],"is_endless":false,"potions_floor_spawned":[1,4,7,13,14,16,18,19,22,23,24,27,28,29,31,33,35,38,40,45,46,47,48],"ascension_level":3}}