{"host":"id23shmscryl4psl","time":1613172071,"event":{"mods":["BaseMod","Better Altar","Better Match","Better Note","Better Sensory Stone","Better Skull","Better Third Choice","Colored Map","Colored Powertips","Dark Map","HololiveMod","Minty Spire (QoL Compilation)","Rare Cards Sparkle","Relic Stats","Robot Space Explorer","StSLib"],"gold_per_floor":[184,184,201,201,220,261,261,38,38,66,66,94,127,138,138,263,263,288,302,252,268,288,322,322,345,370,370,384,384,401,452,452,553,553,573,587,616,643,662,700,700,734,811,811,833,859,859,884,884,896,896],"floor_reached":50,"language":"ENG","playtime":2658,"items_purged":[],"score":996,"play_id":"7c2946d8-d832-4993-acc9-f4a2cbac72c3","local_time":"20210212162111","is_ascension_mode":true,"campfire_choices":[{"data":"Hololive_CallRoboco","floor":7,"key":"SMITH"},{"data":"1","floor":15,"key":"LIFT"},{"data":"2","floor":24,"key":"LIFT"},{"data":"3","floor":29,"key":"LIFT"},{"floor":32,"key":"RECALL"},{"data":"Hololive_DDD","floor":44,"key":"SMITH"},{"data":"Hololive_CallSakuraMiko","floor":47,"key":"SMITH"},{"data":"Hololive_CallNekomataOkayu","floor":49,"key":"SMITH"}],"circlet_count":0,"master_deck":["Hololive_Strike","Hololive_Strike","Hololive_Defend","Hololive_Defend","Hololive_OvertimeWork","Hololive_CallSakuraMiko+1","Hololive_CallAZKi","Hololive_CallOkamiMio","Hololive_CallHoshimachiSuisei","Hololive_CallAyundaRisu","Hololive_CallMoonaHoshinova","Hololive_CallTokinoSora","Hololive_Rebound","Hololive_CallRoboco+1","Hololive_CallInugamiKorone","Hololive_Thief","Hololive_CallUruhaRushia","Hololive_CallYuzukiChoco","Hololive_CallShirakamiFubuki","Hololive_WolfAndLamb","Hololive_CallAmaneKanata","Hololive_CallRosalyn","Hololive_CallMomosuzuNene+19","Hololive_CallNekomataOkayu+1","Hololive_SummonFox+1","Hololive_DDD+1","Hololive_CocoNews+1","Hololive_CallMurasakiShion","Hololive_CallTokoyamiTowa","Hololive_DDD+1","Hololive_Drill+1","Hololive_CallSpadeEcho+1","Hololive_CallDoris+1","Hololive_CallYogiri","Hololive_LuckPotion+1","Hololive_CallShiranuiFlare+1","Hololive_SoulCatcher+1","Hololive_Breathe+1"],"relics":["Hololive_TheStar","Mercury Hourglass","Sling","Boot","Omamori","Pantograph","Girya","Calling Bell","Lantern","Ornamental Fan","Thread and Needle","Bottled Tornado","Blood Vial","HornCleat","SlaversCollar","Darkstone Periapt","Bottled Flame","Bottled Lightning","Vajra","Gremlin Horn"],"acts_visited":["Exordium","TheCity","TheBeyond"],"potions_floor_usage":[6,16,16,21,28,33,46,50,50,50],"damage_taken":[{"damage":0,"enemies":"2 Louse","floor":1,"turns":4},{"damage":0,"enemies":"Cultist","floor":3,"turns":3},{"damage":0,"enemies":"Jaw Worm","floor":5,"turns":2},{"damage":8,"enemies":"Gremlin Nob","floor":6,"turns":6},{"damage":5,"enemies":"3 Sentries","floor":10,"turns":4},{"damage":0,"enemies":"Large Slime","floor":12,"turns":4},{"damage":0,"enemies":"Lagavulin","floor":13,"turns":4},{"damage":1,"enemies":"Red Slaver","floor":14,"turns":3},{"damage":0,"enemies":"Hexaghost","floor":16,"turns":5},{"damage":0,"enemies":"3 Byrds","floor":18,"turns":3},{"damage":0,"enemies":"Spheric Guardian","floor":19,"turns":3},{"damage":3,"enemies":"Snake Plant","floor":21,"turns":3},{"damage":1,"enemies":"Centurion and Healer","floor":22,"turns":6},{"damage":0,"enemies":"Book of Stabbing","floor":23,"turns":4},{"damage":0,"enemies":"Cultist and Chosen","floor":25,"turns":3},{"damage":0,"enemies":"Snecko","floor":28,"turns":3},{"damage":0,"enemies":"Snake Plant","floor":30,"turns":2},{"damage":0,"enemies":"Gremlin Leader","floor":31,"turns":5},{"damage":0,"enemies":"Collector","floor":33,"turns":5},{"damage":0,"enemies":"3 Shapes","floor":35,"turns":2},{"damage":0,"enemies":"Orb Walker","floor":36,"turns":2},{"damage":0,"enemies":"3 Darklings","floor":37,"turns":3},{"damage":0,"enemies":"Transient","floor":38,"turns":5},{"damage":0,"enemies":"Spire Growth","floor":39,"turns":2},{"damage":0,"enemies":"Nemesis","floor":40,"turns":3},{"damage":0,"enemies":"Giant Head","floor":42,"turns":4},{"damage":0,"enemies":"4 Shapes","floor":45,"turns":3},{"damage":0,"enemies":"Reptomancer","floor":46,"turns":4},{"damage":0,"enemies":"Giant Head","floor":48,"turns":4},{"damage":49,"enemies":"Awakened One","floor":50,"turns":7}],"seed_played":"-4014071593250524585","potions_obtained":[{"floor":1,"key":"Explosive Potion"},{"floor":10,"key":"BlessingOfTheForge"},{"floor":12,"key":"LiquidMemories"},{"floor":13,"key":"Block Potion"},{"floor":14,"key":"DistilledChaos"},{"floor":19,"key":"SpeedPotion"},{"floor":22,"key":"FearPotion"},{"floor":25,"key":"Explosive Potion"},{"floor":31,"key":"PowerPotion"},{"floor":35,"key":"FearPotion"},{"floor":36,"key":"DuplicationPotion"},{"floor":39,"key":"FearPotion"},{"floor":46,"key":"LiquidMemories"}],"is_trial":false,"path_per_floor":["M","?","M","?","M","E","R","$","T","E","T","M","E","M","R","B",null,"M","M","?","M","M","E","R","M","T","$","M","R","M","E","R","B",null,"M","M","M","M","M","E","?","E","T","R","M","E","R","E","R","B"],"character_chosen":"Hololive_HololiveCharacter","items_purchased":["Sling","Hololive_CallInugamiKorone"],"campfire_rested":0,"item_purchase_floors":[8,8],"current_hp_per_floor":[35,35,35,40,40,32,32,32,32,27,27,27,27,26,26,40,40,40,40,40,37,36,36,36,36,36,36,38,38,40,40,40,40,40,40,40,40,40,40,40,40,40,40,40,40,40,40,40,40,0,0],"gold":896,"neow_bonus":"HUNDRED_GOLD","is_daily":false,"chose_seed":false,"campfire_upgraded":4,"win_rate":0.0,"timestamp":1613172071,"path_taken":["M","?","?","?","M","E","R","$","T","E","?","M","E","M","R","BOSS","M","M","?","M","?","E","R","M","T","$","M","R","M","E","R","BOSS","M","M","M","M","M","E","?","E","T","R","?","E","R","E","R","BOSS"],"items_purchased_type":["Relic","Card"],"build_version":"2020-12-22","purchased_purges":0,"victory":false,"max_hp_per_floor":[35,35,35,40,40,40,40,40,40,40,40,40,40,40,40,40,40,40,40,40,40,40,40,40,40,40,40,40,40,40,40,40,40,40,40,40,40,40,40,40,40,40,40,40,40,40,40,40,40,40,40],"relic_stats":{"Blood Vial":4,"Darkstone Periapt":0,"Gremlin Horn":[3,3],"counters":[30,109],"Ornamental Fan":[20],"Pantograph":14,"Boot":[176],"obtain_stats":[{"Darkstone Periapt":40,"Girya":13,"Lantern":17,"Gremlin Horn":48,"Vajra":46,"Thread and Needle":17,"Omamori":10,"Bottled Tornado":23,"Sling":8,"Boot":9,"Mercury Hourglass":6,"Calling Bell":17,"Blood Vial":26,"SlaversCollar":34,"Bottled Flame":42,"HornCleat":31,"Ornamental Fan":17,"Pantograph":11,"Hololive_TheStar":0,"Bottled Lightning":43},{"Darkstone Periapt":25,"Girya":7,"Lantern":9,"Gremlin Horn":29,"Vajra":28,"Thread and Needle":9,"Omamori":5,"Bottled Tornado":14,"Sling":4,"Boot":4,"Mercury Hourglass":4,"Calling Bell":9,"Blood Vial":15,"SlaversCollar":19,"Bottled Flame":26,"HornCleat":18,"Ornamental Fan":9,"Pantograph":5,"Hololive_TheStar":0,"Bottled Lightning":26},{"Darkstone Periapt":87,"Girya":27,"Lantern":34,"Gremlin Horn":102,"Vajra":98,"Thread and Needle":34,"Omamori":19,"Bottled Tornado":53,"Sling":15,"Boot":15,"Mercury Hourglass":15,"Calling Bell":34,"Blood Vial":56,"SlaversCollar":70,"Bottled Flame":91,"HornCleat":65,"Ornamental Fan":34,"Pantograph":19,"Hololive_TheStar":0,"Bottled Lightning":91}],"Mercury Hourglass":[400]},"card_choices":[{"not_picked":["Hololive_CallYozoraMel","Hololive_Sequa","Hololive_Drill"],"picked":"Hololive_CallMoonaHoshinova","floor":1},{"not_picked":["Hololive_CallOmaruPolka","Hololive_FlyingPonyTail","Hololive_CallNakiriAyame"],"picked":"Hololive_CallTokinoSora","floor":3},{"not_picked":["Hololive_Psychosis","Hololive_Drill","Hololive_OvertimeWork"],"picked":"Hololive_Rebound","floor":5},{"not_picked":["Hololive_CallNekomataOkayu","Hololive_CallYuzukiChoco","Hololive_CallSpadeEcho"],"picked":"Hololive_CallRoboco","floor":6},{"not_picked":["Hololive_CallRoboco","Hololive_CallShishiroBotan","Hololive_CallKiryuuCoco"],"picked":"Hololive_Thief","floor":10},{"not_picked":["Hololive_CallOkamiMio","Hololive_RevenueBasedLive","Hololive_HuntDinosaur"],"picked":"Hololive_CallUruhaRushia","floor":12},{"not_picked":["Hololive_CallManoAloe","Hololive_Rebound","Hololive_StrengthChampion"],"picked":"Hololive_CallYuzukiChoco","floor":13},{"not_picked":["Hololive_CocoNews","Hololive_Rebound","Hololive_SummonFox"],"picked":"Hololive_CallShirakamiFubuki","floor":14},{"not_picked":["Hololive_Thief","Hololive_Recruit","Hololive_ScarfAndHalo"],"picked":"Hololive_WolfAndLamb","floor":16},{"not_picked":["Hololive_CocoNews","Hololive_HuntDinosaur","Hololive_SoulCatcher"],"picked":"Hololive_CallAmaneKanata","floor":18},{"not_picked":["Hololive_RevenueBasedLive","Hololive_Drill","Hololive_Sequa+1"],"picked":"Hololive_CallRosalyn","floor":19},{"not_picked":["Hololive_Sequa","Hololive_Trident","Hololive_DevilCharm+1"],"picked":"Hololive_CallMomosuzuNene+1","floor":21},{"not_picked":["Hololive_Psychosis+1","Hololive_StrengthChampion","Hololive_CocoNews"],"picked":"Hololive_CallNekomataOkayu","floor":22},{"not_picked":["Hololive_Recruit","Hololive_RevenueBasedLive","Hololive_Sequa"],"picked":"Hololive_SummonFox+1","floor":23},{"not_picked":["Hololive_CallShiranuiFlare","Hololive_Sequa+1","Hololive_LuckPotion"],"picked":"Hololive_DDD","floor":25},{"not_picked":["Hololive_Watashimo","Hololive_Psychosis+1","Hololive_Sequa+1"],"picked":"Hololive_CocoNews+1","floor":28},{"not_picked":["Hololive_Breathe+1","Hololive_LuckPotion","Hololive_Drill"],"picked":"Hololive_CallMurasakiShion","floor":30},{"not_picked":["Hololive_Nanodesu","Hololive_CallOkamiMio+1","Hololive_Yoholoon"],"picked":"Hololive_CallTokoyamiTowa","floor":31},{"not_picked":["Hololive_ScarfAndHalo","Hololive_WolfAndLamb","Hololive_HighAtkLowDef"],"picked":"Hololive_DDD","floor":33},{"not_picked":["Hololive_FlyingPonyTail","Hololive_Trident","Hololive_Sequa"],"picked":"Hololive_Drill+1","floor":35},{"not_picked":["Hololive_Drill+1","Hololive_Trident+1","Hololive_CocoNews+1"],"picked":"Hololive_CallSpadeEcho+1","floor":36},{"not_picked":["Hololive_OvertimeWork+1","Hololive_CocoNews","Hololive_Breathe","Hololive_SummonFox"],"picked":"SKIP","floor":37},{"not_picked":["Hololive_OvertimeWork","Hololive_Rebound+1","Hololive_StrengthChampion+1"],"picked":"Hololive_CallDoris+1","floor":38},{"not_picked":["Hololive_LuckPotion+1","Hololive_OvertimeWork+1","Hololive_OpenUp"],"picked":"Hololive_CallYogiri","floor":39},{"not_picked":["Hololive_BeCareful","Hololive_CocoNews+1","Hololive_Psychosis+1","Hololive_OvertimeWork+1"],"picked":"SKIP","floor":40},{"not_picked":["Hololive_OvertimeWork","Hololive_Sequa","Hololive_ScarfAndHalo"],"picked":"Hololive_LuckPotion+1","floor":42},{"not_picked":["Hololive_HuntDinosaur+1","Hololive_RevenueBasedLive","Hololive_Sequa+1"],"picked":"Hololive_CallShiranuiFlare+1","floor":45},{"not_picked":["Hololive_OvertimeWork","Hololive_Breathe","Hololive_Drill+1"],"picked":"Hololive_SoulCatcher+1","floor":46},{"not_picked":["Hololive_FlyingPonyTail+1","Hololive_Drill","Hololive_CocoNews"],"picked":"Hololive_Breathe+1","floor":48}],"player_experience":91977,"relics_obtained":[{"floor":6,"key":"Mercury Hourglass"},{"floor":9,"key":"Boot"},{"floor":10,"key":"Omamori"},{"floor":11,"key":"Pantograph"},{"floor":13,"key":"Girya"},{"floor":17,"key":"Lantern"},{"floor":17,"key":"Ornamental Fan"},{"floor":17,"key":"Thread and Needle"},{"floor":23,"key":"Bottled Tornado"},{"floor":26,"key":"Blood Vial"},{"floor":31,"key":"HornCleat"},{"floor":40,"key":"Darkstone Periapt"},{"floor":42,"key":"Bottled Flame"},{"floor":43,"key":"Bottled Lightning"},{"floor":46,"key":"Vajra"},{"floor":48,"key":"Gremlin Horn"}],"event_choices":[{"damage_healed":0,"gold_gain":0,"player_choice":"Full Heal","damage_taken":0,"max_hp_gain":0,"max_hp_loss":0,"event_name":"Wheel of Change","floor":2,"gold_loss":0},{"damage_healed":0,"gold_gain":0,"player_choice":"Donut","damage_taken":0,"max_hp_gain":5,"max_hp_loss":0,"event_name":"Big Fish","floor":4,"gold_loss":0},{"damage_healed":0,"gold_gain":0,"player_choice":"Bet on Murderer","damage_taken":0,"max_hp_gain":0,"max_hp_loss":0,"event_name":"The Joust","floor":20,"gold_loss":50},{"damage_healed":0,"gold_gain":0,"player_choice":"Upgraded","damage_taken":0,"max_hp_gain":0,"max_hp_loss":0,"event_name":"Upgrade Shrine","floor":41,"gold_loss":0,"cards_upgraded":["Hololive_DDD"]}],"is_beta":false,"boss_relics":[{"not_picked":["Snecko Eye","Tiny House"],"picked":"Calling Bell"},{"not_picked":["Black Star","Empty Cage"],"picked":"SlaversCollar"}],"items_purged_floors":[],"is_endless":false,"potions_floor_spawned":[1,10,12,13,14,19,22,25,31,35,36,39,40,46],"killed_by":"Awakened One","ascension_level":1}}