{"host":"g2yp6paluzgljz05","time":1613147950,"event":{"mods":["BaseMod","Bestiary","Colored Powertips","DeckTracker","Highlight Path","Minty Spire (QoL Compilation)","Quick Restart"],"gold_per_floor":[111,111,129,129,28,54,54,65,65,79,79,79,111,123,123,226,226,240,255,8,26,125,125,154,164,188,188,103,103,121,152,152,253,253,267,24,75,75,75,75,87,387,410,420,420,431,443,463,463,463],"floor_reached":51,"language":"ENG","playtime":2507,"items_purged":["Decay","Strike_B","Dualcast"],"score":936,"play_id":"a1d913ec-2bfb-4efd-8294-f9b54142a833","local_time":"20210213033910","is_ascension_mode":true,"campfire_choices":[{"data":"White Noise","floor":7.0,"key":"SMITH"},{"data":"White Noise","floor":12.0,"key":"SMITH"},{"data":"Zap","floor":15.0,"key":"SMITH"},{"floor":23.0,"key":"REST"},{"floor":27.0,"key":"REST"},{"floor":32.0,"key":"REST"},{"data":"Machine Learning","floor":40.0,"key":"SMITH"},{"floor":45.0,"key":"REST"},{"floor":49.0,"key":"REST"}],"circlet_count":0,"master_deck":["Defend_B","Defend_B","Defend_B","Defend_B","Zap+1","Gash+1","White Noise+1","Gash","White Noise+1","White Noise+1","Scrape+1","All For One","Gash","Gash+1","Machine Learning+1","Chill+1","Melter+1","Panache","Self Repair","Streamline+1"],"relics":["Cracked Core","NeowsBlessing","Centennial Puzzle","Question Card","Boot","Nuclear Battery","Orichalcum","Toxic Egg 2","Smiling Mask","Art of War","PreservedInsect","Astrolabe","Blood Vial","Bag of Preparation","Whetstone"],"acts_visited":["Exordium","TheCity","TheBeyond"],"potions_floor_usage":[50],"damage_taken":[{"damage":0.0,"enemies":"Small Slimes","floor":1.0,"turns":1.0},{"damage":0.0,"enemies":"Cultist","floor":3.0,"turns":1.0},{"damage":0.0,"enemies":"3 Sentries","floor":6.0,"turns":1.0},{"damage":8.0,"enemies":"2 Louse","floor":8.0,"turns":2.0},{"damage":0.0,"enemies":"Lots of Slimes","floor":10.0,"turns":1.0},{"damage":18.0,"enemies":"Gremlin Nob","floor":13.0,"turns":3.0},{"damage":0.0,"enemies":"Large Slime","floor":14.0,"turns":3.0},{"damage":22.0,"enemies":"The Guardian","floor":16.0,"turns":8.0},{"damage":13.0,"enemies":"3 Byrds","floor":18.0,"turns":4.0},{"damage":12.0,"enemies":"Chosen","floor":19.0,"turns":4.0},{"damage":38.0,"enemies":"Shelled Parasite and Fungi","floor":21.0,"turns":5.0},{"damage":15.0,"enemies":"Book of Stabbing","floor":24.0,"turns":4.0},{"damage":15.0,"enemies":"Cultist and Chosen","floor":25.0,"turns":5.0},{"damage":32.0,"enemies":"Centurion and Healer","floor":30.0,"turns":5.0},{"damage":0.0,"enemies":"Gremlin Leader","floor":31.0,"turns":5.0},{"damage":21.0,"enemies":"Champ","floor":33.0,"turns":4.0},{"damage":33.0,"enemies":"3 Darklings","floor":35.0,"turns":3.0},{"damage":21.0,"enemies":"3 Shapes","floor":41.0,"turns":2.0},{"damage":8.0,"enemies":"Sphere and 2 Shapes","floor":44.0,"turns":3.0},{"damage":10.0,"enemies":"Transient","floor":46.0,"turns":5.0},{"damage":27.0,"enemies":"Jaw Worm Horde","floor":47.0,"turns":2.0},{"damage":0.0,"enemies":"Maw","floor":48.0,"turns":5.0},{"damage":37,"enemies":"Donu and Deca","floor":50,"turns":4}],"seed_played":"3859088553694802905","potions_obtained":[{"floor":3.0,"key":"FairyPotion"},{"floor":6.0,"key":"PowerPotion"},{"floor":10.0,"key":"Weak Potion"},{"floor":24.0,"key":"PowerPotion"},{"floor":30.0,"key":"SteroidPotion"},{"floor":33.0,"key":"Energy Potion"},{"floor":41.0,"key":"BlessingOfTheForge"},{"floor":48.0,"key":"SmokeBomb"}],"is_trial":false,"path_per_floor":["M","?","M","?","$","E","R","M","T","M","?","R","E","M","R","B",null,"M","M","$","M","?","R","E","M","T","R","?","?","M","E","R","B",null,"M","$","T","?","?","R","M","?","T","M","R","M","M","M","R","B",null],"character_chosen":"DEFECT","items_purchased":["Gash","Orichalcum","Panache"],"campfire_rested":5,"item_purchase_floors":[5,20,36],"current_hp_per_floor":[75,75,75,75,75,75,75,67,67,67,67,67,49,49,49,27,75,62,50,50,12,12,34,19,4,4,26,26,26,22,22,44,23,75,42,42,42,42,42,42,23,23,23,24,46,45,20,32,54,26],"gold":463,"neow_bonus":"THREE_ENEMY_KILL","is_daily":false,"chose_seed":false,"campfire_upgraded":4,"win_rate":0.0,"timestamp":1613147950,"path_taken":["M","?","M","?","$","E","R","M","T","?","?","R","E","M","R","BOSS","M","?","$","M","?","R","E","M","T","R","?","?","M","E","R","BOSS","M","$","?","?","?","R","?","?","T","M","R","M","?","M","R","BOSS"],"items_purchased_type":["Card","Relic","Card"],"build_version":"2020-12-22","purchased_purges":3,"victory":true,"max_hp_per_floor":[75,75,75,75,75,75,75,75,75,75,75,75,75,75,75,75,75,75,75,75,75,75,75,75,75,75,75,75,75,75,75,75,75,75,75,75,75,75,75,75,75,75,75,75,75,75,75,75,75,75],"card_choices":[{"not_picked":["Sweeping Beam","Coolheaded"],"picked":"Gash","floor":1.0},{"not_picked":["Consume","Turbo"],"picked":"White Noise","floor":3.0},{"not_picked":["Sunder","Rebound"],"picked":"White Noise","floor":6.0},{"not_picked":["Leap","Recycle","Hologram"],"picked":"SKIP","floor":8.0},{"not_picked":["Conserve Battery","Blizzard","Skim"],"picked":"White Noise","floor":10.0},{"not_picked":["Blizzard","Genetic Algorithm","Rebound","BootSequence"],"picked":"SKIP","floor":13.0},{"not_picked":["Rebound","Conserve Battery","Darkness","Glacier"],"picked":"SKIP","floor":14.0},{"not_picked":["Reboot","Electrodynamics","Meteor Strike"],"picked":"All For One","floor":16.0},{"not_picked":["Beam Cell","Conserve Battery","Ball Lightning","Rebound"],"picked":"SKIP","floor":18.0},{"not_picked":["Leap","Steam+1","Barrage","Cold Snap"],"picked":"SKIP","floor":19.0},{"not_picked":["Ball Lightning","Chill","Steam","Rebound"],"picked":"SKIP","floor":21.0},{"not_picked":["Hologram+1","Storm","Steam+1","Barrage"],"picked":"SKIP","floor":24.0},{"not_picked":["Biased Cognition","Force Field+1","Chaos+1"],"picked":"Gash","floor":25.0},{"not_picked":["Darkness+1","Static Discharge","Barrage"],"picked":"Gash+1","floor":30.0},{"not_picked":["Coolheaded+1","Compile Driver","Storm+1","Leap+1"],"picked":"SKIP","floor":31.0},{"not_picked":["Reboot+1","Core Surge","Rainbow+1"],"picked":"Machine Learning","floor":33.0},{"not_picked":["Blizzard+1","Coolheaded+1","Turbo+1"],"picked":"White Noise+1","floor":35.0},{"not_picked":["Streamline","Leap+1","Go for the Eyes+1"],"picked":"Self Repair","floor":41.0},{"not_picked":["Storm","Cold Snap+1","Loop+1"],"picked":"Streamline+1","floor":44.0},{"not_picked":["Hello World","Stack+1","Darkness+1","Force Field+1"],"picked":"SKIP","floor":46.0},{"not_picked":["Genetic Algorithm+1","Coolheaded+1","Conserve Battery+1","Double Energy+1"],"picked":"SKIP","floor":47.0},{"not_picked":["Ball Lightning+1","Recycle+1","Stack+1","Redo+1"],"picked":"SKIP","floor":48.0}],"player_experience":364311,"relics_obtained":[{"floor":6.0,"key":"Centennial Puzzle"},{"floor":9.0,"key":"Question Card"},{"floor":13.0,"key":"Boot"},{"floor":24.0,"key":"Toxic Egg 2"},{"floor":26.0,"key":"Smiling Mask"},{"floor":31.0,"key":"PreservedInsect"},{"floor":37.0,"key":"Blood Vial"},{"floor":43.0,"key":"Whetstone"}],"event_choices":[{"damage_healed":0.0,"max_hp_gain":0.0,"max_hp_loss":0.0,"gold_gain":0.0,"event_name":"Golden Idol","player_choice":"Ignored","floor":2.0,"gold_loss":0.0,"damage_taken":0.0},{"damage_healed":0.0,"max_hp_gain":0.0,"max_hp_loss":0.0,"gold_gain":0.0,"event_name":"Wheel of Change","player_choice":"Cursed","floor":4.0,"gold_loss":0.0,"damage_taken":0.0,"cards_obtained":["Decay"]},{"damage_healed":0.0,"max_hp_gain":0.0,"max_hp_loss":0.0,"gold_gain":0.0,"event_name":"Match and Keep!","player_choice":"1 cards matched","floor":11.0,"gold_loss":0.0,"damage_taken":0.0,"cards_obtained":["Scrape"]},{"damage_healed":0.0,"max_hp_gain":0.0,"max_hp_loss":0.0,"gold_gain":99.0,"event_name":"Nest","player_choice":"Stole From Cult","floor":22.0,"gold_loss":0.0,"damage_taken":0.0},{"damage_healed":0.0,"max_hp_gain":0.0,"max_hp_loss":0.0,"gold_gain":0.0,"event_name":"Addict","player_choice":"Obtained Relic","floor":28.0,"gold_loss":85.0,"damage_taken":0.0,"relics_obtained":["Art of War"]},{"damage_healed":0.0,"max_hp_gain":0.0,"max_hp_loss":0.0,"gold_gain":0.0,"event_name":"Upgrade Shrine","player_choice":"Upgraded","floor":29.0,"gold_loss":0.0,"damage_taken":0.0,"cards_upgraded":["White Noise"]},{"cards_removed":["White Noise"],"damage_healed":0.0,"max_hp_gain":0.0,"max_hp_loss":0.0,"gold_gain":0.0,"event_name":"Falling","player_choice":"Removed Skill","floor":38.0,"gold_loss":0.0,"damage_taken":0.0},{"cards_removed":["Compile Driver"],"damage_healed":0.0,"max_hp_gain":0.0,"max_hp_loss":0.0,"gold_gain":0.0,"event_name":"WeMeetAgain","player_choice":"Gave Card","floor":39.0,"gold_loss":0.0,"damage_taken":0.0,"relics_obtained":["Bag of Preparation"]},{"damage_healed":0.0,"max_hp_gain":0.0,"max_hp_loss":0.0,"gold_gain":300.0,"event_name":"Wheel of Change","player_choice":"Gold","floor":42.0,"gold_loss":0.0,"damage_taken":0.0}],"is_beta":false,"boss_relics":[{"not_picked":["Ectoplasm","Cursed Key"],"picked":"Nuclear Battery"},{"not_picked":["Coffee Dripper","Snecko Eye"],"picked":"Astrolabe"}],"items_purged_floors":[5,20,36],"is_endless":false,"potions_floor_spawned":[3,6,10,16,18,24,25,30,33,41,48],"ascension_level":4}}