{"host":"d52brwsy6af8zvaq","time":1613158702,"event":{"mods":["AchievementEnabler","BaseMod","Bestiary","Highlight Path","Minty Spire (QoL Compilation)","Quick Restart","Relic Stats","ojb\u0027s Better Paths Mod"],"gold_per_floor":[114,114,131,131,131,131,162,8,79,93,93,128,144,173,173,250,250,270,87,101,1,18,18,44,44,44,44,75,75,94,126,126,197,197,215,234,247,247,247],"floor_reached":38,"language":"ENG","playtime":2361,"items_purged":["Strike_B","Strike_B"],"score":1104,"play_id":"9527cf3f-efc2-4112-83e1-81fbc7ef3f61","local_time":"20210212123822","is_ascension_mode":true,"campfire_choices":[{"data":"Zap","floor":6.0,"key":"SMITH"},{"data":"Sunder","floor":11.0,"key":"SMITH"},{"data":"Defragment","floor":15.0,"key":"SMITH"},{"data":"Stack","floor":23.0,"key":"SMITH"},{"floor":27.0,"key":"REST"},{"floor":32.0,"key":"REST"}],"circlet_count":0,"master_deck":["AscendersBane","Strike_B","Strike_B","Defend_B+1","Defend_B","Defend_B","Zap+1","Dualcast+1","Glacier","Steam","Cold Snap","Sunder+1","Stack+1","Defragment+1","Barrage","Genetic Algorithm","Electrodynamics","Sweeping Beam","Mayhem","Barrage+1","White Noise","Static Discharge","Rip and Tear+1","Lockon","Seek","Leap","BootSequence"],"relics":["Cracked Core","War Paint","StrikeDummy","FossilizedHelix","White Beast Statue","Vajra","Centennial Puzzle","Snecko Eye","Akabeko","Lantern","Matryoshka","MealTicket","Inserter"],"acts_visited":["TheCity","TheBeyond"],"potions_floor_usage":[],"damage_taken":[{"damage":7.0,"enemies":"Jaw Worm","floor":1.0,"turns":3.0},{"damage":6.0,"enemies":"Small Slimes","floor":3.0,"turns":3.0},{"damage":8.0,"enemies":"3 Sentries","floor":7.0,"turns":9.0},{"damage":0.0,"enemies":"Cultist","floor":10.0,"turns":2.0},{"damage":15.0,"enemies":"Gremlin Nob","floor":12.0,"turns":5.0},{"damage":0.0,"enemies":"3 Louse","floor":13.0,"turns":3.0},{"damage":0.0,"enemies":"3 Sentries","floor":14.0,"turns":8.0},{"damage":0.0,"enemies":"Slime Boss","floor":16.0,"turns":11.0},{"damage":0.0,"enemies":"Chosen","floor":18.0,"turns":3.0},{"damage":10.0,"enemies":"Shell Parasite","floor":20.0,"turns":3.0},{"damage":8.0,"enemies":"Snake Plant","floor":22.0,"turns":3.0},{"damage":15.0,"enemies":"Slavers","floor":24.0,"turns":5.0},{"damage":0.0,"enemies":"Gremlin Leader","floor":28.0,"turns":6.0},{"damage":0.0,"enemies":"Cultist and Chosen","floor":30.0,"turns":3.0},{"damage":21.0,"enemies":"Slavers","floor":31.0,"turns":6.0},{"damage":91.0,"enemies":"Collector","floor":33.0,"turns":10.0},{"damage":0,"enemies":"3 Shapes","floor":35,"turns":3},{"damage":0,"enemies":"Orb Walker","floor":36,"turns":2},{"damage":27,"enemies":"Jaw Worm Horde","floor":37,"turns":4},{"damage":39,"enemies":"Maw","floor":38,"turns":7}],"seed_played":"417556135417228462","potions_obtained":[{"floor":1.0,"key":"PowerPotion"},{"floor":10.0,"key":"SkillPotion"},{"floor":12.0,"key":"FearPotion"},{"floor":13.0,"key":"Fruit Juice"},{"floor":14.0,"key":"BlessingOfTheForge"},{"floor":16.0,"key":"LiquidMemories"},{"floor":18.0,"key":"ColorlessPotion"},{"floor":20.0,"key":"Block Potion"},{"floor":24.0,"key":"Ancient Potion"},{"floor":28.0,"key":"DuplicationPotion"},{"floor":30.0,"key":"FearPotion"},{"floor":31.0,"key":"FairyPotion"},{"floor":33.0,"key":"Swift Potion"},{"floor":35,"key":"PowerPotion"}],"is_trial":false,"path_per_floor":["M","?","M","?","T","R","E","$","T","M","R","E","M","E","R","B",null,"M","$","M","$","M","R","E","?","T","R","E","?","M","E","R","B",null,"M","M","M","M"],"character_chosen":"DEFECT","items_purchased":["Sunder","Mayhem"],"campfire_rested":2,"item_purchase_floors":[8,19],"current_hp_per_floor":[57,57,51,51,51,51,43,43,43,43,43,28,33,33,33,33,65,65,65,55,55,47,47,32,32,32,54,54,54,54,33,55,22,63,63,63,36,0,0],"gold":247,"neow_bonus":"RANDOM_COMMON_RELIC","is_daily":false,"chose_seed":false,"campfire_upgraded":4,"win_rate":0.0,"timestamp":1613158702,"path_taken":["M","?","M","?","?","R","E","$","T","M","R","E","?","E","R","BOSS","M","$","M","?","M","R","E","?","T","R","E","?","?","E","R","BOSS","M","M","M","?"],"items_purchased_type":["Card","Card"],"build_version":"2020-12-22","purchased_purges":2,"victory":false,"max_hp_per_floor":[71,71,71,71,71,71,71,71,71,71,71,71,76,76,76,76,76,76,76,76,76,76,76,76,76,76,76,76,76,76,76,76,76,76,76,76,76,76,76],"relic_stats":{"Centennial Puzzle":[21],"Inserter":[8],"counters":[20,99],"Snecko Eye":[88,112,88,107],"MealTicket":0,"War Paint":["Dualcast","Defend_B"],"obtain_stats":[{"Lantern":26,"Inserter":34,"Vajra":12,"War Paint":0,"White Beast Statue":9,"Akabeko":24,"Centennial Puzzle":14,"Matryoshka":28,"Snecko Eye":17,"MealTicket":31,"Cracked Core":0,"StrikeDummy":5,"FossilizedHelix":7},{"Lantern":12,"Inserter":16,"Vajra":5,"War Paint":0,"White Beast Statue":3,"Akabeko":12,"Centennial Puzzle":7,"Matryoshka":13,"Snecko Eye":8,"MealTicket":15,"Cracked Core":0,"StrikeDummy":2,"FossilizedHelix":3},{"Lantern":58,"Inserter":83,"Vajra":22,"War Paint":0,"White Beast Statue":15,"Akabeko":58,"Centennial Puzzle":33,"Matryoshka":64,"Snecko Eye":44,"MealTicket":73,"Cracked Core":0,"StrikeDummy":6,"FossilizedHelix":15}]},"card_choices":[{"not_picked":["Hologram","Auto Shields"],"picked":"Glacier","floor":1.0},{"not_picked":["Storm","Stack"],"picked":"Steam","floor":3.0},{"not_picked":["Force Field","Reinforced Body"],"picked":"Cold Snap","floor":7.0},{"not_picked":["Hologram","Gash"],"picked":"Stack","floor":10.0},{"not_picked":["Hello World","Recycle"],"picked":"Defragment","floor":12.0},{"not_picked":["Rebound","Blizzard"],"picked":"Barrage","floor":13.0},{"not_picked":["Glacier","Cold Snap"],"picked":"Genetic Algorithm","floor":14.0},{"not_picked":["Rainbow","Machine Learning"],"picked":"Electrodynamics","floor":16.0},{"not_picked":["Beam Cell","Lockon"],"picked":"Sweeping Beam","floor":18.0},{"not_picked":["Beam Cell","Cold Snap","Aggregate"],"picked":"SKIP","floor":20.0},{"not_picked":["Leap","Streamline"],"picked":"Barrage+1","floor":22.0},{"not_picked":["Rainbow","Gash"],"picked":"White Noise","floor":24.0},{"not_picked":["Steam+1","Self Repair"],"picked":"Static Discharge","floor":28.0},{"not_picked":["Blizzard","Beam Cell"],"picked":"Rip and Tear+1","floor":30.0},{"not_picked":["Rip and Tear+1","Gash"],"picked":"Lockon","floor":31.0},{"not_picked":["Thunder Strike","Multi-Cast"],"picked":"Seek","floor":33.0},{"not_picked":["Barrage","Gash+1","Rebound"],"picked":"SKIP","floor":35},{"not_picked":["Cold Snap","Gash"],"picked":"Leap","floor":36},{"not_picked":["Ball Lightning+1","Coolheaded"],"picked":"BootSequence","floor":37}],"player_experience":2240610,"relics_obtained":[{"floor":5.0,"key":"StrikeDummy"},{"floor":7.0,"key":"FossilizedHelix"},{"floor":9.0,"key":"White Beast Statue"},{"floor":12.0,"key":"Vajra"},{"floor":14.0,"key":"Centennial Puzzle"},{"floor":24.0,"key":"Akabeko"},{"floor":26.0,"key":"Lantern"},{"floor":28.0,"key":"Matryoshka"},{"floor":31.0,"key":"MealTicket"}],"event_choices":[{"damage_healed":0.0,"max_hp_gain":0.0,"max_hp_loss":0.0,"gold_gain":0.0,"event_name":"Shining Light","player_choice":"Ignored","floor":2.0,"gold_loss":0.0,"damage_taken":0.0},{"damage_healed":0.0,"max_hp_gain":0.0,"max_hp_loss":0.0,"gold_gain":0.0,"event_name":"Liars Game","player_choice":"Ignored","floor":4.0,"gold_loss":0.0,"damage_taken":0.0},{"damage_healed":0.0,"max_hp_gain":0.0,"max_hp_loss":0.0,"gold_gain":0.0,"event_name":"The Mausoleum","player_choice":"Ignored","floor":25.0,"gold_loss":0.0,"damage_taken":0.0},{"cards_removed":["Defend_B"],"damage_healed":0.0,"max_hp_gain":0.0,"max_hp_loss":0.0,"gold_gain":0.0,"event_name":"Purifier","player_choice":"Purged","floor":29.0,"gold_loss":0.0,"damage_taken":0.0}],"is_beta":false,"boss_relics":[{"not_picked":["SacredBark","Empty Cage"],"picked":"Snecko Eye"},{"not_picked":["Velvet Choker","Coffee Dripper"],"picked":"Inserter"}],"items_purged_floors":[8,21],"is_endless":false,"potions_floor_spawned":[1,10,12,13,14,16,18,20,22,24,28,30,31,33,35,36,37],"killed_by":"Maw","ascension_level":20}}