{"host":"4ge9z8h6k0ioij78","time":1613149708,"event":{"mods":["AchievementEnabler","BaseMod","Colored Map","Colored Powertips","Custom Start","DeckTracker","Faster Ascension Climbing","Filter the Spire","Minty Spire (QoL Compilation)","SuperFastMode"],"gold_per_floor":[112,129,204,129,129,129,52,72,72,72,86,103,117,128,128,251,251,264,277,177,194,213,240,240,250,250,260,135,150,150,0,0,99,99,117,117,135,135,135,135,166,166,166,182,7,7,17,28,28,28],"floor_reached":51,"language":"KOR","playtime":2759,"items_purged":["Collect","ForeignInfluence","Perseverance","FlurryOfBlows","Crescendo"],"score":858,"play_id":"0106b7c7-5620-4892-8905-f477c074c503","local_time":"20210213020828","is_ascension_mode":true,"campfire_choices":[{"data":"Eruption","floor":6.0,"key":"SMITH"},{"data":"MentalFortress","floor":15.0,"key":"SMITH"},{"data":"Vault","floor":24.0,"key":"SMITH"},{"data":"EmptyMind","floor":30.0,"key":"SMITH"},{"data":"MentalFortress","floor":32.0,"key":"SMITH"},{"data":"BattleHymn","floor":40.0,"key":"SMITH"},{"data":"Tantrum","floor":42.0,"key":"SMITH"},{"floor":49,"key":"REST"}],"circlet_count":0,"master_deck":["Eruption+1","Vigilance","Tantrum+1","EmptyMind+1","BattleHymn+1","ClearTheMind+1","MentalFortress+1","Vault+1","FearNoEvil","MentalFortress+1","InnerPeace+1","Madness","Madness"],"relics":["Pandora\u0027s Box"],"acts_visited":["Exordium","TheCity","TheBeyond"],"potions_floor_usage":[48,50],"damage_taken":[{"damage":3.0,"enemies":"2 Louse","floor":1.0,"turns":2.0},{"damage":0.0,"enemies":"Cultist","floor":2.0,"turns":2.0},{"damage":0.0,"enemies":"Small Slimes","floor":8.0,"turns":2.0},{"damage":5.0,"enemies":"Red Slaver","floor":11.0,"turns":2.0},{"damage":0.0,"enemies":"Exordium Thugs","floor":12.0,"turns":2.0},{"damage":13.0,"enemies":"Lots of Slimes","floor":13.0,"turns":2.0},{"damage":0.0,"enemies":"3 Louse","floor":14.0,"turns":1.0},{"damage":0.0,"enemies":"Hexaghost","floor":16.0,"turns":5.0},{"damage":0.0,"enemies":"3 Byrds","floor":18.0,"turns":5.0},{"damage":0.0,"enemies":"Spheric Guardian","floor":19.0,"turns":3.0},{"damage":3.0,"enemies":"Centurion and Healer","floor":21.0,"turns":6.0},{"damage":0.0,"enemies":"Cultist and Chosen","floor":22.0,"turns":4.0},{"damage":0.0,"enemies":"Gremlin Leader","floor":23.0,"turns":4.0},{"damage":0.0,"enemies":"Chosen and Byrds","floor":25.0,"turns":4.0},{"damage":0.0,"enemies":"Shelled Parasite and Fungi","floor":27.0,"turns":4.0},{"damage":0.0,"enemies":"Snecko","floor":29.0,"turns":3.0},{"damage":0.0,"enemies":"Champ","floor":33.0,"turns":12.0},{"damage":2.0,"enemies":"3 Darklings","floor":35.0,"turns":4.0},{"damage":14.0,"enemies":"3 Shapes","floor":37.0,"turns":5.0},{"damage":23.0,"enemies":"Nemesis","floor":41.0,"turns":7.0},{"damage":0.0,"enemies":"Writhing Mass","floor":44.0,"turns":5.0},{"damage":10.0,"enemies":"Spire Growth","floor":47.0,"turns":4.0},{"damage":4,"enemies":"Jaw Worm Horde","floor":48,"turns":4},{"damage":21,"enemies":"Time Eater","floor":50,"turns":9}],"seed_played":"5859403326947349368","potions_obtained":[{"floor":1.0,"key":"LiquidMemories"},{"floor":8.0,"key":"Block Potion"},{"floor":14.0,"key":"DistilledChaos"},{"floor":16.0,"key":"ColorlessPotion"},{"floor":21.0,"key":"DuplicationPotion"},{"floor":23.0,"key":"Explosive Potion"},{"floor":35.0,"key":"DuplicationPotion"},{"floor":41.0,"key":"PowerPotion"}],"is_trial":false,"path_per_floor":["M","M","?","$","?","R","$","M","T","T","M","M","M","M","R","B",null,"M","M","$","M","M","E","R","M","T","M","$","M","R","$","R","B",null,"M","?","M","?","?","R","E","R","T","M","$","?","M","M","R","B",null],"character_chosen":"WATCHER","items_purchased":["MentalFortress"],"campfire_rested":1,"item_purchase_floors":[7],"current_hp_per_floor":[69,69,62,62,62,62,62,62,62,62,57,57,44,44,44,44,72,72,72,72,69,69,69,69,69,69,69,69,69,69,69,69,69,72,70,70,56,56,56,56,33,33,33,33,33,24,14,10,31,10],"gold":28,"neow_bonus":"BOSS_RELIC","is_daily":false,"chose_seed":false,"campfire_upgraded":7,"win_rate":0.0,"timestamp":1613149708,"path_taken":["M","M","?","?","?","R","$","?","T","?","M","M","?","M","R","BOSS","M","M","$","M","M","E","R","M","T","M","$","M","R","$","R","BOSS","M","?","?","?","?","R","E","R","T","?","$","?","M","M","R","BOSS"],"items_purchased_type":["Card"],"build_version":"2020-12-22","purchased_purges":5,"victory":true,"max_hp_per_floor":[72,72,72,72,72,72,72,72,72,72,72,72,72,72,72,72,72,72,72,72,72,72,72,72,72,72,72,72,72,72,72,72,72,72,72,72,72,72,72,72,72,72,72,72,72,72,72,72,72,72],"card_choices":[{"not_picked":["FlyingSleeves","Crescendo","ThirdEye"],"picked":"SKIP","floor":1.0},{"not_picked":["Evaluate","Protect"],"picked":"FlurryOfBlows","floor":2.0},{"not_picked":["Collect","ReachHeaven","FollowUp"],"picked":"SKIP","floor":8.0},{"not_picked":["Consecrate","Fasting2","Evaluate"],"picked":"SKIP","floor":11.0},{"not_picked":["WaveOfTheHand","Prostrate","EmptyFist"],"picked":"SKIP","floor":12.0},{"not_picked":["Crescendo","Protect","ClearTheMind"],"picked":"SKIP","floor":13.0},{"not_picked":["Consecrate","EmptyBody","Halt"],"picked":"SKIP","floor":14.0},{"not_picked":["MasterReality","Establishment"],"picked":"Vault","floor":16.0},{"not_picked":["Protect","Pray","SashWhip+1"],"picked":"SKIP","floor":18.0},{"not_picked":["SandsOfTime","PathToVictory","ThirdEye+1"],"picked":"SKIP","floor":19.0},{"not_picked":["CutThroughFate","ClearTheMind"],"picked":"FearNoEvil","floor":21.0},{"not_picked":["BowlingBash","WindmillStrike","DeceiveReality"],"picked":"SKIP","floor":22.0},{"not_picked":["SandsOfTime","LikeWater","ThirdEye"],"picked":"SKIP","floor":23.0},{"not_picked":["JustLucky","ClearTheMind"],"picked":"MentalFortress","floor":25.0},{"not_picked":["Sanctity","JustLucky+1","PathToVictory+1"],"picked":"SKIP","floor":27.0},{"not_picked":["Sanctity","JustLucky+1","PathToVictory+1"],"picked":"SKIP","floor":27.0},{"not_picked":["CrushJoints","Establishment","Prostrate"],"picked":"SKIP","floor":29.0},{"not_picked":["Crescendo","ClearTheMind","Nirvana"],"picked":"SKIP","floor":35.0},{"not_picked":["CutThroughFate","EmptyFist+1"],"picked":"InnerPeace+1","floor":37.0},{"not_picked":["ClearTheMind","WreathOfFlame","Halt"],"picked":"SKIP","floor":41.0},{"not_picked":["ClearTheMind","WreathOfFlame","Halt"],"picked":"SKIP","floor":41.0},{"not_picked":["BowlingBash+1","Consecrate","Vengeance"],"picked":"SKIP","floor":44.0},{"not_picked":["Halt+1","WheelKick","FollowUp"],"picked":"SKIP","floor":47.0},{"not_picked":["Wireheading+1","Pray+1","Conclude"],"picked":"SKIP","floor":48}],"player_experience":1334939,"relics_obtained":[],"event_choices":[{"damage_healed":0.0,"max_hp_gain":0.0,"max_hp_loss":0.0,"gold_gain":75.0,"event_name":"FaceTrader","player_choice":"Touch","floor":3.0,"gold_loss":0.0,"damage_taken":7.0},{"damage_healed":0.0,"max_hp_gain":0.0,"max_hp_loss":0.0,"gold_gain":0.0,"cards_transformed":["Crescendo"],"event_name":"Transmorgrifier","player_choice":"Transformed","floor":5.0,"gold_loss":0.0,"damage_taken":0.0,"cards_obtained":["Perseverance"]},{"damage_healed":0.0,"max_hp_gain":0.0,"max_hp_loss":0.0,"gold_gain":0.0,"event_name":"Upgrade Shrine","player_choice":"Upgraded","floor":36.0,"gold_loss":0.0,"damage_taken":0.0,"cards_upgraded":["ClearTheMind"]},{"damage_healed":0.0,"max_hp_gain":0.0,"max_hp_loss":0.0,"gold_gain":0.0,"event_name":"Mysterious Sphere","player_choice":"Ignored","floor":38.0,"gold_loss":0.0,"damage_taken":0.0},{"damage_healed":0.0,"max_hp_gain":0.0,"max_hp_loss":0.0,"gold_gain":0.0,"event_name":"The Woman in Blue","player_choice":"Bought 0 Potions","floor":39.0,"gold_loss":0.0,"damage_taken":0.0},{"damage_healed":0.0,"max_hp_gain":0.0,"max_hp_loss":0.0,"gold_gain":0.0,"event_name":"Winding Halls","player_choice":"Embrace Madness","floor":46.0,"gold_loss":0.0,"damage_taken":9.0,"cards_obtained":["Madness","Madness"]}],"is_beta":false,"boss_relics":[{"not_picked":["Busted Crown","Runic Dome","SacredBark"]},{"not_picked":["Philosopher\u0027s Stone","Astrolabe","Black Star"]}],"items_purged_floors":[4,20,28,31,45],"is_endless":false,"potions_floor_spawned":[1,8,14,16,21,22,23,35,41,47],"ascension_level":1}}