{"host":"clf2hd4adhiiw0zf","time":1613157246,"event":{"mods":["AchievementEnabler","BaseMod","Beaked The Cultist","Bestiary","Dark Map","Downfall","Gremlin Mod","Hermit","Jorbs\u0027s Wanderer Trilogy","Marisa????????","Minty Spire (QoL Compilation)","Shop Mod","StSLib","The Cursed","The Servant 0.9.4","Wide Potions"],"gold_per_floor":[111,134,164,176,188,210,222,134,131,169,199,221,264,291,323,431,443,455,483,524,547,559,571,583,595,595,595],"floor_reached":25,"language":"ENG","playtime":725,"items_purged":[],"score":309,"play_id":"334b1328-af38-4aa7-b33b-d4e547238820","local_time":"20210212121406","is_ascension_mode":true,"campfire_choices":[{"floor":1.0,"key":"RECALL"},{"data":"champ:PerfectedStrike","floor":8.0,"key":"SMITH"},{"data":"champ:SwordThrow","floor":18.0,"key":"SMITH"}],"circlet_count":0,"master_deck":["champ:Strike+1","champ:Strike","champ:Strike","champ:Strike+1","champ:Defend","champ:Defend","champ:Defend+1","champ:Defend","champ:Execute","champ:Taunt","champ:FanOfKnives","champ:PerfectedStrike+1","Regret","downfall:Malfunctioning","champ:GutPunch","champ:PreciseThrust","champ:SwordThrow+1","champ:FlashCut","champ:Encircle","champ:DefensiveStyle+1","champ:EnGarde","champ:ShieldSigil","champ:Improvising+1","champ:Haymaker+1","champ:GladiatorStyle+1","champ:StanceDance"],"relics":["champ:ChampionCrown","MawBank","Gremlin Horn","Frozen Egg 2","downfall:HeartBlessingRed","Slimebound:PreparedRelic","StrikeDummy","Black Star","Red Mask","Question Card"],"acts_visited":["Exordium","TheCity"],"potions_floor_usage":[],"damage_taken":[{"damage":25.0,"enemies":"Small Slimes","floor":2.0,"turns":5.0},{"damage":12.0,"enemies":"2 Louse","floor":3.0,"turns":3.0},{"damage":2.0,"enemies":"Jaw Worm","floor":6.0,"turns":3.0},{"damage":17.0,"enemies":"downfall:FleeingMerchant","floor":9.0,"turns":4.0},{"damage":17.0,"enemies":"Gremlin Nob","floor":10.0,"turns":3.0},{"damage":0.0,"enemies":"2 Fungi Beasts","floor":11.0,"turns":2.0},{"damage":10.0,"enemies":"Exordium Thugs","floor":12.0,"turns":2.0},{"damage":30.0,"enemies":"3 Sentries","floor":13.0,"turns":3.0},{"damage":9.0,"enemies":"Blue Slaver","floor":14.0,"turns":2.0},{"damage":8.0,"enemies":"Red Slaver","floor":15.0,"turns":2.0},{"damage":41.0,"enemies":"IC_STATUS_ARCHETYPE","floor":16.0,"turns":4.0},{"damage":5.0,"enemies":"Chosen","floor":19.0,"turns":3.0},{"damage":24.0,"enemies":"Masked Bandits","floor":20.0,"turns":4.0},{"damage":37.0,"enemies":"Spheric Guardian","floor":21.0,"turns":4.0},{"damage":39,"enemies":"Shelled Parasite and Fungi","floor":25,"turns":4}],"seed_played":"517819403205504327","potions_obtained":[{"floor":6.0,"key":"champ:TechniquePotion"},{"floor":10.0,"key":"FairyPotion"},{"floor":11.0,"key":"champ:TechniquePotion"},{"floor":21.0,"key":"Ancient Potion"}],"is_trial":false,"path_per_floor":["R","M","M","?","?","M","T","R","$","E","M","M","E","M","M","B",null,"R","M","?","M","T","?","T","M"],"character_chosen":"THE_CHAMP","items_purchased":[],"campfire_rested":0,"item_purchase_floors":[],"current_hp_per_floor":[81,71,69,69,69,67,67,67,60,53,53,53,33,24,16,19,72,72,72,58,36,36,36,36,0,0,0],"gold":595,"neow_bonus":"RANDOM_COMMON_RELIC","is_daily":false,"chose_seed":false,"campfire_upgraded":2,"win_rate":0.0,"timestamp":1613157246,"path_taken":["R","M","M","?","?","M","T","R","?","E","M","M","E","M","M","BOSS","R","M","?","M","?","?","T","?"],"items_purchased_type":[],"build_version":"2020-12-22","purchased_purges":0,"victory":false,"max_hp_per_floor":[90,90,90,90,90,90,90,90,90,90,90,90,90,90,90,90,90,90,90,90,90,90,90,90,90,90,90],"card_choices":[{"not_picked":["champ:DeathBlow","champ:PreciseThrust"],"picked":"champ:FanOfKnives","floor":2.0},{"not_picked":["champ:Haymaker","champ:EnGarde"],"picked":"champ:PerfectedStrike","floor":3.0},{"not_picked":["champ:Shatter","champ:RapidStrikes"],"picked":"champ:GutPunch","floor":6.0},{"not_picked":["champ:FanOfKnives","champ:GutPunch"],"picked":"champ:PreciseThrust","floor":9.0},{"not_picked":["champ:BladeFlurry","champ:RisingSlash"],"picked":"champ:SwordThrow","floor":10.0},{"not_picked":["champ:PreemptiveStrike","champ:FocusedDefense"],"picked":"champ:FlashCut","floor":11.0},{"not_picked":["champ:BladeFlurry","champ:GutPunch"],"picked":"champ:Encircle","floor":12.0},{"not_picked":["champ:FanOfKnives","champ:ShieldSigil"],"picked":"champ:DefensiveStyle+1","floor":13.0},{"not_picked":["champ:FanOfKnives","champ:HeartStrike"],"picked":"champ:EnGarde","floor":14.0},{"not_picked":["champ:HeartStrike","champ:FanOfKnives"],"picked":"champ:ShieldSigil","floor":15.0},{"not_picked":["champ:EnchantSword","champ:DancingMaster+1"],"picked":"champ:Improvising+1","floor":16.0},{"not_picked":["champ:BringItOn","champ:Encircle"],"picked":"champ:Haymaker+1","floor":19.0},{"not_picked":["champ:DefensiveShout","champ:TornadoPunch+1"],"picked":"champ:GladiatorStyle+1","floor":20.0},{"not_picked":["champ:EnragedBash","champ:ArenaPreparation"],"picked":"champ:StanceDance","floor":21.0}],"player_experience":239651,"relics_obtained":[{"floor":7.0,"key":"Frozen Egg 2"},{"floor":10.0,"key":"Slimebound:PreparedRelic"},{"floor":13.0,"key":"StrikeDummy"},{"floor":20.0,"key":"Red Mask"},{"floor":22.0,"key":"Question Card"}],"event_choices":[{"damage_healed":0.0,"max_hp_gain":0.0,"max_hp_loss":0.0,"gold_gain":0.0,"event_name":"Big Fish","player_choice":"Box","floor":4.0,"gold_loss":0.0,"damage_taken":0.0,"relics_obtained":["Gremlin Horn"],"cards_obtained":["Regret"]},{"damage_healed":0.0,"max_hp_gain":0.0,"max_hp_loss":0.0,"gold_gain":0.0,"event_name":"Masked Bandits","player_choice":"Fought Bandits","floor":20.0,"gold_loss":0.0,"damage_taken":0.0},{"damage_healed":0,"gold_gain":0,"player_choice":"Leave","damage_taken":0,"max_hp_gain":0,"max_hp_loss":0,"event_name":"FaceTrader","floor":23,"gold_loss":0}],"is_beta":false,"boss_relics":[{"not_picked":["Velvet Choker","Astrolabe"],"picked":"Black Star"}],"items_purged_floors":[],"is_endless":false,"potions_floor_spawned":[6,10,11,15,21],"killed_by":"Shelled Parasite and Fungi","ascension_level":6}}