{"host":"403lw4pvxm1dv9ca","time":1613097614,"event":{"mods":["AchievementEnabler","BaseMod","Colored Map","Colored Powertips","Minty Spire (QoL Compilation)","Permanent Neow","Quick Restart"],"gold_per_floor":[113,133,149,149,149,149,176,176,201,216,226,178,193,228,228,228,228],"floor_reached":16,"language":"ENG","playtime":771,"items_purged":[],"score":129,"play_id":"f7b887eb-e014-4a42-8555-5f51768a4566","local_time":"20210211204014","is_ascension_mode":true,"campfire_choices":[{"data":"Neutralize","floor":6.0,"key":"SMITH"},{"data":"Cloak And Dagger","floor":8,"key":"SMITH"},{"floor":15,"key":"REST"}],"circlet_count":0,"master_deck":["Strike_G","Strike_G","Strike_G","Strike_G","Strike_G","Defend_G","Defend_G","Defend_G","Defend_G","Defend_G","Survivor","Neutralize+1","Cloak And Dagger+1","Backflip","Cloak And Dagger","PiercingWail"],"relics":["Ring of the Snake","Happy Flower","Bag of Marbles","Vajra","Letter Opener"],"acts_visited":["Exordium"],"potions_floor_usage":[7,7],"damage_taken":[{"damage":6.0,"enemies":"Cultist","floor":1.0,"turns":3.0},{"damage":14.0,"enemies":"Small Slimes","floor":2.0,"turns":3.0},{"damage":3.0,"enemies":"2 Louse","floor":3.0,"turns":3.0},{"damage":27,"enemies":"Lagavulin","floor":7,"turns":9},{"damage":8,"enemies":"Exordium Thugs","floor":10,"turns":3},{"damage":1,"enemies":"Looter","floor":11,"turns":3},{"damage":1,"enemies":"Blue Slaver","floor":13,"turns":2},{"damage":9,"enemies":"Gremlin Nob","floor":14,"turns":4},{"damage":27,"enemies":"Hexaghost","floor":16,"turns":16}],"seed_played":"6825097475962548390","potions_obtained":[{"floor":1.0,"key":"SpeedPotion"},{"floor":3.0,"key":"SteroidPotion"},{"floor":13,"key":"SneckoOil"}],"is_trial":false,"path_per_floor":["M","M","M","?","?","R","E","R","T","M","M","?","M","E","R","B"],"character_chosen":"THE_SILENT","items_purchased":[],"campfire_rested":1,"item_purchase_floors":[],"current_hp_per_floor":[64,50,47,47,52,52,25,25,25,17,16,16,15,6,28,1,1],"gold":228,"neow_bonus":"RANDOM_COMMON_RELIC","is_daily":false,"chose_seed":false,"campfire_upgraded":2,"win_rate":0.0,"timestamp":1613097614,"path_taken":["M","?","M","?","?","R","E","R","T","M","M","?","M","E","R","BOSS"],"items_purchased_type":[],"build_version":"2020-12-22","purchased_purges":0,"victory":false,"max_hp_per_floor":[70,70,70,70,75,75,75,75,75,75,75,75,75,75,75,75,75],"card_choices":[{"not_picked":["Catalyst","Bane","Blur"],"picked":"SKIP","floor":1.0},{"not_picked":["Outmaneuver","Backflip","Dagger Throw"],"picked":"SKIP","floor":2.0},{"not_picked":["Reflex","Tactician","Wraith Form v2"],"picked":"SKIP","floor":3.0},{"not_picked":["Prepared","Outmaneuver"],"picked":"Cloak And Dagger","floor":7},{"not_picked":["Dagger Spray","Poisoned Stab"],"picked":"Backflip","floor":10},{"not_picked":["Dodge and Roll","Poisoned Stab"],"picked":"Cloak And Dagger","floor":11},{"not_picked":["Bouncing Flask","Doppelganger"],"picked":"PiercingWail","floor":13},{"not_picked":["Flying Knee","Endless Agony","Quick Slash"],"picked":"SKIP","floor":14}],"player_experience":163824,"relics_obtained":[{"floor":7,"key":"Bag of Marbles"},{"floor":9,"key":"Vajra"},{"floor":14,"key":"Letter Opener"}],"event_choices":[{"damage_healed":0.0,"max_hp_gain":0.0,"max_hp_loss":0.0,"gold_gain":0.0,"event_name":"Liars Game","player_choice":"Ignored","floor":4.0,"gold_loss":0.0,"damage_taken":0.0},{"damage_healed":0.0,"max_hp_gain":5.0,"max_hp_loss":0.0,"gold_gain":0.0,"event_name":"Big Fish","player_choice":"Donut","floor":5.0,"gold_loss":0.0,"damage_taken":0.0},{"damage_healed":0,"gold_gain":0,"player_choice":"Left Gold","damage_taken":0,"max_hp_gain":0,"max_hp_loss":0,"event_name":"World of Goop","floor":12,"gold_loss":48}],"is_beta":false,"boss_relics":[],"items_purged_floors":[],"is_endless":false,"potions_floor_spawned":[1,3,13],"killed_by":"Hexaghost","ascension_level":3}}