{"host":"mo324zvkdr1xwprd","time":1613088634,"event":{"mods":["BaseMod","Better Note","BetterRewards","Hermit","Highlight Path","Hubris","Minty Spire (QoL Compilation)","Quick Restart","Rare Cards Sparkle","Shop Mod","StSLib","The Cursed","The Hierophant"],"gold_per_floor":[112,125,139,139,152,152,187,187,232,253,297,297,315,333,333,463,463,481,495,495,119,139,174,174,208,208,237,237,237,237,7,7,105,105,121,134,134,144,157,186,186,204,204,237,237,269,283,309,309,309,309,309,23,57,57],"floor_reached":56,"language":"ENG","playtime":5452,"items_purged":[],"score":2462,"play_id":"5ce022a5-c73b-42a2-9f5e-d6be68715496","local_time":"20210212001034","is_ascension_mode":true,"campfire_choices":[{"floor":6.0,"key":"REST"},{"floor":8.0,"key":"REST"},{"data":"Dramatic Entrance","floor":12.0,"key":"SMITH"},{"floor":15.0,"key":"RECALL"},{"data":"After Image","floor":29.0,"key":"SMITH"},{"data":"Mind Blast","floor":32.0,"key":"SMITH"},{"data":"Caltrops","floor":41,"key":"SMITH"},{"data":"Backstab","floor":49,"key":"SMITH"},{"data":"Caltrops","floor":52,"key":"SMITH"}],"circlet_count":0,"master_deck":["Strike_G","Strike_G","Strike_G","Strike_G","Strike_G","Defend_G","Defend_G","Defend_G","Defend_G","Defend_G","Survivor","Neutralize","Infinite Blades","Backflip","Discovery","Flying Knee","Cloak And Dagger","Infinite Blades","Caltrops+1","Endless Agony","Dramatic Entrance+1","Prepared","Blade Dance","Caltrops+1","Prepared","Cloak And Dagger","Prepared","Cloak And Dagger","Cloak And Dagger","Masterful Stab","Dodge and Roll","Calculated Gamble","Leg Sweep","Finisher","Leg Sweep","Deflect","Blur","After Image+1","Crippling Poison+1","Backflip+1","Cloak And Dagger+1","Flying Knee","Footwork","Mind Blast+1","Flying Knee","Dagger Spray+1","PiercingWail+1","Outmaneuver+1","Dash","Flying Knee","Venomology+1","Blur+1","Outmaneuver+1","Cloak And Dagger+1","Flying Knee+1","Crippling Poison+1","Blur+1","Prepared+1","Blade Dance+1","Blade Dance+1","Cloak And Dagger+1","Backstab+1","Footwork+1","Blade Dance+1","Backstab+1","Adrenaline+1","Blade Dance+1"],"relics":["Ring of the Snake","Gambling Chip","Prayer Wheel","Bird Faced Urn","Ninja Scroll","hubris:EmptyBottle","Tingsha","Anchor","Bloody Idol","hubris:MedicalManual","Bag of Preparation","Runic Pyramid","Letter Opener","Toxic Egg 2","Frozen Egg 2","hubris:AncientText","Orichalcum","Pen Nib","SlaversCollar","hubris:AstralHammer","hubris:BottledRain","Bronze Scales","hubris:SphereOfDissonance","Paper Crane","hubris:Potato","Centennial Puzzle"],"acts_visited":["TheCity","TheBeyond","TheEnding"],"potions_floor_usage":[39,39,40,42,42,42,42,44,44,50,50,50,50,50,50,55,55,55,55,55,55,55,55,55,55,55,55,55,55,55],"damage_taken":[{"damage":0.0,"enemies":"Jaw Worm","floor":1.0,"turns":1.0},{"damage":0.0,"enemies":"Small Slimes","floor":2.0,"turns":1.0},{"damage":0.0,"enemies":"Cultist","floor":3.0,"turns":1.0},{"damage":0.0,"enemies":"2 Fungi Beasts","floor":5.0,"turns":1.0},{"damage":0.0,"enemies":"3 Sentries","floor":7.0,"turns":2.0},{"damage":0.0,"enemies":"Gremlin Gang","floor":10.0,"turns":1.0},{"damage":5.0,"enemies":"Lagavulin","floor":11.0,"turns":4.0},{"damage":0.0,"enemies":"Large Slime","floor":13.0,"turns":1.0},{"damage":0.0,"enemies":"Exordium Thugs","floor":14.0,"turns":3.0},{"damage":6.0,"enemies":"The Guardian","floor":16.0,"turns":13.0},{"damage":0.0,"enemies":"Shell Parasite","floor":18.0,"turns":4.0},{"damage":0.0,"enemies":"3 Byrds","floor":19.0,"turns":4.0},{"damage":0.0,"enemies":"Sentry and Sphere","floor":22.0,"turns":4.0},{"damage":0.0,"enemies":"Slavers","floor":23.0,"turns":4.0},{"damage":2.0,"enemies":"Gremlin Leader","floor":25.0,"turns":7.0},{"damage":0.0,"enemies":"Slavers","floor":27.0,"turns":4.0},{"damage":27.0,"enemies":"Collector","floor":33.0,"turns":10.0},{"damage":3.0,"enemies":"3 Darklings","floor":35.0,"turns":5.0},{"damage":5,"enemies":"Orb Walker","floor":36,"turns":3},{"damage":0,"enemies":"Jaw Worm Horde","floor":38,"turns":4},{"damage":0,"enemies":"Spire Growth","floor":39,"turns":2},{"damage":0,"enemies":"Nemesis","floor":40,"turns":5},{"damage":2,"enemies":"Transient","floor":42,"turns":5},{"damage":17,"enemies":"Giant Head","floor":44,"turns":8},{"damage":0,"enemies":"Nemesis","floor":46,"turns":4},{"damage":0,"enemies":"Jaw Worm Horde","floor":47,"turns":2},{"damage":0,"enemies":"Giant Head","floor":48,"turns":3},{"damage":16,"enemies":"hubris:GrandSnecko","floor":50,"turns":10},{"damage":1,"enemies":"Shield and Spear","floor":54,"turns":8},{"damage":3,"enemies":"The Heart","floor":55,"turns":3}],"seed_played":"3616846330380567807","potions_obtained":[{"floor":1.0,"key":"Block Potion"},{"floor":3.0,"key":"SpeedPotion"},{"floor":11.0,"key":"Strength Potion"},{"floor":18.0,"key":"Regen Potion"},{"floor":25.0,"key":"Ancient Potion"},{"floor":38,"key":"Energy Potion"},{"floor":40,"key":"BlessingOfTheForge"},{"floor":44,"key":"Poison Potion"},{"floor":54,"key":"EntropicBrew"}],"is_trial":false,"path_per_floor":["M","M","M","?","M","R","E","R","T","M","E","R","M","M","R","B",null,"M","M","?","$","M","E","?","E","T","E","?","R","?","$","R","B",null,"M","M","?","M","M","E","R","M","T","E","?","E","M","E","R","B",null,"R","$","E","B",null],"character_chosen":"THE_SILENT","items_purchased":["Infinite Blades","Backflip","Discovery","Prayer Wheel","Flying Knee","Cloak And Dagger","Infinite Blades","Caltrops","Ninja Scroll","hubris:EmptyBottle","Endless Agony","Dramatic Entrance","Anchor","ColorlessPotion","Letter Opener","Footwork","Mind Blast","Pen Nib","Dash","Flying Knee","hubris:Potato"],"campfire_rested":2,"item_purchase_floors":[0,0,0,0,0,0,0,0,0,0,0,0,0,0,21,21,21,31,31,31,53],"current_hp_per_floor":[21,21,21,21,21,42,44,65,65,65,62,62,62,62,62,64,69,70,70,70,70,70,70,70,70,70,70,70,70,80,80,80,80,80,80,80,80,80,80,80,80,80,80,70,70,77,80,80,80,72,78,78,78,80,77],"gold":57,"neow_bonus":"","is_daily":false,"chose_seed":false,"campfire_upgraded":6,"win_rate":0.0,"timestamp":1613088634,"path_taken":["M","M","M","?","M","R","E","R","T","M","E","R","M","M","R","BOSS","M","M","?","$","M","E","?","E","T","E","?","R","?","$","R","BOSS","M","?","?","M","?","E","R","M","T","E","?","E","M","E","R","BOSS","R","$","E","BOSS"],"items_purchased_type":["Card","Card","Card","Relic","Card","Card","Card","Card","Relic","Relic","Card","Card","Relic","Potion","Relic","Card","Card","Relic","Card","Card","Relic"],"build_version":"2020-12-22","purchased_purges":0,"victory":true,"max_hp_per_floor":[70,70,70,70,70,70,70,70,70,70,70,70,70,70,70,70,70,70,70,70,70,70,70,70,70,70,70,70,70,80,80,80,80,80,80,80,80,80,80,80,80,80,80,80,80,80,80,80,80,80,80,80,80,80,80],"card_choices":[{"not_picked":["Distraction","Backflip"],"picked":"Prepared","floor":1.0},{"not_picked":["Deflect","Reflex"],"picked":"Blade Dance","floor":1.0},{"not_picked":["hubris:SlightOfHand","Backflip"],"picked":"Caltrops","floor":2.0},{"not_picked":["hubris:SlightOfHand","Deadly Poison"],"picked":"Prepared","floor":2.0},{"not_picked":["Crippling Poison","Deadly Poison"],"picked":"Cloak And Dagger","floor":3.0},{"not_picked":["All Out Attack","Choke"],"picked":"Prepared","floor":3.0},{"not_picked":["Catalyst","Prepared"],"picked":"Cloak And Dagger","floor":5.0},{"not_picked":["Underhanded Strike","Setup"],"picked":"Cloak And Dagger","floor":5.0},{"not_picked":["PiercingWail","hubris:SlightOfHand"],"picked":"Masterful Stab","floor":7.0},{"not_picked":["Deadly Poison","Reflex"],"picked":"Dodge and Roll","floor":10.0},{"not_picked":["Reflex","Backflip"],"picked":"Calculated Gamble","floor":10.0},{"not_picked":["Heel Hook","Grand Finale"],"picked":"Leg Sweep","floor":11.0},{"not_picked":["Poisoned Stab","Dagger Throw"],"picked":"Finisher","floor":13.0},{"not_picked":["Masterful Stab","Acrobatics"],"picked":"Leg Sweep","floor":13.0},{"not_picked":["Deadly Poison","Acrobatics"],"picked":"Deflect","floor":14.0},{"not_picked":["Outmaneuver","hubris:TrickCloak"],"picked":"Blur","floor":14.0},{"not_picked":["Malaise","Envenom"],"picked":"After Image","floor":16.0},{"not_picked":["Deadly Poison+1","Bane"],"picked":"Crippling Poison+1","floor":18.0},{"not_picked":["Masterful Stab","hubris:SlightOfHand+1"],"picked":"Backflip+1","floor":18.0},{"not_picked":["Heel Hook","Infinite Blades"],"picked":"Cloak And Dagger+1","floor":19.0},{"not_picked":["Dagger Spray","Reflex"],"picked":"Flying Knee","floor":19.0},{"not_picked":["Choke","Cloak And Dagger+1"],"picked":"Flying Knee","floor":22.0},{"not_picked":["Poisoned Stab","Heel Hook"],"picked":"Dagger Spray+1","floor":22.0},{"not_picked":["Leg Sweep+1","Well Laid Plans"],"picked":"PiercingWail+1","floor":23.0},{"not_picked":["Slice","hubris:Counter"],"picked":"Die Die Die","floor":25.0},{"not_picked":["Quick Slash","Calculated Gamble+1"],"picked":"Outmaneuver+1","floor":27.0},{"not_picked":["Glass Knife","Phantasmal Killer+1"],"picked":"Venomology+1","floor":33.0},{"not_picked":["Poisoned Stab","Escape Plan+1"],"picked":"Blur+1","floor":35.0},{"not_picked":["Well Laid Plans+1","Deadly Poison+1"],"picked":"Outmaneuver+1","floor":35.0},{"not_picked":["Setup+1","Predator"],"picked":"Cloak And Dagger+1","floor":36},{"not_picked":["Deadly Poison+1","Finisher+1"],"picked":"Flying Knee+1","floor":36},{"not_picked":["Dagger Spray+1","Doppelganger+1"],"picked":"Crippling Poison+1","floor":38},{"not_picked":["hubris:SlightOfHand+1","Dodge and Roll+1","Catalyst+1"],"picked":"SKIP","floor":38},{"not_picked":["Deflect+1","Skewer"],"picked":"Blur+1","floor":39},{"not_picked":["Bane+1","Dodge and Roll+1"],"picked":"Prepared+1","floor":39},{"not_picked":["Escape Plan+1","Leg Sweep+1"],"picked":"Blade Dance+1","floor":40},{"not_picked":["Corpse Explosion+1","PiercingWail+1"],"picked":"Blade Dance+1","floor":42},{"not_picked":["hubris:SlightOfHand+1","Flechettes"],"picked":"Cloak And Dagger+1","floor":42},{"not_picked":["Escape Plan+1","Catalyst+1"],"picked":"Backstab+1","floor":44},{"not_picked":["Sucker Punch","All Out Attack"],"picked":"Footwork+1","floor":46},{"not_picked":["Escape Plan+1","Heel Hook+1"],"picked":"Blade Dance+1","floor":47},{"not_picked":["Backflip+1","Infinite Blades+1"],"picked":"Backstab","floor":47},{"not_picked":["Grand Finale","Catalyst+1"],"picked":"Adrenaline+1","floor":48},{"not_picked":["Flechettes+1","Poisoned Stab"],"picked":"Blade Dance+1","floor":54}],"player_experience":574546,"relics_obtained":[{"floor":7.0,"key":"hubris:MedicalManual"},{"floor":11.0,"key":"Bag of Preparation"},{"floor":23.0,"key":"Toxic Egg 2"},{"floor":25.0,"key":"Frozen Egg 2"},{"floor":26.0,"key":"hubris:AncientText"},{"floor":27.0,"key":"Orichalcum"},{"floor":40,"key":"hubris:AstralHammer"},{"floor":43,"key":"hubris:BottledRain"},{"floor":44,"key":"Bronze Scales"},{"floor":46,"key":"hubris:SphereOfDissonance"},{"floor":48,"key":"Paper Crane"},{"floor":54,"key":"Centennial Puzzle"}],"event_choices":[{"damage_healed":0.0,"max_hp_gain":0.0,"max_hp_loss":0.0,"gold_gain":0.0,"event_name":"Golden Idol","player_choice":"Take Wound","floor":4.0,"gold_loss":0.0,"damage_taken":0.0,"relics_obtained":["Golden Idol"],"cards_obtained":["Injury"]},{"damage_healed":0.0,"max_hp_gain":0.0,"max_hp_loss":0.0,"gold_gain":0.0,"event_name":"Ghosts","player_choice":"Ignored","floor":20.0,"gold_loss":0.0,"damage_taken":0.0},{"damage_healed":0.0,"max_hp_gain":0.0,"max_hp_loss":0.0,"gold_gain":0.0,"event_name":"Forgotten Altar","player_choice":"Gave Idol","floor":24.0,"relics_lost":["Golden Idol"],"gold_loss":0.0,"damage_taken":0.0,"relics_obtained":["Bloody Idol"]},{"damage_healed":0.0,"max_hp_gain":0.0,"max_hp_loss":0.0,"gold_gain":0.0,"event_name":"Beggar","player_choice":"Ignored","floor":28.0,"gold_loss":0.0,"damage_taken":0.0},{"cards_removed":["Die Die Die"],"damage_healed":0.0,"max_hp_gain":10.0,"max_hp_loss":0.0,"gold_gain":0.0,"event_name":"Bonfire Elementals","player_choice":"Offered Rare","floor":30.0,"gold_loss":0.0,"damage_taken":0.0},{"cards_removed":["Injury"],"damage_healed":0,"gold_gain":0,"player_choice":"Removed Curses","damage_taken":0,"max_hp_gain":0,"max_hp_loss":0,"event_name":"Fountain of Cleansing","floor":37,"gold_loss":0},{"damage_healed":0,"gold_gain":0,"player_choice":"Bought 0 Potions","damage_taken":0,"max_hp_gain":0,"max_hp_loss":0,"event_name":"The Woman in Blue","floor":45,"gold_loss":0}],"is_beta":false,"boss_relics":[{"not_picked":["Velvet Choker","Snecko Eye"],"picked":"Runic Pyramid"},{"not_picked":["Astrolabe","HoveringKite"],"picked":"SlaversCollar"}],"items_purged_floors":[],"is_endless":false,"potions_floor_spawned":[1,3,11,13,18,25,38,40,44,54],"ascension_level":8}}