{"host":"5hsgormuu0lj4iiq","time":1613093452,"event":{"mods":["AchievementEnabler","BaseMod","Colored Map","Colored Powertips","Minty Spire (QoL Compilation)","Quick Restart","Relic Stats","SuperFastMode","everything is the same but u backflip on backflip","slay the spire mod where everything is the same but ironclad has a cowboy hat"],"gold_per_floor":[117,127,127,127,141,141,176,197,223,223,223],"floor_reached":10,"language":"ENG","playtime":141,"items_purged":[],"score":99,"play_id":"5a0f55c2-807c-497a-a51a-929e702a7e9a","local_time":"20210211203052","is_ascension_mode":true,"campfire_choices":[{"data":"Poisoned Stab","floor":6,"key":"SMITH"}],"circlet_count":0,"master_deck":["Strike_G","Strike_G","Strike_G","Strike_G","Strike_G","Defend_G","Defend_G","Defend_G","Defend_G","Defend_G","Survivor","Neutralize","Poisoned Stab+1","Dash","Dagger Spray"],"relics":["Ring of the Snake","NeowsBlessing","Golden Idol","Anchor","Centennial Puzzle"],"acts_visited":["Exordium"],"potions_floor_usage":[10],"damage_taken":[{"damage":0,"enemies":"Cultist","floor":1,"turns":1},{"damage":0,"enemies":"2 Louse","floor":2,"turns":1},{"damage":0,"enemies":"Jaw Worm","floor":5,"turns":1},{"damage":32,"enemies":"Gremlin Nob","floor":7,"turns":5},{"damage":5,"enemies":"2 Fungi Beasts","floor":8,"turns":4},{"damage":26,"enemies":"Lagavulin","floor":10,"turns":6}],"seed_played":"8348430563308723877","potions_obtained":[{"floor":2,"key":"PowerPotion"},{"floor":8,"key":"Ancient Potion"}],"is_trial":false,"path_per_floor":["M","M","?","$","M","R","E","M","T","E"],"character_chosen":"THE_SILENT","items_purchased":[],"campfire_rested":0,"item_purchase_floors":[],"current_hp_per_floor":[63,63,63,63,63,63,31,26,26,0,0],"gold":223,"neow_bonus":"THREE_ENEMY_KILL","is_daily":false,"chose_seed":false,"campfire_upgraded":1,"win_rate":0.0,"timestamp":1613093452,"path_taken":["M","?","?","$","M","R","E","M","T","E"],"items_purchased_type":[],"build_version":"2020-12-22","purchased_purges":0,"victory":false,"max_hp_per_floor":[70,70,65,65,65,65,65,65,65,65,65],"relic_stats":{"Centennial Puzzle":[3],"counters":[6,18],"Golden Idol":14,"obtain_stats":[{"Anchor":7,"Centennial Puzzle":9,"NeowsBlessing":0,"Golden Idol":3,"Ring of the Snake":0},{"Anchor":4,"Centennial Puzzle":5,"NeowsBlessing":0,"Golden Idol":2,"Ring of the Snake":0},{"Anchor":8,"Centennial Puzzle":12,"NeowsBlessing":0,"Golden Idol":2,"Ring of the Snake":0}],"Ring of the Snake":[12]},"card_choices":[{"not_picked":["Bane","Finisher","Skewer"],"picked":"SKIP","floor":1},{"not_picked":["Slice","Blade Dance"],"picked":"Poisoned Stab","floor":2},{"not_picked":["Distraction","Bane","Calculated Gamble"],"picked":"SKIP","floor":5},{"not_picked":["Concentrate","Poisoned Stab"],"picked":"Dash","floor":7},{"not_picked":["Flying Knee","Outmaneuver"],"picked":"Dagger Spray","floor":8}],"player_experience":732570,"relics_obtained":[{"floor":7,"key":"Anchor"},{"floor":9,"key":"Centennial Puzzle"}],"event_choices":[{"damage_healed":0,"gold_gain":0,"player_choice":"Lose Max HP","damage_taken":0,"relics_obtained":["Golden Idol"],"max_hp_gain":0,"max_hp_loss":5,"event_name":"Golden Idol","floor":3,"gold_loss":0}],"is_beta":false,"boss_relics":[],"items_purged_floors":[],"is_endless":false,"potions_floor_spawned":[2,8],"killed_by":"Lagavulin","ascension_level":9}}