{"host":"dm3der2z84gf27js","time":1613167201,"event":{"mods":["AchievementEnabler","BaseMod","Bestiary","Better Note","Better Third Choice","Colored Map","Colored Powertips","Marisa????????","Minty Spire (QoL Compilation)","Onozuka Komachi Mod","StSLib","The Marked","The Servant 0.9.4"],"gold_per_floor":[118,133,20,37,71,116,116,164,164,205,2,2,50,61,61,179,179,192,208,208,243,443,443,487,487,487,487,517,517,170,188,188,306,306,323,79,79,106,121,167,167,214,240,290,335,370,382,442,442,442,442,442,4,39,39],"floor_reached":56,"language":"ENG","playtime":5658,"items_purged":["Parasite"],"score":1431,"play_id":"785c02c5-dfa2-4655-8fdc-f2c503cdbcc9","local_time":"20210212170001","is_ascension_mode":true,"campfire_choices":[{"floor":7,"key":"REST"},{"floor":12,"key":"REST"},{"floor":15,"key":"RECALL"},{"floor":23,"key":"REST"},{"floor":25,"key":"REST"},{"data":"UpSweep","floor":27,"key":"SMITH"},{"floor":32,"key":"REST"},{"floor":41,"key":"REST"},{"data":"MillisecondPulsars","floor":49,"key":"SMITH"},{"data":"StarDustReverie","floor":52,"key":"SMITH"}],"circlet_count":0,"master_deck":["Strike_MRS","Strike_MRS","Strike_MRS","Strike_MRS","Defend_MRS","Defend_MRS","Defend_MRS+1","Defend_MRS","MasterSpark+1","UpSweep+1","MaximisePower","FairyDestructionRay","PowerUp","EarthLightRay+1","Occultation","WitchOfGreed","OortCloud","IllusionStar+1","ChargeUpSpray","MillisecondPulsars+1","IllusionStar","WitchLeyline","SporeBomb","StarDustReverie","GrandCross","PropBag","AsteroidBelt","DeepEcoloBomb+1","MagicAbsorber+1","EnergyFlow","6A+1","StarDustReverie+1","ShootTheMoon","GalacticHalo+1","PowerUp","SatelliteIllusion","OortCloud+1","OrrerysSun","DarkMatter","EarthLightRay","MysteriousBeam+1","MysteriousBeam+1","EventHorizon","NonDirectionalLaser","Orbital","BlazeAway","Parasite","Parasite","ShootingEcho"],"relics":["MiniHakkero","Anchor","War Paint","Pen Nib","Darkstone Periapt","PreservedInsect","Strawberry","SlaversCollar","Blue Candle","SproutingBranch","Boot","Incense Burner","Cursed Key","Gremlin Horn","HornCleat","Oddly Smooth Stone","Calipers","Pocketwatch","CatCart","ShroomBag"],"acts_visited":["Exordium","TheCity","TheBeyond","TheEnding"],"potions_floor_usage":[6,6,8,16,16,19,28,28,35,35,39,40,44,46,47,50,50,55,55],"damage_taken":[{"damage":0,"enemies":"Cultist","floor":1,"turns":2},{"damage":0,"enemies":"Small Slimes","floor":2,"turns":3},{"damage":6,"enemies":"Jaw Worm","floor":4,"turns":3},{"damage":9,"enemies":"2 Fungi Beasts","floor":5,"turns":3},{"damage":30,"enemies":"Gremlin Nob","floor":6,"turns":6},{"damage":20,"enemies":"Lagavulin","floor":8,"turns":5},{"damage":0,"enemies":"Gremlin Nob","floor":10,"turns":2},{"damage":4,"enemies":"Lagavulin","floor":13,"turns":4},{"damage":0,"enemies":"3 Louse","floor":14,"turns":3},{"damage":32,"enemies":"Hexaghost","floor":16,"turns":10},{"damage":10,"enemies":"Spheric Guardian","floor":18,"turns":3},{"damage":0,"enemies":"Shell Parasite","floor":19,"turns":4},{"damage":37,"enemies":"Centurion and Healer","floor":21,"turns":6},{"damage":9,"enemies":"Book of Stabbing","floor":24,"turns":5},{"damage":17,"enemies":"Slavers","floor":28,"turns":4},{"damage":36,"enemies":"3 Cultists","floor":31,"turns":4},{"damage":29,"enemies":"Champ","floor":33,"turns":8},{"damage":30,"enemies":"3 Darklings","floor":35,"turns":5},{"damage":0,"enemies":"Orb Walker","floor":38,"turns":2},{"damage":0,"enemies":"4 Shapes","floor":39,"turns":2},{"damage":30,"enemies":"Reptomancer","floor":40,"turns":3},{"damage":10,"enemies":"Giant Head","floor":42,"turns":8},{"damage":0,"enemies":"Mind Bloom Boss Battle","floor":44,"turns":5},{"damage":1,"enemies":"Nemesis","floor":45,"turns":5},{"damage":0,"enemies":"3 Darklings","floor":46,"turns":3},{"damage":3,"enemies":"Sphere and 2 Shapes","floor":47,"turns":5},{"damage":1,"enemies":"Orin","floor":48,"turns":12},{"damage":48,"enemies":"Awakened One","floor":50,"turns":14},{"damage":2,"enemies":"Shield and Spear","floor":54,"turns":2},{"damage":86,"enemies":"The Heart","floor":55,"turns":8}],"seed_played":"-4753627546312340760","potions_obtained":[{"floor":1,"key":"EssenceOfSteel"},{"floor":5,"key":"FairyPotion"},{"floor":5,"key":"Block Potion"},{"floor":6,"key":"SkillPotion"},{"floor":8,"key":"Fire Potion"},{"floor":8,"key":"ShroomBrew"},{"floor":10,"key":"LiquidMemories"},{"floor":16,"key":"LiquidBronze"},{"floor":18,"key":"SpeedPotion"},{"floor":24,"key":"BlessingOfTheForge"},{"floor":33,"key":"SteroidPotion"},{"floor":33,"key":"EntropicBrew"},{"floor":35,"key":"LiquidMemories"},{"floor":42,"key":"BottledSpark"},{"floor":42,"key":"Explosive Potion"},{"floor":45,"key":"SpeedPotion"},{"floor":45,"key":"BlessingOfTheForge"},{"floor":46,"key":"SkillPotion"},{"floor":48,"key":"Dexterity Potion"}],"is_trial":false,"path_per_floor":["M","M","$","M","M","E","R","E","T","E","$","R","E","M","R","B",null,"M","M","?","M","?","R","E","R","T","R","E","?","$","M","R","B",null,"M","$","?","M","M","E","R","E","T","?","E","M","M","?","R","B",null,"R","$","E","B",null],"character_chosen":"MARISA","items_purchased":["EarthLightRay","Occultation","PreservedInsect","IllusionStar","Incense Burner","EnergyFlow","Gremlin Horn","EventHorizon","NonDirectionalLaser","Orbital","GamblersBrew","ColorlessPotion","BlazeAway"],"campfire_rested":6,"item_purchase_floors":[3,3,11,11,30,30,36,53,53,53,53,53,53],"current_hp_per_floor":[75,75,75,73,64,38,60,44,44,44,44,66,69,73,73,45,82,72,76,76,45,45,69,60,82,82,82,72,72,72,48,72,55,82,57,57,57,62,73,58,82,72,78,88,88,88,85,88,88,60,88,88,85,95,20],"gold":39,"neow_bonus":"ONE_RANDOM_RARE_CARD","is_daily":false,"chose_seed":false,"campfire_upgraded":3,"win_rate":0.0,"timestamp":1613167201,"path_taken":["M","?","$","M","M","E","R","E","T","E","$","R","E","?","R","BOSS","M","M","?","M","?","R","E","R","T","R","E","?","$","M","R","BOSS","M","$","?","?","M","E","R","E","T","?","E","M","M","?","R","BOSS","R","$","E","BOSS"],"items_purchased_type":["Card","Card","Relic","Card","Relic","Card","Relic","Card","Card","Card","Potion","Potion","Card"],"build_version":"2020-12-22","purchased_purges":1,"victory":true,"max_hp_per_floor":[75,75,75,75,75,75,75,75,75,75,75,75,82,82,82,82,82,82,82,82,82,82,82,82,82,82,82,82,82,82,82,82,82,82,82,82,82,82,82,82,82,82,88,88,88,88,88,88,88,88,88,88,85,97,97],"card_choices":[{"not_picked":["GravityBeat","OneTimeOff"],"picked":"FairyDestructionRay","floor":1},{"not_picked":["ShootingEcho","6A"],"picked":"PowerUp","floor":2},{"not_picked":["Acceleration","ShootTheMoon"],"picked":"WitchOfGreed","floor":4},{"not_picked":["DoubleSpark","FairyDestructionRay"],"picked":"OortCloud","floor":5},{"not_picked":["ShootingEcho","Orbital"],"picked":"IllusionStar","floor":6},{"not_picked":["PulseMagic","AsteroidBelt"],"picked":"ChargeUpSpray","floor":8},{"not_picked":["OneTimeOff","MysteriousBeam"],"picked":"MillisecondPulsars","floor":10},{"not_picked":["IllusionStar","Singularity"],"picked":"WitchLeyline","floor":13},{"not_picked":["WitchLeyline","NonDirectionalLaser"],"picked":"SporeBomb","floor":14},{"not_picked":["BlazingStar","BigCrunch"],"picked":"StarDustReverie","floor":16},{"not_picked":["OortCloud+1","6A"],"picked":"GrandCross","floor":18},{"not_picked":["SporeBomb+1","EnergyRecoil"],"picked":"PropBag","floor":19},{"not_picked":["IllusionStar+1","OneTimeOff"],"picked":"AsteroidBelt","floor":21},{"not_picked":["DC","MeteoricShower"],"picked":"DeepEcoloBomb+1","floor":24},{"not_picked":["GravityBeat","DeepEcoloBomb"],"picked":"MagicAbsorber+1","floor":28},{"not_picked":["RefractionSpark+1","DarkMatter"],"picked":"6A+1","floor":31},{"not_picked":["BigCrunch","MillisecondPulsars"],"picked":"StarDustReverie","floor":33},{"not_picked":["LuminesStrike","DC+1"],"picked":"ShootTheMoon","floor":35},{"not_picked":["SporeBomb","DeepEcoloBomb+1"],"picked":"GalacticHalo+1","floor":38},{"not_picked":["DoubleSpark","LuminesStrike"],"picked":"PowerUp","floor":39},{"not_picked":["DC","OrrerysSun"],"picked":"SatelliteIllusion","floor":40},{"not_picked":["LuminesStrike","Robbery+1"],"picked":"OortCloud+1","floor":42},{"not_picked":["DeepEcoloBomb","DoubleSpark+1"],"picked":"OrrerysSun","floor":44},{"not_picked":["DoubleSpark","BigCrunch"],"picked":"DarkMatter","floor":45},{"not_picked":["AlicesGift","OortCloud"],"picked":"EarthLightRay","floor":46},{"not_picked":["MachineGunSpark","DeepEcoloBomb+1"],"picked":"MysteriousBeam+1","floor":47},{"not_picked":["GrandCross+1","GasGiant+1"],"picked":"MysteriousBeam+1","floor":48},{"not_picked":["GrandCross","LuminesStrike+1"],"picked":"ShootingEcho","floor":54}],"player_experience":204911,"relics_obtained":[{"floor":6,"key":"Anchor"},{"floor":8,"key":"War Paint"},{"floor":9,"key":"Pen Nib"},{"floor":10,"key":"Darkstone Periapt"},{"floor":13,"key":"Strawberry"},{"floor":24,"key":"Blue Candle"},{"floor":26,"key":"SproutingBranch"},{"floor":28,"key":"Boot"},{"floor":40,"key":"HornCleat"},{"floor":42,"key":"Oddly Smooth Stone"},{"floor":44,"key":"Calipers"},{"floor":45,"key":"Pocketwatch"},{"floor":48,"key":"CatCart"},{"floor":54,"key":"ShroomBag"}],"event_choices":[{"damage_healed":0,"gold_gain":0,"player_choice":"Upgraded","damage_taken":0,"max_hp_gain":0,"max_hp_loss":0,"event_name":"Upgrade Shrine","floor":20,"gold_loss":0,"cards_upgraded":["EarthLightRay"]},{"damage_healed":0,"gold_gain":250,"player_choice":"Bet on Owner","damage_taken":0,"max_hp_gain":0,"max_hp_loss":0,"event_name":"The Joust","floor":22,"gold_loss":50},{"damage_healed":0,"gold_gain":0,"player_choice":"Ignored","damage_taken":0,"max_hp_gain":0,"max_hp_loss":0,"event_name":"betterNote:BetterNote","floor":29,"gold_loss":0,"cards_obtained":["Defend_MRS"]},{"damage_healed":0,"gold_gain":0,"player_choice":"Upgraded","damage_taken":0,"max_hp_gain":0,"max_hp_loss":0,"event_name":"Upgrade Shrine","floor":37,"gold_loss":0,"cards_upgraded":["MasterSpark"]},{"damage_healed":0,"gold_gain":0,"player_choice":"Fight","damage_taken":0,"max_hp_gain":0,"max_hp_loss":0,"event_name":"MindBloom","floor":44,"gold_loss":0},{"damage_healed":0,"gold_gain":0,"player_choice":"Fight","damage_taken":0,"max_hp_gain":0,"max_hp_loss":0,"event_name":"OrinTheCat","floor":48,"gold_loss":0}],"is_beta":false,"boss_relics":[{"not_picked":["Tiny House","Runic Pyramid"],"picked":"SlaversCollar"},{"not_picked":["BewitchedHakkero","Philosopher\u0027s Stone"],"picked":"Cursed Key"}],"items_purged_floors":[53],"is_endless":false,"potions_floor_spawned":[1,5,8,18,24,33,35,42,45,46],"ascension_level":1}}