{"host":"6j4zq6mzes43l4sj","time":1613138115,"event":{"mods":["AchievementEnabler","BaseMod","Minty Spire (QoL Compilation)"],"gold_per_floor":[367,387,387,72,82,82,111,111,111,131,31,47,47,57,57,128,128,142,160,160,160,177,202,212,227,227,76,76,92,120,134,134,208,208,225,236,255,269,286,286,302,302,326,338,366,392,404,132,132,132],"floor_reached":51,"language":"ENG","playtime":3704,"items_purged":["Defend_R","Strike_R","Strike_R"],"score":1220,"play_id":"5d920aca-3a6a-44d8-beb0-19e747e1d523","local_time":"20210212145515","is_ascension_mode":true,"campfire_choices":[{"data":"Armaments","floor":6,"key":"SMITH"},{"data":"Armaments","floor":8,"key":"SMITH"},{"data":"Searing Blow","floor":13,"key":"SMITH"},{"data":"Searing Blow+1","floor":15,"key":"SMITH"},{"floor":28,"key":"REST"},{"floor":32,"key":"DIG"},{"floor":40,"key":"REST"},{"floor":42,"key":"REST"},{"floor":44,"key":"DIG"},{"floor":47,"key":"DIG"},{"floor":49,"key":"DIG"}],"circlet_count":0,"master_deck":["AscendersBane","Strike_R","Strike_R","Defend_R","Defend_R","Defend_R","Bash","Armaments+1","Searing Blow+2","Armaments+1","Madness","Second Wind","Intimidate","Headbutt","Corruption","Body Slam","Disarm","Writhe","Shockwave","Burning Pact","Bloodletting","Body Slam+1","True Grit","Brutality","Shrug It Off","Evolve","Warcry","Sentinel","Burning Pact","Deep Breath"],"relics":["Burning Blood","Dead Branch","Ice Cream","Fusion Hammer","Blue Candle","Shovel","Pantograph","ClockworkSouvenir","Calipers","Bronze Scales","Philosopher\u0027s Stone","MawBank","Bag of Marbles","Singing Bowl","Mango"],"acts_visited":["Exordium","TheCity","TheBeyond"],"potions_floor_usage":[16,25,37,38,45,50,50],"damage_taken":[{"damage":6,"enemies":"Cultist","floor":1,"turns":3},{"damage":16,"enemies":"Small Slimes","floor":2,"turns":4},{"damage":2,"enemies":"2 Louse","floor":5,"turns":3},{"damage":35,"enemies":"Lagavulin","floor":7,"turns":6},{"damage":18,"enemies":"Exordium Thugs","floor":10,"turns":6},{"damage":0,"enemies":"Large Slime","floor":12,"turns":5},{"damage":1,"enemies":"2 Fungi Beasts","floor":14,"turns":4},{"damage":18,"enemies":"Hexaghost","floor":16,"turns":12},{"damage":6,"enemies":"Spheric Guardian","floor":18,"turns":3},{"damage":6,"enemies":"3 Byrds","floor":19,"turns":3},{"damage":15,"enemies":"Snecko","floor":22,"turns":3},{"damage":50,"enemies":"Gremlin Leader","floor":23,"turns":9},{"damage":2,"enemies":"Chosen and Byrds","floor":24,"turns":5},{"damage":0,"enemies":"Centurion and Healer","floor":25,"turns":6},{"damage":0,"enemies":"Cultist and Chosen","floor":29,"turns":5},{"damage":12,"enemies":"Book of Stabbing","floor":30,"turns":2},{"damage":4,"enemies":"3 Cultists","floor":31,"turns":3},{"damage":12,"enemies":"Champ","floor":33,"turns":7},{"damage":2,"enemies":"Orb Walker","floor":35,"turns":3},{"damage":9,"enemies":"3 Shapes","floor":36,"turns":5},{"damage":19,"enemies":"Transient","floor":37,"turns":5},{"damage":38,"enemies":"Jaw Worm Horde","floor":38,"turns":3},{"damage":0,"enemies":"Maw","floor":39,"turns":4},{"damage":8,"enemies":"Transient","floor":41,"turns":5},{"damage":18,"enemies":"4 Shapes","floor":45,"turns":4},{"damage":9,"enemies":"3 Darklings","floor":46,"turns":5},{"damage":79,"enemies":"Awakened One","floor":50,"turns":8}],"seed_played":"1808073932298317341","potions_obtained":[{"floor":2,"key":"Dexterity Potion"},{"floor":10,"key":"PowerPotion"},{"floor":19,"key":"EssenceOfSteel"},{"floor":23,"key":"SkillPotion"},{"floor":25,"key":"Weak Potion"},{"floor":37,"key":"AttackPotion"},{"floor":39,"key":"SpeedPotion"},{"floor":46,"key":"GamblersBrew"}],"is_trial":false,"path_per_floor":["M","M","?","$","M","R","E","R","T","M","$","M","R","M","R","B",null,"M","M","?","?","M","E","M","M","T","$","R","M","E","M","R","B",null,"M","M","M","M","M","R","M","R","T","R","M","M","R","$","R","B",null],"character_chosen":"IRONCLAD","items_purchased":["Armaments","Madness","FairyPotion","ClockworkSouvenir","Burning Pact","Deep Breath"],"campfire_rested":3,"item_purchase_floors":[4,4,4,27,48,48],"current_hp_per_floor":[68,58,58,58,62,62,33,33,33,21,21,27,27,32,32,20,56,56,56,56,56,47,25,29,35,35,35,55,61,55,57,57,62,67,68,65,52,20,26,46,44,64,64,64,52,49,49,49,63,9],"gold":132,"neow_bonus":"TWO_FIFTY_GOLD","is_daily":false,"chose_seed":false,"campfire_upgraded":4,"win_rate":0.0,"timestamp":1613138115,"path_taken":["M","M","?","$","M","R","E","R","T","M","$","M","R","M","R","BOSS","M","M","?","?","M","E","M","M","T","$","R","?","E","M","R","BOSS","M","M","M","M","M","R","M","R","T","R","M","M","R","$","R","BOSS"],"items_purchased_type":["Card","Card","Potion","Relic","Card","Card"],"build_version":"2020-12-22","purchased_purges":3,"victory":true,"max_hp_per_floor":[68,68,68,68,68,68,68,68,68,68,68,68,68,68,68,68,68,68,68,68,68,68,68,68,68,68,68,68,68,68,68,68,68,68,68,68,68,68,68,68,68,68,68,68,68,68,68,68,82,82],"card_choices":[{"not_picked":["Twin Strike","Warcry"],"picked":"Armaments","floor":1},{"not_picked":["Sentinel","Pommel Strike"],"picked":"Searing Blow","floor":2},{"not_picked":["Anger","Spot Weakness","Infernal Blade"],"picked":"SKIP","floor":5},{"not_picked":["Rupture","Spot Weakness"],"picked":"Second Wind","floor":7},{"not_picked":["Havoc","Thunderclap"],"picked":"Intimidate","floor":10},{"not_picked":["Sever Soul","Infernal Blade","Flex"],"picked":"SKIP","floor":12},{"not_picked":["Body Slam","Sever Soul"],"picked":"Headbutt","floor":14},{"not_picked":["Limit Break","Juggernaut"],"picked":"Corruption","floor":16},{"not_picked":["Anger","Ghostly Armor"],"picked":"Body Slam","floor":18},{"not_picked":["Pommel Strike","Anger"],"picked":"Disarm","floor":19},{"not_picked":["Heavy Blade","Pommel Strike"],"picked":"Burning Pact","floor":22},{"not_picked":["Thunderclap+1","Pummel","Perfected Strike+1"],"picked":"SKIP","floor":23},{"not_picked":["Cleave","Spot Weakness","Sever Soul+1"],"picked":"SKIP","floor":24},{"not_picked":["Body Slam","Twin Strike+1"],"picked":"Bloodletting","floor":25},{"not_picked":["Rampage","Perfected Strike"],"picked":"Body Slam+1","floor":29},{"not_picked":["Corruption","Anger","Power Through"],"picked":"SKIP","floor":30},{"not_picked":["Sever Soul","Second Wind"],"picked":"True Grit","floor":31},{"not_picked":["Immolate","Reaper"],"picked":"Brutality","floor":33},{"not_picked":["Pommel Strike","Sword Boomerang"],"picked":"Shrug It Off","floor":35},{"not_picked":["Anger","Reckless Charge"],"picked":"Evolve","floor":36},{"not_picked":["Pummel","Twin Strike","Heavy Blade"],"picked":"SKIP","floor":37},{"not_picked":["Iron Wave","Headbutt","Searing Blow"],"picked":"SKIP","floor":38},{"not_picked":["Clash","Inflame","True Grit"],"picked":"SKIP","floor":39},{"not_picked":["Fire Breathing","Carnage","Metallicize"],"picked":"SKIP","floor":41},{"not_picked":["Dual Wield","Cleave"],"picked":"Warcry","floor":45},{"not_picked":["Reckless Charge","True Grit"],"picked":"Sentinel","floor":46}],"player_experience":566655,"relics_obtained":[{"floor":7,"key":"Dead Branch"},{"floor":9,"key":"Ice Cream"},{"floor":23,"key":"Shovel"},{"floor":26,"key":"Pantograph"},{"floor":30,"key":"Calipers"},{"floor":32,"key":"Bronze Scales"},{"floor":43,"key":"MawBank"},{"floor":44,"key":"Bag of Marbles"},{"floor":47,"key":"Singing Bowl"},{"floor":49,"key":"Mango"}],"event_choices":[{"damage_healed":0,"gold_gain":0,"player_choice":"Ignored","damage_taken":0,"max_hp_gain":0,"max_hp_loss":0,"event_name":"Liars Game","floor":3,"gold_loss":0},{"damage_healed":0,"gold_gain":0,"player_choice":"Opened","damage_taken":0,"relics_obtained":["Blue Candle"],"max_hp_gain":0,"max_hp_loss":0,"event_name":"The Mausoleum","floor":20,"gold_loss":0,"cards_obtained":["Writhe"]},{"damage_healed":0,"gold_gain":0,"cards_transformed":["Strike_R"],"player_choice":"Transformed","damage_taken":0,"max_hp_gain":0,"max_hp_loss":0,"event_name":"Transmorgrifier","floor":21,"gold_loss":0,"cards_obtained":["Shockwave"]}],"is_beta":false,"boss_relics":[{"not_picked":["Sozu","Empty Cage"],"picked":"Fusion Hammer"},{"not_picked":["Mark of Pain","Black Star"],"picked":"Philosopher\u0027s Stone"}],"items_purged_floors":[4,11,48],"is_endless":false,"potions_floor_spawned":[2,10,14,19,23,25,30,37,39,41,46],"ascension_level":15}}