{"host":"m9osufisr3agwk96","time":1613122162,"event":{"mods":["AchievementEnabler","Aspiration","BaseMod","Colored Map","Colored Powertips","Downfall","Friendly Minions","Hermit","Highlight Path","Hubris","Minty Spire (QoL Compilation)","Rare Cards Sparkle","Reliquary","Replay The Spire","Shop Mod","StSLib"],"gold_per_floor":[99,117,131,142,142,142,142,155,180,180,180,193,193,21,32,129,179,179,194,24,38,38,38,63,76,88,107,118,133,143,143,143,243,243,243],"floor_reached":33,"language":"ENG","playtime":1863,"items_purged":[],"score":245,"play_id":"9414e17e-2953-40b8-b705-d12d061b4315","local_time":"20210212012922","is_ascension_mode":false,"campfire_choices":[{"data":"hexamod:Sear","floor":1,"key":"SMITH"},{"floor":13,"key":"REST"},{"data":"hexamod:AdvancingGuard","floor":18,"key":"SMITH"},{"data":"hexamod:HeatMetal","floor":18,"key":"SMITH"},{"data":"hexamod:SoulSteal","floor":23,"key":"SMITH"},{"data":"hexamod:GhostflameInferno","floor":23,"key":"SMITH"}],"circlet_count":0,"master_deck":["hexamod:Strike","hexamod:Strike","hexamod:Strike","hexamod:Strike","hexamod:Defend","hexamod:Defend+1","hexamod:Defend","hexamod:Defend","hexamod:Sear+1","hexamod:Float+1","hexamod:GhostLash","hexamod:FirstSeal","hexamod:FlamesFromBeyond+1","hexamod:AdvancingGuard+1","hexamod:FastForward","hexamod:GiftsFromTheDead","hexamod:SpectralSpark+1","hexamod:GhostflameInferno+1","hexamod:HeatMetal+1","hexamod:HauntingEcho+1","hexamod:SoulSteal+1","hexamod:SpectralAdrenaline","hexamod:Again+1","hexamod:Rewind+1","hexamod:HeatMetal","hexamod:EtherealExpedition+1","hexamod:RecurringNightmare"],"relics":["hexamod:SpiritBrand","Replay:Arrowhead","Dream Catcher","hubris:Icosahedron","Anchor","Tiny House","Membership Card","Centennial Puzzle"],"acts_visited":["Exordium","TheCity"],"potions_floor_usage":[16,16,21,21,29,29,29,30,32],"damage_taken":[{"damage":0,"enemies":"2 Louse","floor":2,"turns":4},{"damage":5,"enemies":"Jaw Worm","floor":3,"turns":6},{"damage":0,"enemies":"Small Slimes","floor":4,"turns":3},{"damage":6,"enemies":"3 Louse","floor":8,"turns":3},{"damage":16,"enemies":"Lots of Slimes","floor":12,"turns":5},{"damage":0,"enemies":"downfall:FleeingMerchant","floor":14,"turns":4},{"damage":0,"enemies":"Blue Slaver","floor":15,"turns":3},{"damage":25,"enemies":"WA_ARCHETYPE_RETAIN","floor":16,"turns":7},{"damage":2,"enemies":"Shell Parasite","floor":19,"turns":6},{"damage":5,"enemies":"downfall:FleeingMerchant","floor":20,"turns":4},{"damage":16,"enemies":"Cultist and Chosen","floor":21,"turns":6},{"damage":6,"enemies":"Sentry and Sphere","floor":25,"turns":4},{"damage":17,"enemies":"Snecko","floor":26,"turns":5},{"damage":24,"enemies":"Shelled Parasite and Fungi","floor":27,"turns":6},{"damage":4,"enemies":"Centurion and Healer","floor":28,"turns":4},{"damage":0,"enemies":"Chosen and Byrds","floor":29,"turns":4},{"damage":6,"enemies":"Snake Plant","floor":30,"turns":3},{"damage":0,"enemies":"Snecko","floor":32,"turns":2},{"damage":54,"enemies":"DF_ARCHETYPE_CLAW","floor":33,"turns":6}],"seed_played":"-2689014313562585443","potions_obtained":[{"floor":4,"key":"ColorlessPotion"},{"floor":8,"key":"PowerPotion"},{"floor":17,"key":"bronze:BurnAndBuffPotion"},{"floor":19,"key":"BlessingOfTheForge"},{"floor":26,"key":"hexamod:DoubleChargePotion"},{"floor":27,"key":"SkillPotion"},{"floor":28,"key":"Toxic Potion"},{"floor":29,"key":"FearPotion"}],"is_trial":false,"path_per_floor":["R","M","M","M","?","?","T","M","T","?","?","M","R","$","M","B",null,"R","M","$","M","?","R","T","M","M","M","M","M","M","?","M","B"],"character_chosen":"THE_SPIRIT","items_purchased":["Anchor","Membership Card"],"campfire_rested":1,"item_purchase_floors":[14,20],"current_hp_per_floor":[70,70,65,65,65,65,65,66,66,66,66,50,70,70,70,52,75,75,73,75,66,75,75,75,75,58,41,37,44,45,45,45,0,0,0],"gold":243,"neow_bonus":"UPGRADE_CARD","is_daily":false,"chose_seed":false,"campfire_upgraded":5,"win_rate":0.0,"timestamp":1613122162,"path_taken":["R","M","M","M","?","?","T","M","?","?","?","M","R","$","M","BOSS","R","M","$","M","?","R","T","M","?","M","M","M","M","?","M","BOSS"],"items_purchased_type":["Relic","Relic"],"build_version":"2020-12-22","purchased_purges":0,"victory":false,"max_hp_per_floor":[70,70,70,70,70,70,70,70,70,70,70,70,70,70,70,70,75,75,75,75,75,75,75,75,75,75,75,75,75,75,75,75,75,75,75],"card_choices":[{"not_picked":["hexamod:NightmareStrike","hexamod:StepThrough"],"picked":"hexamod:GhostLash","floor":2},{"not_picked":["hexamod:ChargedBarrage","hexamod:ExtraCrispy"],"picked":"hexamod:FirstSeal","floor":3},{"not_picked":["hexamod:Firestarter","hexamod:GhostShield"],"picked":"hexamod:FlamesFromBeyond","floor":4},{"not_picked":["hexamod:NightmareStrike","hexamod:NecessarySacrifice"],"picked":"hexamod:AdvancingGuard","floor":8},{"not_picked":["hexamod:EmpoweredFlame","hexamod:HeatCrush","hexamod:NightmareStrike"],"picked":"SKIP","floor":12},{"not_picked":["hexamod:CatchUp","hexamod:GhostflameBarrier"],"picked":"hexamod:FastForward","floor":13},{"not_picked":["hexamod:StepThrough","hexamod:CatchUp"],"picked":"hexamod:GiftsFromTheDead","floor":14},{"not_picked":["hexamod:HauntingEcho","hexamod:ShieldOfDarkness"],"picked":"hexamod:SpectralSpark","floor":15},{"not_picked":["hexamod:HexaLevel","hexamod:SearingWound"],"picked":"hexamod:GhostflameInferno","floor":16},{"not_picked":["hexamod:SuperheatedStrike","hexamod:RetreatToShadows"],"picked":"hexamod:HeatMetal","floor":17},{"not_picked":["hexamod:SwordOfDarkness","hexamod:NightmareGuise"],"picked":"hexamod:GhostflameBarrier","floor":19},{"not_picked":["hexamod:SecondSeal","hexamod:RadiantFlame"],"picked":"hexamod:HauntingEcho+1","floor":20},{"not_picked":["hexamod:AdvancingGuard","hexamod:NightmareGuise+1"],"picked":"hexamod:SoulSteal","floor":21},{"not_picked":["hexamod:AdvancingGuard","hexamod:ThermalTransfer"],"picked":"hexamod:SpectralAdrenaline","floor":25},{"not_picked":["hexamod:ChargedBarrage","hexamod:NightmareStrike"],"picked":"hexamod:Again+1","floor":26},{"not_picked":["hexamod:SearingWound","hexamod:EmpoweredFlame"],"picked":"hexamod:Rewind+1","floor":27},{"not_picked":["hexamod:BacktrackSmack","hexamod:NightmareGuise"],"picked":"hexamod:HeatMetal","floor":28},{"not_picked":["hexamod:SuperheatedStrike","hexamod:AdvancingGuard"],"picked":"hexamod:EtherealExpedition+1","floor":29},{"not_picked":["hexamod:HeatShield","hexamod:GhostflameBarrier"],"picked":"hexamod:RecurringNightmare","floor":30}],"player_experience":460625,"relics_obtained":[{"floor":7,"key":"Replay:Arrowhead"},{"floor":9,"key":"Dream Catcher"},{"floor":24,"key":"Centennial Puzzle"}],"event_choices":[{"cards_removed":["hexamod:GhostflameBarrier"],"damage_healed":9,"gold_gain":0,"player_choice":"Offered Uncommon","damage_taken":0,"max_hp_gain":0,"max_hp_loss":0,"event_name":"Bonfire Elementals","floor":22,"gold_loss":0}],"is_beta":false,"boss_relics":[{"not_picked":["reliquary:RedPaperclip","Astrolabe"],"picked":"Tiny House"}],"items_purged_floors":[],"is_endless":false,"potions_floor_spawned":[4,8,19,26,27,28,29],"killed_by":"DF_ARCHETYPE_CLAW","ascension_level":0}}