{"host":"1zjc08c6hob33401","time":1613161937,"event":{"mods":["AchievementEnabler","Act Like it!","Aspiration","BaseMod","Downfall","Elementarium","Energized Spire","Evolution","Friendly Minions","Gensokyo","GifTheSpireLib","Hubris","Infinite Spire","Jedi Mod","Menagerie","Minty Spire (QoL Compilation)","Pale of the Ancients","Quick Restart","Reliquary","Replay The Spire","Retaliation","Shop Mod","Spicy Shops","Spire Arcade","StS++","StSLib","Stuff the Spire","The Blue Laboratory","Wandering Minibosses","??????REMEMod"],"gold_per_floor":[112,127,127,141,161,161,189,189,243,254,15,35,35,47,47,147,147,166,166,201,212,224,224,224,259,284,296,296,296,296,306,306,404,404,423,523,539,614,625,625,652,671,671,671,671,687,705,725,725,725,725,725],"floor_reached":50,"language":"RUS","playtime":4516,"items_purged":[],"score":546,"play_id":"5f7d10fc-aa55-4701-a560-2115ff66f1e7","local_time":"20210212223217","is_ascension_mode":true,"campfire_choices":[{"data":"infinitespire:Punishment","floor":6.0,"key":"SMITH"},{"floor":23.0,"key":"REST"},{"data":"bronze:RecursiveStrike","floor":24.0,"key":"SMITH"},{"data":"1","floor":28.0,"key":"LIFT"},{"data":"2","floor":30.0,"key":"LIFT"},{"data":"3","floor":32.0,"key":"LIFT"},{"data":"bronze:AlphaBuild","floor":40.0,"key":"SMITH"},{"floor":44.0,"key":"REST"}],"circlet_count":0,"master_deck":["bronze:CutThrough","bronze:Strike","bronze:Strike","bronze:Strike","bronze:Defend","bronze:Defend","bronze:Defend","bronze:Replicate","bronze:Goto","ConjureBlade+1","bronze:Safeguard","bronze:Fortify","bronze:Branch","infinitespire:Punishment+1","bronze:Shell+1","bronze:InfiniteBeams","bronze:Virus+1","bronze:Turbo","bronze:RecursiveStrike+1","bronze:Invalidate+1","bronze:WildBeam+1","bronze:FindAndReplace","bronze:ForceShield+1","bronze:Optimize+1","bronze:Overheat+1","bronze:MaxOutput+1","bronze:AlphaBuild+1","bronze:WhirlingStrike+1","bronze:InfiniteBeams+1","bronze:WhirlingStrike+1","bronze:Flail+1","bronze:MaxOutput","bronze:Turbo+1","bronze:SpaghettiCode+1"],"relics":["bronze:BronzeCore","EVO:Axolotl","REME_ComplimentaryCards","StuffTheSpire:OldFever","Smiling Mask","infinitespire:FocusingShard","Mercury Hourglass","SlaversCollar","WingedGreaves","Girya","reliquary:SilkGlove","reliquary:PartyBalloon","Elementarium:ElementariumTrophy","reliquary:RedCape","StSpp:BrokenTotem","reliquary:Knoch","wanderingMiniBosses:CarrionFlame","Mirror"],"acts_visited":["Menagerie:Menagerie","Elementarium:Elementarium","TheBeyond"],"potions_floor_usage":[50,50],"damage_taken":[{"damage":0.0,"enemies":"Menagerie:2_RABBITS","floor":1.0,"turns":3.0},{"damage":14.0,"enemies":"Menagerie:MonstrousExperiment","floor":2.0,"turns":3.0},{"damage":0.0,"enemies":"Menagerie:WhisperingWraith","floor":4.0,"turns":3.0},{"damage":0.0,"enemies":"Menagerie:MaskedSummoner","floor":7.0,"turns":7.0},{"damage":2.0,"enemies":"Menagerie:3_RABBITS","floor":10.0,"turns":3.0},{"damage":12.0,"enemies":"Menagerie:DREAD_MOTH_AND_GRAFTED_WORMS","floor":12.0,"turns":2.0},{"damage":1.0,"enemies":"Menagerie:EntropyWarlock","floor":14.0,"turns":2.0},{"damage":11.0,"enemies":"Menagerie:AVATARS","floor":16.0,"turns":4.0},{"damage":0.0,"enemies":"Elementarium:2_ELEMENTALS","floor":18.0,"turns":3.0},{"damage":29.0,"enemies":"Menagerie:Chimera","floor":20.0,"turns":7.0},{"damage":2.0,"enemies":"Elementarium:VoidCorruption","floor":21.0,"turns":2.0},{"damage":16.0,"enemies":"Elementarium:STONE_GOLEMS","floor":22.0,"turns":3.0},{"damage":7.0,"enemies":"Elementarium:ElementalPortal","floor":25.0,"turns":5.0},{"damage":0.0,"enemies":"Elementarium:VoidBeast","floor":27.0,"turns":3.0},{"damage":1.0,"enemies":"Elementarium:RubyGolem","floor":31.0,"turns":2.0},{"damage":17.0,"enemies":"Elementarium:PHOENIXES","floor":33.0,"turns":6.0},{"damage":0.0,"enemies":"Orb Walker","floor":35.0,"turns":2.0},{"damage":0.0,"enemies":"3 Darklings","floor":37.0,"turns":2.0},{"damage":0.0,"enemies":"Transient","floor":39.0,"turns":5.0},{"damage":19.0,"enemies":"Giant Head","floor":41.0,"turns":4.0},{"damage":26.0,"enemies":"Maw","floor":42.0,"turns":5.0},{"damage":3.0,"enemies":"3 Darklings","floor":46.0,"turns":2.0},{"damage":0.0,"enemies":"Jaw Worm Horde","floor":47.0,"turns":2.0},{"damage":19.0,"enemies":"Transient","floor":48.0,"turns":5.0},{"damage":65,"enemies":"Awakened One","floor":50,"turns":4}],"seed_played":"-2364727633376473604","potions_obtained":[{"floor":1.0,"key":"Reflective Coating"},{"floor":4.0,"key":"blueLaboratory:Moonshine"},{"floor":14.0,"key":"GamblersBrew"},{"floor":21.0,"key":"LiquidMemories"},{"floor":27.0,"key":"EssenceOfSteel"},{"floor":33.0,"key":"blueLaboratory:LouseDecoction"},{"floor":37.0,"key":"Adrenaline Potion"},{"floor":39.0,"key":"AttackPotion"},{"floor":46.0,"key":"blueLaboratory:FrostheartPotion"}],"is_trial":false,"path_per_floor":["M","M","?","M","?","R","E","?","T","M","$","M","T","M","R","B",null,"M","?","?","M","M","R","R","E","T","M","R","AVR","R","M","R","B",null,"M","?","M","?","M","R","E","M","T","R","?","M","M","M","R","B"],"character_chosen":"THE_AUTOMATON","items_purchased":["infinitespire:FocusingShard"],"campfire_rested":2,"item_purchase_floors":[11],"current_hp_per_floor":[70,56,39,39,39,39,39,56,56,54,54,42,42,41,62,51,70,70,70,41,39,23,44,44,37,37,37,37,37,37,36,36,19,70,70,70,70,70,70,70,51,25,25,46,46,43,43,24,45,0,0,0],"gold":725,"neow_bonus":"TRANSFORM_CARD","is_daily":false,"chose_seed":false,"campfire_upgraded":3,"win_rate":0.0,"timestamp":1613161937,"path_taken":["M","M","?","M","?","R","E","?","T","?","$","M","?","M","R","BOSS","M","?","?","M","?","R","R","E","T","M","R","AVR","R","?","R","BOSS","M","?","?","?","M","R","E","M","T","R","?","M","M","M","R","BOSS"],"items_purchased_type":["Relic"],"build_version":"2020-12-22","purchased_purges":0,"victory":false,"max_hp_per_floor":[70,70,70,70,70,70,70,70,70,70,70,70,70,70,70,70,70,70,70,70,70,70,70,70,70,70,70,70,70,70,70,70,70,70,70,70,70,70,70,70,70,70,70,70,70,70,70,70,70,70,70,70],"card_choices":[{"not_picked":["bronze:CutThrough","bronze:Turbo"],"picked":"bronze:Fortify","floor":1.0},{"not_picked":["bronze:Shield","bronze:Deprecate"],"picked":"bronze:Branch","floor":2.0},{"not_picked":["infinitespire:Execution","infinitespire:Oblivion"],"picked":"infinitespire:Punishment","floor":3.0},{"not_picked":["bronze:Overheat","bronze:FineTuning"],"picked":"bronze:Shell","floor":4.0},{"not_picked":["bronze:Frontload","bronze:Fortify"],"picked":"bronze:InfiniteBeams","floor":7.0},{"not_picked":["bronze:MaxOutput","bronze:Constructor"],"picked":"bronze:Virus","floor":10.0},{"not_picked":["bronze:WildBeam","bronze:ForceShield","bronze:Repulsor"],"picked":"SKIP","floor":12.0},{"not_picked":["bronze:FineTuning","bronze:Overload"],"picked":"bronze:Turbo","floor":14.0},{"not_picked":["bronze:TinkerersToolbox","bronze:HyperBeam"],"picked":"bronze:RecursiveStrike","floor":16.0},{"not_picked":["bronze:Iterate","bronze:Overload"],"picked":"bronze:Invalidate+1","floor":18.0},{"not_picked":["bronze:Deprecate","bronze:Flail"],"picked":"bronze:WildBeam+1","floor":20.0},{"not_picked":["bronze:Overheat","bronze:OilSpill+1"],"picked":"bronze:FindAndReplace","floor":21.0},{"not_picked":["bronze:Philosophize","bronze:DelayedGuard"],"picked":"bronze:ForceShield+1","floor":22.0},{"not_picked":["bronze:CleanCode","bronze:Terminator"],"picked":"bronze:Optimize+1","floor":25.0},{"not_picked":["bronze:BronzeArmor+1","bronze:CutThrough"],"picked":"bronze:Overheat+1","floor":27.0},{"not_picked":["bronze:Philosophize+1","bronze:ItsAFeature+1"],"picked":"bronze:MaxOutput+1","floor":31.0},{"not_picked":["bronze:ThunderWave","bronze:Format"],"picked":"bronze:AlphaBuild","floor":33.0},{"not_picked":["bronze:Invalidate+1","bronze:Separator+1"],"picked":"bronze:WhirlingStrike+1","floor":35.0},{"not_picked":["bronze:DarkDash","bronze:ItsAFeature"],"picked":"bronze:InfiniteBeams+1","floor":37.0},{"not_picked":["bronze:BugBarrage+1","bronze:Terminator+1"],"picked":"bronze:WhirlingStrike+1","floor":38.0},{"not_picked":["bronze:FollowUp","bronze:Constructor+1"],"picked":"bronze:Flail+1","floor":39.0},{"not_picked":["bronze:InfiniteBeams","bronze:DelayedGuard"],"picked":"bronze:MaxOutput","floor":41.0},{"not_picked":["bronze:Turbo","bronze:WildBeam","bronze:Invalidate"],"picked":"SKIP","floor":42.0},{"not_picked":["bronze:Philosophize","bronze:ItsAFeature"],"picked":"bronze:Turbo+1","floor":46.0},{"not_picked":["bronze:Refactor+1","bronze:FineTuning"],"picked":"bronze:SpaghettiCode","floor":47.0},{"not_picked":["bronze:Return","bronze:WhirlingStrike","bronze:Branch"],"picked":"SKIP","floor":48.0}],"player_experience":766283,"relics_obtained":[{"floor":7.0,"key":"StuffTheSpire:OldFever"},{"floor":9.0,"key":"Smiling Mask"},{"floor":13.0,"key":"Mercury Hourglass"},{"floor":20.0,"key":"WingedGreaves"},{"floor":25.0,"key":"Girya"},{"floor":26.0,"key":"reliquary:SilkGlove"},{"floor":38.0,"key":"StSpp:BrokenTotem"},{"floor":41.0,"key":"reliquary:Knoch"},{"floor":42.0,"key":"wanderingMiniBosses:CarrionFlame"},{"floor":43.0,"key":"Mirror"}],"event_choices":[{"damage_healed":0.0,"max_hp_gain":0.0,"max_hp_loss":0.0,"gold_gain":20.0,"event_name":"Menagerie:CloudVision","player_choice":"Cunning","floor":5.0,"gold_loss":0.0,"damage_taken":0.0,"cards_upgraded":["ConjureBlade"]},{"damage_healed":17.0,"max_hp_gain":0.0,"max_hp_loss":0.0,"gold_gain":0.0,"event_name":"Menagerie:ThreeAnimals","player_choice":"Goat","floor":8.0,"gold_loss":0.0,"damage_taken":0.0},{"damage_healed":0.0,"max_hp_gain":0.0,"max_hp_loss":0.0,"gold_gain":0.0,"event_name":"Elementarium:GreatTreasure","player_choice":"Ignored","floor":19.0,"gold_loss":0.0,"damage_taken":0.0},{"damage_healed":0.0,"max_hp_gain":0.0,"max_hp_loss":0.0,"gold_gain":0.0,"event_name":"Elementarium:BeastsOfTheMenagerie","player_choice":"Follow","floor":20.0,"gold_loss":0.0,"damage_taken":0.0},{"damage_healed":0.0,"max_hp_gain":0.0,"max_hp_loss":0.0,"gold_gain":100.0,"event_name":"Golden Shrine","player_choice":"Pray","floor":36.0,"gold_loss":0.0,"damage_taken":0.0},{"damage_healed":0.0,"max_hp_gain":0.0,"max_hp_loss":0.0,"gold_gain":0.0,"event_name":"Upgrade Shrine","player_choice":"Upgraded","floor":45.0,"gold_loss":0.0,"damage_taken":0.0,"cards_upgraded":["bronze:Virus"]}],"is_beta":false,"boss_relics":[{"not_picked":["Pandora\u0027s Box","Snecko Eye"],"picked":"SlaversCollar"},{"not_picked":["aspiration:PoetsPen_weak","hubris:Stopwatch"],"picked":"reliquary:RedCape"}],"items_purged_floors":[],"is_endless":false,"potions_floor_spawned":[1,4,14,18,21,22,27,33,37,39,46],"killed_by":"Awakened One","ascension_level":1}}