{"host":"5dk97cf2ubw2v967","time":1613147184,"event":{"mods":["AlwaysNeverKeys","BaseMod","Better Altar","Better Vampires","Block Reminder","Card Filter","Colored Powertips","Downfall","Googly Eyes","Highlight Path","Minty Spire (QoL Compilation)","Permanent Neow","Potion Indicator Mod","Quick Restart","Relic Filter","Relic Stats","Say the Spire","Spicy Shops","StSLib","Waifu the Spire","everything is the same but u backflip on backflip"],"gold_per_floor":[115,40,40,57,57,143,143,181,235,235,274,288,288,71,71,164,164,182,182,182,25,38,38,81,81,81,81,117,117,117,136,136,227,227,252,252,127,153,3,42,42,78,78,78,78,94,38,81,81,81,81,81,81,25,69,69,69],"floor_reached":56,"language":"ENG","playtime":1979,"items_purged":["Strike_R","Defend_R","Strike_R","Strike_R"],"score":1912,"play_id":"15490ebe-08af-4697-b50d-b3d2729bd2a0","local_time":"20210212162624","is_ascension_mode":true,"campfire_choices":[{"data":"Flex","floor":7.0,"key":"SMITH"},{"floor":10.0,"key":"REST"},{"data":"Panacea","floor":13.0,"key":"SMITH"},{"data":"Rage","floor":15.0,"key":"SMITH"},{"floor":23.0,"key":"REST"},{"data":"Rage","floor":25.0,"key":"SMITH"},{"floor":27.0,"key":"REST"},{"floor":32.0,"key":"REST"},{"data":"Limit Break","floor":41.0,"key":"SMITH"},{"data":"Inflame","floor":45.0,"key":"SMITH"},{"floor":49,"key":"RECALL"},{"data":"Limit Break","floor":53,"key":"SMITH"}],"circlet_count":0,"master_deck":["AscendersBane","Strike_R","Strike_R","Defend_R","Defend_R+1","Defend_R","Bash+1","Panacea+1","Whirlwind+1","Flex+1","Flame Barrier+1","Dropkick","Uppercut","Rage+1","Rage+1","Limit Break+1","Shrug It Off","Sword Boomerang","Inflame+1","Limit Break+1","Flash of Steel","Shockwave","Reaper","Dark Embrace+1"],"relics":["Burning Blood","Golden Idol","Tiny House","War Paint","Red Skull","Pen Nib","SlaversCollar","PreservedInsect","Question Card","Happy Flower","Anchor","Shuriken","Busted Crown","Calipers","InkBottle","Ice Cream","downfall:ExtraCursedKey","CaptainsWheel","Frozen Eye"],"acts_visited":["Exordium","TheCity","TheBeyond","TheEnding"],"potions_floor_usage":[51,55],"damage_taken":[{"damage":6.0,"enemies":"Small Slimes","floor":1.0,"turns":4.0},{"damage":11.0,"enemies":"Cultist","floor":4.0,"turns":4.0},{"damage":12.0,"enemies":"3 Sentries","floor":6.0,"turns":4.0},{"damage":31.0,"enemies":"Gremlin Nob","floor":8.0,"turns":4.0},{"damage":27.0,"enemies":"Lagavulin","floor":11.0,"turns":6.0},{"damage":0.0,"enemies":"Jaw Worm","floor":12.0,"turns":2.0},{"damage":18.0,"enemies":"Hexaghost","floor":16.0,"turns":5.0},{"damage":28.0,"enemies":"Shell Parasite","floor":18.0,"turns":7.0},{"damage":34.0,"enemies":"Spheric Guardian","floor":22.0,"turns":6.0},{"damage":13.0,"enemies":"Slavers","floor":24.0,"turns":2.0},{"damage":36.0,"enemies":"Book of Stabbing","floor":28.0,"turns":5.0},{"damage":10.0,"enemies":"Colosseum Slavers","floor":30.0,"turns":3.0},{"damage":8.0,"enemies":"Shelled Parasite and Fungi","floor":31.0,"turns":3.0},{"damage":12.0,"enemies":"Champ","floor":33.0,"turns":6.0},{"damage":16.0,"enemies":"3 Darklings","floor":35.0,"turns":5.0},{"damage":9.0,"enemies":"Giant Head","floor":40.0,"turns":4.0},{"damage":5.0,"enemies":"Nemesis","floor":42.0,"turns":7.0},{"damage":15.0,"enemies":"3 Shapes","floor":46.0,"turns":5.0},{"damage":22.0,"enemies":"Reptomancer","floor":48.0,"turns":3.0},{"damage":15,"enemies":"Donu and Deca","floor":50,"turns":4},{"damage":8,"enemies":"Awakened One","floor":51,"turns":6},{"damage":44,"enemies":"Shield and Spear","floor":55,"turns":3},{"damage":94,"enemies":"The Heart","floor":56,"turns":3}],"seed_played":"-4219450101567189698","potions_obtained":[{"floor":4.0,"key":"Fire Potion"},{"floor":11.0,"key":"SpeedPotion"},{"floor":22.0,"key":"SkillPotion"},{"floor":28.0,"key":"Guardian:BlockOnCardUsePotion"},{"floor":33.0,"key":"Swift Potion"},{"floor":40.0,"key":"Block Potion"},{"floor":42.0,"key":"DistilledChaos"}],"is_trial":false,"path_per_floor":["M","$","?","M","?","E","R","E","T","R","E","M","R","$","R","B",null,"M","?","?","$","M","R","E","R","T","R","E","T","?","M","R","B",null,"M","?","$","T","$","E","R","E","T","?","R","M","$","E","R","B","B",null,"R","$","E","B"],"character_chosen":"IRONCLAD","items_purchased":["Rage","PreservedInsect","PowerPotion","Swift Potion"],"campfire_rested":4,"item_purchase_floors":[14,21,47,54],"current_hp_per_floor":[68,68,68,63,63,62,62,37,37,58,37,43,43,43,43,31,63,41,41,41,41,13,34,27,27,27,48,18,18,14,12,33,27,62,52,52,52,52,52,49,49,50,50,50,50,41,41,57,57,48,73,73,73,73,73,0,0],"gold":69,"neow_bonus":"RANDOM_COLORLESS","is_daily":false,"chose_seed":false,"campfire_upgraded":7,"win_rate":0.0,"timestamp":1613147184,"path_taken":["M","$","?","?","?","E","R","E","T","R","E","M","R","$","R","BOSS","M","?","?","$","M","R","E","R","T","R","E","?","?","M","R","BOSS","M","?","?","?","$","E","R","E","T","?","R","M","?","E","R","BOSS","BOSS","R","$","E","BOSS"],"items_purchased_type":["Card","Relic","Potion","Potion"],"build_version":"2020-12-22","purchased_purges":4,"victory":false,"max_hp_per_floor":[75,75,75,75,68,73,73,73,73,73,73,73,73,73,73,73,73,73,73,73,73,73,73,73,73,73,73,73,73,73,73,73,73,73,73,73,73,73,73,73,73,73,73,73,73,73,73,73,73,73,73,73,73,73,73,73,73],"relic_stats":{"Busted Crown":14,"Happy Flower":[19],"counters":[23,101],"Golden Idol":169,"Shuriken":[18],"Pen Nib":[15],"PreservedInsect":401,"War Paint":["Flame Barrier","Defend_R"],"Question Card":10,"obtain_stats":[{"Ice Cream":43,"Tiny House":6,"Calipers":40,"Happy Flower":26,"Golden Idol":5,"Pen Nib":11,"PreservedInsect":21,"War Paint":8,"Question Card":24,"Burning Blood":0,"SlaversCollar":17,"Frozen Eye":55,"Anchor":28,"CaptainsWheel":48,"Busted Crown":34,"Shuriken":29,"downfall:ExtraCursedKey":44,"Red Skull":9,"InkBottle":42},{"Ice Cream":17,"Tiny House":3,"Calipers":16,"Happy Flower":10,"Golden Idol":2,"Pen Nib":5,"PreservedInsect":8,"War Paint":4,"Question Card":10,"Burning Blood":0,"SlaversCollar":7,"Frozen Eye":22,"Anchor":11,"CaptainsWheel":19,"Busted Crown":14,"Shuriken":11,"downfall:ExtraCursedKey":17,"Red Skull":4,"InkBottle":17},{"Ice Cream":77,"Tiny House":12,"Calipers":70,"Happy Flower":44,"Golden Idol":8,"Pen Nib":22,"PreservedInsect":36,"War Paint":16,"Question Card":44,"Burning Blood":0,"SlaversCollar":29,"Frozen Eye":98,"Anchor":49,"CaptainsWheel":85,"Busted Crown":61,"Shuriken":49,"downfall:ExtraCursedKey":77,"Red Skull":16,"InkBottle":77}],"Burning Blood":124,"InkBottle":[12]},"card_choices":[{"not_picked":["Purity","Discovery"],"picked":"Panacea","floor":0.0},{"not_picked":["Warcry","Clothesline"],"picked":"Whirlwind","floor":1.0},{"not_picked":["Armaments","Clothesline"],"picked":"Flex","floor":4.0},{"not_picked":["Infernal Blade","Warcry"],"picked":"Flame Barrier","floor":6.0},{"not_picked":["Uppercut","Double Tap"],"picked":"Dropkick","floor":8.0},{"not_picked":["Infernal Blade","Clothesline"],"picked":"Uppercut","floor":11.0},{"not_picked":["Flex","Body Slam"],"picked":"Rage","floor":12.0},{"not_picked":["Barricade","Feed"],"picked":"Limit Break","floor":16.0},{"not_picked":["Pommel Strike","Second Wind"],"picked":"Shrug It Off","floor":18.0},{"not_picked":["Shrug It Off","Reckless Charge","Anger"],"picked":"SKIP","floor":22.0},{"not_picked":["Thunderclap","Iron Wave"],"picked":"Sword Boomerang","floor":24.0},{"not_picked":["Iron Wave","Cleave","Berserk"],"picked":"Inflame","floor":28.0},{"not_picked":["Cleave","Anger","Shrug It Off","Iron Wave"],"picked":"SKIP","floor":31.0},{"not_picked":["Feed","Demon Form","Double Tap"],"picked":"Limit Break","floor":33.0},{"not_picked":["Armaments+1","Feel No Pain"],"picked":"SKIP","floor":35.0},{"not_picked":["Good Instincts"],"picked":"Flash of Steel","floor":36.0},{"not_picked":["Rage"],"picked":"Shockwave","floor":40.0},{"not_picked":["Twin Strike+1","Warcry+1"],"picked":"SKIP","floor":42.0},{"not_picked":["Spot Weakness+1"],"picked":"Reaper","floor":46.0},{"not_picked":["Feed"],"picked":"Dark Embrace+1","floor":48.0},{"not_picked":["Body Slam","True Grit"],"picked":"SKIP","floor":55}],"player_experience":1309911,"relics_obtained":[{"floor":6.0,"key":"Tiny House"},{"floor":8.0,"key":"War Paint"},{"floor":9.0,"key":"Red Skull"},{"floor":11.0,"key":"Pen Nib"},{"floor":24.0,"key":"Question Card"},{"floor":26.0,"key":"Happy Flower"},{"floor":28.0,"key":"Anchor"},{"floor":29.0,"key":"Shuriken"},{"floor":40.0,"key":"Calipers"},{"floor":42.0,"key":"InkBottle"},{"floor":43.0,"key":"Ice Cream"},{"floor":48.0,"key":"CaptainsWheel"},{"floor":55,"key":"Frozen Eye"}],"event_choices":[{"damage_healed":0.0,"max_hp_gain":0.0,"max_hp_loss":0.0,"gold_gain":0.0,"event_name":"Upgrade Shrine","player_choice":"Upgraded","floor":3.0,"gold_loss":0.0,"damage_taken":0.0,"cards_upgraded":["Whirlwind"]},{"damage_healed":0.0,"max_hp_gain":0.0,"max_hp_loss":7.0,"gold_gain":0.0,"event_name":"Golden Idol","player_choice":"Lose Max HP","floor":5.0,"gold_loss":0.0,"damage_taken":0.0,"relics_obtained":["Golden Idol"]},{"damage_healed":0.0,"max_hp_gain":0.0,"max_hp_loss":0.0,"gold_gain":0.0,"event_name":"Colosseum","player_choice":"Fight","floor":30.0,"gold_loss":0.0,"damage_taken":0.0},{"damage_healed":0.0,"max_hp_gain":0.0,"max_hp_loss":0.0,"gold_gain":0.0,"event_name":"Colosseum","player_choice":"Fled From Nobs","floor":30.0,"gold_loss":0.0,"damage_taken":0.0},{"damage_healed":0.0,"max_hp_gain":0.0,"max_hp_loss":0.0,"gold_gain":0.0,"event_name":"SensoryStone","player_choice":"Memory 1","floor":36.0,"gold_loss":0.0,"damage_taken":0.0}],"is_beta":false,"boss_relics":[{"not_picked":["Fusion Hammer","Calling Bell"],"picked":"SlaversCollar"},{"not_picked":["Astrolabe","Snecko Eye"],"picked":"Busted Crown"}],"items_purged_floors":[2,14,37,39],"is_endless":false,"potions_floor_spawned":[4,11,22,28,30,33,40,42],"killed_by":"The Heart","ascension_level":20}}