{"host":"tjq6rykv202u6iqx","time":1613152754,"event":{"mods":["AchievementEnabler","BaseMod","Minty Spire (QoL Compilation)","Rare Cards Sparkle","Relic Stats"],"gold_per_floor":[217,230,230,245,40,40,70,70,70,70,104,115,149,149,149,223,223,242,242,26,46,61,61,96,96,165,115,142,192,204,231,231,310,310,322,338,122,138,152,152,177,210,235,235,268,268,268,303,303,303,303,303,303,74,100,100],"floor_reached":57,"language":"ENG","playtime":8071,"items_purged":["Strike_R","Writhe","Strike_R","Strike_R","Anger"],"score":2953,"play_id":"f15e15cf-6eeb-43d7-b78f-3684d9f8bf30","local_time":"20210212115914","is_ascension_mode":true,"campfire_choices":[{"data":"Bash","floor":6.0,"key":"SMITH"},{"data":"Immolate","floor":8.0,"key":"SMITH"},{"data":"Twin Strike","floor":10.0,"key":"SMITH"},{"data":"Immolate","floor":15.0,"key":"SMITH"},{"data":"Battle Trance","floor":23.0,"key":"SMITH"},{"data":"Pommel Strike","floor":25.0,"key":"SMITH"},{"data":"True Grit","floor":32.0,"key":"SMITH"},{"data":"Evolve","floor":40.0,"key":"SMITH"},{"floor":44.0,"key":"RECALL"},{"data":"Burning Pact","floor":46.0,"key":"SMITH"},{"data":"Feel No Pain","floor":49.0,"key":"SMITH"},{"floor":53,"key":"REST"}],"circlet_count":0,"master_deck":["AscendersBane","Strike_R+1","Strike_R+1","Defend_R+1","Defend_R","Defend_R","Defend_R","Bash+1","Power Through","Twin Strike+1","Combust","True Grit+1","Immolate+1","Inflame","Pommel Strike+1","Immolate+1","Offering","Battle Trance+1","Disarm+1","Shrug It Off","Fire Breathing","Dark Embrace","Feel No Pain+1","Bloodletting+1","Demon Form","Rupture+1","Warcry+1","Corruption","Carnage+1","Evolve+1","Immolate","Sever Soul+1","Burning Pact+1","Reckless Charge+1","Limit Break","Corruption","Dual Wield"],"relics":["Burning Blood","Smiling Mask","Thread and Needle","Lantern","Akabeko","Meat on the Bone","SlaversCollar","Matryoshka","Orrery","Ornamental Fan","Self Forming Clay","Question Card","Potion Belt","StoneCalendar","Sozu","Torii","Lizard Tail","Centennial Puzzle","Calipers","Strawberry","Whetstone"],"acts_visited":["Exordium","TheCity","TheBeyond","TheEnding"],"potions_floor_usage":[55,56,56],"damage_taken":[{"damage":7.0,"enemies":"Cultist","floor":1.0,"turns":4.0},{"damage":21.0,"enemies":"Jaw Worm","floor":2.0,"turns":7.0},{"damage":3.0,"enemies":"2 Louse","floor":4.0,"turns":3.0},{"damage":8.0,"enemies":"Lagavulin","floor":7.0,"turns":5.0},{"damage":7.0,"enemies":"3 Sentries","floor":11.0,"turns":4.0},{"damage":5.0,"enemies":"Red Slaver","floor":12.0,"turns":2.0},{"damage":11.0,"enemies":"Lagavulin","floor":13.0,"turns":6.0},{"damage":4.0,"enemies":"Slime Boss","floor":16.0,"turns":6.0},{"damage":0.0,"enemies":"3 Byrds","floor":18.0,"turns":2.0},{"damage":0.0,"enemies":"2 Thieves","floor":21.0,"turns":3.0},{"damage":15.0,"enemies":"Snake Plant","floor":22.0,"turns":4.0},{"damage":32.0,"enemies":"Book of Stabbing","floor":24.0,"turns":5.0},{"damage":13.0,"enemies":"Gremlin Leader","floor":28.0,"turns":7.0},{"damage":8.0,"enemies":"Centurion and Healer","floor":30.0,"turns":3.0},{"damage":18.0,"enemies":"Book of Stabbing","floor":31.0,"turns":4.0},{"damage":19.0,"enemies":"Automaton","floor":33.0,"turns":6.0},{"damage":0.0,"enemies":"3 Darklings","floor":35.0,"turns":1.0},{"damage":6.0,"enemies":"3 Shapes","floor":36.0,"turns":2.0},{"damage":33.0,"enemies":"Maw","floor":38.0,"turns":7.0},{"damage":15.0,"enemies":"Writhing Mass","floor":39.0,"turns":6.0},{"damage":0.0,"enemies":"Mind Bloom Boss Battle","floor":41.0,"turns":7.0},{"damage":10.0,"enemies":"Giant Head","floor":42.0,"turns":5.0},{"damage":22.0,"enemies":"Nemesis","floor":45.0,"turns":5.0},{"damage":8.0,"enemies":"Reptomancer","floor":48.0,"turns":5.0},{"damage":28,"enemies":"Awakened One","floor":50,"turns":6},{"damage":50,"enemies":"Donu and Deca","floor":51,"turns":7},{"damage":72,"enemies":"Shield and Spear","floor":55,"turns":6},{"damage":25,"enemies":"The Heart","floor":56,"turns":8}],"seed_played":"180320476488687101","potions_obtained":[{"floor":1.0,"key":"SteroidPotion"},{"floor":4.0,"key":"AttackPotion"},{"floor":7.0,"key":"Regen Potion"},{"floor":16.0,"key":"EssenceOfSteel"},{"floor":24.0,"key":"SkillPotion"},{"floor":31.0,"key":"Weak Potion"},{"floor":33.0,"key":"ColorlessPotion"}],"is_trial":false,"path_per_floor":["M","M","T","M","$","R","E","R","T","R","E","M","E","?","R","B",null,"M","?","$","M","M","R","E","R","T","$","E","?","M","E","R","B",null,"M","M","$","M","M","R","?","E","T","R","E","R","?","E","R","B","B",null,"R","$","E","B",null],"character_chosen":"IRONCLAD","items_purchased":["Twin Strike","Combust","True Grit","Orrery","Evolve","Immolate","Corruption"],"campfire_rested":1,"item_purchase_floors":[5,5,5,20,37,37,54],"current_hp_per_floor":[67,52,52,55,55,55,53,53,53,53,52,53,63,40,40,54,70,75,75,75,75,66,66,52,52,52,52,45,45,55,55,55,54,70,75,75,75,48,51,51,57,53,53,53,49,49,45,62,62,52,20,67,82,82,28,21],"gold":100,"neow_bonus":"HUNDRED_GOLD","is_daily":false,"chose_seed":false,"campfire_upgraded":10,"win_rate":0.0,"timestamp":1613152754,"path_taken":["M","M","?","M","$","R","E","R","T","R","E","M","E","?","R","BOSS","M","?","$","M","M","R","E","R","T","$","E","?","M","E","R","BOSS","M","?","$","M","M","R","?","E","T","R","E","R","?","E","R","BOSS","BOSS","R","$","E","BOSS"],"items_purchased_type":["Card","Card","Card","Relic","Card","Card","Card"],"build_version":"2020-12-22","purchased_purges":5,"victory":true,"max_hp_per_floor":[75,75,75,75,75,75,75,75,75,75,75,75,75,75,75,75,75,75,75,75,75,75,75,75,75,75,75,75,75,75,75,75,75,75,75,75,75,75,75,75,75,75,75,75,75,75,75,82,82,82,82,82,82,82,82,82],"relic_stats":{"Torii":16,"counters":[28,136],"Self Forming Clay":[267],"StoneCalendar":[58],"Whetstone":["Strike_R","Reckless Charge"],"Smiling Mask":375,"Question Card":13,"Burning Blood":160,"Sozu":3,"Lizard Tail":0,"Centennial Puzzle":[18],"Ornamental Fan":[120],"obtain_stats":[{"Potion Belt":28,"Lantern":9,"Calipers":45,"Torii":41,"Self Forming Clay":26,"Thread and Needle":7,"StoneCalendar":31,"Whetstone":55,"Smiling Mask":3,"Question Card":26,"Burning Blood":0,"Akabeko":11,"Sozu":34,"SlaversCollar":17,"Lizard Tail":42,"Centennial Puzzle":43,"Matryoshka":19,"Ornamental Fan":24,"Strawberry":48,"Orrery":20,"Meat on the Bone":13},{"Potion Belt":13,"Lantern":4,"Calipers":23,"Torii":21,"Self Forming Clay":12,"Thread and Needle":4,"StoneCalendar":15,"Whetstone":27,"Smiling Mask":2,"Question Card":12,"Burning Blood":0,"Akabeko":5,"Sozu":16,"SlaversCollar":8,"Lizard Tail":22,"Centennial Puzzle":22,"Matryoshka":9,"Ornamental Fan":12,"Strawberry":24,"Orrery":9,"Meat on the Bone":7},{"Potion Belt":58,"Lantern":19,"Calipers":104,"Torii":94,"Self Forming Clay":51,"Thread and Needle":19,"StoneCalendar":65,"Whetstone":128,"Smiling Mask":11,"Question Card":51,"Burning Blood":0,"Akabeko":23,"Sozu":71,"SlaversCollar":37,"Lizard Tail":99,"Centennial Puzzle":99,"Matryoshka":39,"Ornamental Fan":51,"Strawberry":109,"Orrery":39,"Meat on the Bone":31}],"Meat on the Bone":144},"card_choices":[{"not_picked":["Fire Breathing","Shockwave"],"picked":"Power Through","floor":1.0},{"not_picked":["Shrug It Off","Clothesline"],"picked":"Anger","floor":2.0},{"not_picked":["Body Slam","Seeing Red","Perfected Strike"],"picked":"SKIP","floor":4.0},{"not_picked":["Perfected Strike","Havoc"],"picked":"Immolate","floor":7.0},{"not_picked":["Spot Weakness","Perfected Strike"],"picked":"Inflame","floor":11.0},{"not_picked":["True Grit","Warcry"],"picked":"Pommel Strike","floor":12.0},{"not_picked":["Clothesline","Anger"],"picked":"Immolate","floor":13.0},{"not_picked":["Brutality","Reaper"],"picked":"Offering","floor":16.0},{"not_picked":["Headbutt","Uppercut"],"picked":"Battle Trance","floor":18.0},{"not_picked":["Pommel Strike","Armaments+1"],"picked":"Disarm+1","floor":20.0},{"not_picked":["Juggernaut","Heavy Blade"],"picked":"Shrug It Off","floor":20.0},{"not_picked":["Clash","Flex"],"picked":"Fire Breathing","floor":20.0},{"not_picked":["Havoc","Sword Boomerang"],"picked":"Dark Embrace","floor":20.0},{"not_picked":["Flex","Perfected Strike"],"picked":"Feel No Pain","floor":21.0},{"not_picked":["Rupture","Pommel Strike"],"picked":"Bloodletting+1","floor":22.0},{"not_picked":["Combust","Cleave"],"picked":"Demon Form","floor":24.0},{"not_picked":["Heavy Blade","Headbutt","Sentinel+1"],"picked":"Rupture+1","floor":28.0},{"not_picked":["Havoc","Thunderclap","Blood for Blood","Sword Boomerang"],"picked":"SKIP","floor":30.0},{"not_picked":["Shrug It Off","Perfected Strike","Flex"],"picked":"Warcry+1","floor":31.0},{"not_picked":["Fiend Fire","Exhume","Demon Form"],"picked":"Corruption","floor":33.0},{"not_picked":["Cleave","Iron Wave","Warcry+1"],"picked":"Carnage+1","floor":35.0},{"not_picked":["Pummel","Anger","Perfected Strike","Clothesline"],"picked":"SKIP","floor":36.0},{"not_picked":["Body Slam","Dark Embrace","Heavy Blade"],"picked":"Sever Soul+1","floor":38.0},{"not_picked":["Clothesline+1","Spot Weakness","Body Slam"],"picked":"Burning Pact","floor":39.0},{"not_picked":["Inflame","Flex","Body Slam+1"],"picked":"Reckless Charge","floor":41.0},{"not_picked":["Pommel Strike+1","Cleave+1","Wild Strike"],"picked":"Limit Break","floor":42.0},{"not_picked":["Iron Wave","Warcry","Pommel Strike","Juggernaut"],"picked":"SKIP","floor":45.0},{"not_picked":["Iron Wave","Feel No Pain","Sword Boomerang","Body Slam"],"picked":"SKIP","floor":48.0},{"not_picked":["Clothesline+1","Metallicize","Perfected Strike"],"picked":"Dual Wield","floor":55}],"player_experience":946558,"relics_obtained":[{"floor":3.0,"key":"Smiling Mask"},{"floor":7.0,"key":"Thread and Needle"},{"floor":9.0,"key":"Lantern"},{"floor":11.0,"key":"Akabeko"},{"floor":13.0,"key":"Meat on the Bone"},{"floor":24.0,"key":"Ornamental Fan"},{"floor":26.0,"key":"Self Forming Clay"},{"floor":26.0,"key":"Question Card"},{"floor":28.0,"key":"Potion Belt"},{"floor":31.0,"key":"StoneCalendar"},{"floor":41.0,"key":"Torii"},{"floor":42.0,"key":"Lizard Tail"},{"floor":43.0,"key":"Centennial Puzzle"},{"floor":45.0,"key":"Calipers"},{"floor":48.0,"key":"Strawberry"},{"floor":55,"key":"Whetstone"}],"event_choices":[{"damage_healed":0.0,"max_hp_gain":0.0,"max_hp_loss":0.0,"gold_gain":0.0,"event_name":"Shining Light","player_choice":"Entered Light","floor":14.0,"gold_loss":0.0,"damage_taken":23.0,"cards_upgraded":["Strike_R","Defend_R"]},{"damage_healed":0.0,"max_hp_gain":0.0,"max_hp_loss":0.0,"gold_gain":0.0,"event_name":"The Mausoleum","player_choice":"Opened","floor":19.0,"gold_loss":0.0,"damage_taken":0.0,"relics_obtained":["Matryoshka"],"cards_obtained":["Writhe"]},{"damage_healed":0.0,"max_hp_gain":0.0,"max_hp_loss":0.0,"gold_gain":100.0,"event_name":"The Joust","player_choice":"Bet on Murderer","floor":29.0,"gold_loss":50.0,"damage_taken":0.0},{"damage_healed":0.0,"max_hp_gain":0.0,"max_hp_loss":0.0,"gold_gain":0.0,"event_name":"MindBloom","player_choice":"Fight","floor":41.0,"gold_loss":0.0,"damage_taken":0.0},{"damage_healed":0.0,"max_hp_gain":0.0,"max_hp_loss":0.0,"gold_gain":0.0,"event_name":"The Woman in Blue","player_choice":"Bought 0 Potions","floor":47.0,"gold_loss":0.0,"damage_taken":0.0}],"is_beta":false,"boss_relics":[{"not_picked":["Ectoplasm","Coffee Dripper"],"picked":"SlaversCollar"},{"not_picked":["Black Blood","Runic Cube"],"picked":"Sozu"}],"items_purged_floors":[5,20,27,37,54],"is_endless":false,"potions_floor_spawned":[1,4,7,12,16,18,24,31,33,39,48,55],"ascension_level":20}}