{"host":"syozzdlzcqop4jia","time":1613172499,"event":{"mods":["AchievementEnabler","BaseMod","Colored Map","Colored Powertips","Minty Spire (QoL Compilation)","Quick Restart"],"gold_per_floor":[110,121,121,24,24,24,43,43,66,80,44,63,63,88,88,88,88],"floor_reached":16,"language":"ENG","playtime":713,"items_purged":[],"score":100,"play_id":"92ce2053-3460-4ce1-9345-960e080a2b0e","local_time":"20210213002819","is_ascension_mode":false,"campfire_choices":[{"floor":6,"key":"RECALL"},{"floor":8,"key":"REST"},{"floor":15,"key":"REST"}],"circlet_count":0,"master_deck":["Strike_B","Strike_B","Strike_B","Strike_B","Defend_B","Defend_B","Defend_B","Zap","Dualcast","BootSequence","Rebound","Storm","Defragment","Streamline","Ball Lightning","Capacitor","Melter","Ball Lightning","Melter"],"relics":["Cracked Core","Regal Pillow","Eternal Feather","Frozen Egg 2"],"acts_visited":["Exordium"],"potions_floor_usage":[],"damage_taken":[{"damage":0,"enemies":"Small Slimes","floor":1,"turns":3},{"damage":2,"enemies":"Jaw Worm","floor":2,"turns":3},{"damage":5,"enemies":"Cultist","floor":7,"turns":4},{"damage":0,"enemies":"Looter","floor":10,"turns":2},{"damage":2,"enemies":"Blue Slaver","floor":12,"turns":3},{"damage":31,"enemies":"Lagavulin","floor":14,"turns":5},{"damage":78,"enemies":"Hexaghost","floor":16,"turns":7}],"seed_played":"-8979700042606159547","potions_obtained":[{"floor":2,"key":"DistilledChaos"},{"floor":7,"key":"Energy Potion"},{"floor":10,"key":"Block Potion"}],"is_trial":false,"path_per_floor":["M","M","?","$","?","R","M","R","T","M","$","M","T","E","R","B"],"character_chosen":"DEFECT","items_purchased":["Defragment","Streamline","Melter"],"campfire_rested":2,"item_purchase_floors":[4,4,11],"current_hp_per_floor":[75,73,66,66,63,63,58,75,75,75,75,73,73,42,75,0,0],"gold":88,"neow_bonus":"THREE_CARDS","is_daily":false,"chose_seed":false,"campfire_upgraded":0,"win_rate":0.0,"timestamp":1613172499,"path_taken":["M","M","?","$","?","R","M","R","T","M","?","M","?","E","R","BOSS"],"items_purchased_type":["Card","Card","Card"],"build_version":"2020-12-22","purchased_purges":0,"victory":false,"max_hp_per_floor":[75,75,75,75,75,75,75,75,75,75,75,75,75,75,75,75,75],"card_choices":[{"not_picked":["Turbo","Steam"],"picked":"BootSequence","floor":0},{"not_picked":["Turbo","Steam Power"],"picked":"Rebound","floor":1},{"not_picked":["Steam","Sweeping Beam"],"picked":"Storm","floor":2},{"not_picked":["Reboot","Streamline"],"picked":"Ball Lightning","floor":7},{"not_picked":["Turbo","Coolheaded"],"picked":"Capacitor","floor":10},{"not_picked":["Compile Driver","Static Discharge"],"picked":"Ball Lightning","floor":12},{"not_picked":["Rebound","Streamline"],"picked":"Melter","floor":14}],"player_experience":705566,"relics_obtained":[{"floor":13,"key":"Eternal Feather"},{"floor":14,"key":"Frozen Egg 2"}],"event_choices":[{"cards_removed":["Defend_B"],"damage_healed":0,"gold_gain":0,"player_choice":"Card Removal","damage_taken":7,"max_hp_gain":0,"max_hp_loss":0,"event_name":"Golden Wing","floor":3,"gold_loss":0},{"damage_healed":0,"gold_gain":0,"player_choice":"Success","damage_taken":3,"relics_obtained":["Regal Pillow"],"max_hp_gain":0,"max_hp_loss":0,"event_name":"Scrap Ooze","floor":5,"gold_loss":0}],"is_beta":false,"boss_relics":[],"items_purged_floors":[],"is_endless":false,"potions_floor_spawned":[2,7,10],"killed_by":"Hexaghost","ascension_level":0}}