{"host":"9bcvatsnbq1a3xq4","time":1613134497,"event":{"mods":["BaseMod","Bestiary","Block Reminder","Highlight Path","Minty Spire (QoL Compilation)","Relic Stats","ojb\u0027s Info Mod"],"gold_per_floor":[111,111,121,134,147,181,181,209,234,234,234,259,276,287,287,359,359,379,390,164,176,176,176,186,186,186,206,222,222,235,262,262,337,337,353,194,209,48,48,48,65,91,141,141,141,171,187,202,202,202,202],"floor_reached":50,"language":"ENG","playtime":5389,"items_purged":["Strike_G","Defend_G"],"score":1121,"play_id":"e125a672-8149-4687-abfa-673c0641d503","local_time":"20210212135457","is_ascension_mode":true,"campfire_choices":[{"data":"Bane","floor":7,"key":"SMITH"},{"floor":10,"key":"REST"},{"data":"Footwork","floor":15,"key":"SMITH"},{"floor":23,"key":"REST"},{"data":"Venomology","floor":25,"key":"SMITH"},{"data":"Night Terror","floor":29,"key":"SMITH"},{"data":"Malaise","floor":32,"key":"SMITH"},{"data":"Catalyst","floor":40,"key":"SMITH"},{"data":"Blade Dance","floor":45,"key":"SMITH"},{"floor":49,"key":"RECALL"}],"circlet_count":0,"master_deck":["AscendersBane","Defend_G","Defend_G","Defend_G","Defend_G","Survivor","Neutralize","Bane+1","Malaise+1","Poisoned Stab","Finisher","Infinite Blades","Deadly Poison","Heel Hook","Dash","Footwork+1","Deflect","Venomology+1","Crippling Poison+1","Concentrate+1","Footwork+1","Terror+1","Accuracy+1","Night Terror+1","PiercingWail","Caltrops","Escape Plan","Blade Dance+1","Dodge and Roll","Tools of the Trade","Expertise","Backflip","Catalyst+1","Acrobatics","Reflex+1","Dodge and Roll+1","Wraith Form v2"],"relics":["Ring of the Snake","Letter Opener","Lantern","Akabeko","Vajra","Astrolabe","Bird Faced Urn","MealTicket","Coffee Dripper","OrangePellets","StrikeDummy","Bag of Marbles"],"acts_visited":["Exordium","TheCity","TheBeyond"],"potions_floor_usage":[6,8,18,18,19,19,21,24,27,28,28,31,31,31,35,41,42,44,44,48,48,50,50],"damage_taken":[{"damage":9,"enemies":"Cultist","floor":1,"turns":5},{"damage":3,"enemies":"Small Slimes","floor":3,"turns":5},{"damage":1,"enemies":"2 Louse","floor":4,"turns":3},{"damage":0,"enemies":"Looter","floor":5,"turns":4},{"damage":23,"enemies":"3 Sentries","floor":6,"turns":10},{"damage":9,"enemies":"Lagavulin","floor":8,"turns":6},{"damage":25,"enemies":"3 Sentries","floor":12,"turns":8},{"damage":0,"enemies":"2 Fungi Beasts","floor":13,"turns":3},{"damage":4,"enemies":"Large Slime","floor":14,"turns":5},{"damage":7,"enemies":"The Guardian","floor":16,"turns":11},{"damage":19,"enemies":"Chosen","floor":18,"turns":6},{"damage":4,"enemies":"Shell Parasite","floor":19,"turns":6},{"damage":3,"enemies":"Centurion and Healer","floor":21,"turns":8},{"damage":0,"enemies":"Cultist and Chosen","floor":24,"turns":8},{"damage":12,"enemies":"Snecko","floor":27,"turns":8},{"damage":0,"enemies":"3 Cultists","floor":28,"turns":5},{"damage":34,"enemies":"Shelled Parasite and Fungi","floor":30,"turns":9},{"damage":8,"enemies":"Slavers","floor":31,"turns":5},{"damage":28,"enemies":"Champ","floor":33,"turns":19},{"damage":8,"enemies":"3 Darklings","floor":35,"turns":5},{"damage":11,"enemies":"Orb Walker","floor":37,"turns":5},{"damage":7,"enemies":"Spire Growth","floor":41,"turns":7},{"damage":28,"enemies":"Giant Head","floor":42,"turns":10},{"damage":0,"enemies":"3 Darklings","floor":44,"turns":3},{"damage":30,"enemies":"Nemesis","floor":46,"turns":9},{"damage":30,"enemies":"Writhing Mass","floor":47,"turns":6},{"damage":0,"enemies":"Transient","floor":48,"turns":6},{"damage":52,"enemies":"Awakened One","floor":50,"turns":17}],"seed_played":"-3514178887515704727","potions_obtained":[{"floor":4,"key":"CunningPotion"},{"floor":6,"key":"CultistPotion"},{"floor":12,"key":"PowerPotion"},{"floor":13,"key":"Fire Potion"},{"floor":19,"key":"Ancient Potion"},{"floor":21,"key":"BlessingOfTheForge"},{"floor":27,"key":"SkillPotion"},{"floor":30,"key":"Regen Potion"},{"floor":33,"key":"Poison Potion"},{"floor":46,"key":"SteroidPotion"}],"is_trial":false,"path_per_floor":["M","?","M","M","M","E","R","E","T","R","?","E","M","M","R","B",null,"M","M","$","M","?","R","M","R","T","M","M","R","M","E","R","B",null,"M","$","M","$","?","R","M","E","T","M","R","E","M","M","R","B"],"character_chosen":"THE_SILENT","items_purchased":["Night Terror","Backflip","OrangePellets"],"campfire_rested":2,"item_purchase_floors":[20,36,38],"current_hp_per_floor":[56,56,53,52,52,29,29,20,20,41,72,47,47,43,43,36,63,44,40,40,37,17,40,40,40,40,36,44,44,24,38,38,26,64,66,77,72,77,73,73,73,59,59,65,65,45,29,39,39,0,0],"gold":202,"neow_bonus":"TEN_PERCENT_HP_BONUS","is_daily":false,"chose_seed":false,"campfire_upgraded":7,"win_rate":0.0,"timestamp":1613134497,"path_taken":["M","?","M","M","M","E","R","E","T","R","?","E","?","M","R","BOSS","M","M","$","M","?","R","M","R","T","M","M","R","M","E","R","BOSS","M","$","M","$","?","R","M","E","T","M","R","E","M","M","R","BOSS"],"items_purchased_type":["Card","Card","Relic"],"build_version":"2020-12-22","purchased_purges":2,"victory":false,"max_hp_per_floor":[72,72,72,72,72,72,72,72,72,72,72,72,72,72,72,72,72,72,72,72,72,77,77,77,77,77,77,77,77,77,77,77,77,77,77,77,77,77,73,73,73,73,73,73,73,73,73,73,73,73,73],"relic_stats":{"OrangePellets":[7],"counters":[28,202],"Astrolabe":["Crippling Poison","Concentrate","Footwork"],"Bird Faced Urn":[141],"MealTicket":16,"Letter Opener":[365],"obtain_stats":[{"OrangePellets":38,"Lantern":8,"Astrolabe":17,"Bird Faced Urn":26,"Vajra":12,"MealTicket":31,"Coffee Dripper":34,"Bag of Marbles":46,"Letter Opener":6,"StrikeDummy":42,"Akabeko":9,"Ring of the Snake":0},{"OrangePellets":21,"Lantern":6,"Astrolabe":10,"Bird Faced Urn":14,"Vajra":7,"MealTicket":18,"Coffee Dripper":19,"Bag of Marbles":25,"Letter Opener":5,"StrikeDummy":23,"Akabeko":6,"Ring of the Snake":0},{"OrangePellets":144,"Lantern":33,"Astrolabe":60,"Bird Faced Urn":88,"Vajra":41,"MealTicket":115,"Coffee Dripper":134,"Bag of Marbles":173,"Letter Opener":27,"StrikeDummy":161,"Akabeko":33,"Ring of the Snake":0}],"Ring of the Snake":[56]},"card_choices":[{"not_picked":["Outmaneuver","Acrobatics"],"picked":"Bane","floor":1},{"not_picked":["PiercingWail","Night Terror"],"picked":"Poisoned Stab","floor":3},{"not_picked":["Underhanded Strike","Accuracy"],"picked":"Finisher","floor":4},{"not_picked":["Bane","Blade Dance"],"picked":"Infinite Blades","floor":5},{"not_picked":["Expertise","Dagger Throw"],"picked":"Deadly Poison","floor":6},{"not_picked":["Grand Finale","Backflip"],"picked":"Heel Hook","floor":8},{"not_picked":["Bullet Time","Skewer"],"picked":"Dash","floor":12},{"not_picked":["Riddle With Holes","Flying Knee"],"picked":"Footwork","floor":13},{"not_picked":["Bouncing Flask","Predator"],"picked":"Deflect","floor":14},{"not_picked":["Doppelganger","Phantasmal Killer"],"picked":"Venomology","floor":16},{"not_picked":["Dodge and Roll","Blade Dance"],"picked":"Terror+1","floor":18},{"not_picked":["Tactician+1","Deflect"],"picked":"Accuracy+1","floor":19},{"not_picked":["Underhanded Strike","Blade Dance"],"picked":"PiercingWail","floor":21},{"not_picked":["Leg Sweep","Bane"],"picked":"Caltrops","floor":24},{"not_picked":["Deflect","Dagger Spray","PiercingWail"],"picked":"SKIP","floor":27},{"not_picked":["Crippling Poison+1","Poisoned Stab"],"picked":"Escape Plan","floor":28},{"not_picked":["Bane","Storm of Steel"],"picked":"Blade Dance","floor":30},{"not_picked":["Flying Knee","Quick Slash+1"],"picked":"Dodge and Roll","floor":31},{"not_picked":["Venomology","Storm of Steel"],"picked":"Tools of the Trade","floor":33},{"not_picked":["Deadly Poison","Outmaneuver"],"picked":"Expertise","floor":35},{"not_picked":["Bouncing Flask","Deadly Poison"],"picked":"Catalyst","floor":37},{"not_picked":["Cloak And Dagger","Quick Slash+1"],"picked":"Acrobatics","floor":41},{"not_picked":["Expertise","Escape Plan"],"picked":"Reflex+1","floor":42},{"not_picked":["Flying Knee","Deflect","Caltrops+1"],"picked":"SKIP","floor":46},{"not_picked":["Setup","Flying Knee+1"],"picked":"Dodge and Roll+1","floor":47},{"not_picked":["Endless Agony","Backflip"],"picked":"Wraith Form v2","floor":48}],"player_experience":843864,"relics_obtained":[{"floor":6,"key":"Letter Opener"},{"floor":8,"key":"Lantern"},{"floor":9,"key":"Akabeko"},{"floor":12,"key":"Vajra"},{"floor":26,"key":"Bird Faced Urn"},{"floor":31,"key":"MealTicket"},{"floor":42,"key":"StrikeDummy"},{"floor":46,"key":"Bag of Marbles"}],"event_choices":[{"damage_healed":0,"gold_gain":0,"cards_transformed":["Strike_G"],"player_choice":"Change","damage_taken":0,"max_hp_gain":0,"max_hp_loss":0,"event_name":"Living Wall","floor":2,"gold_loss":0,"cards_obtained":["Malaise"]},{"damage_healed":31,"gold_gain":0,"player_choice":"Full Heal","damage_taken":0,"max_hp_gain":0,"max_hp_loss":0,"event_name":"Wheel of Change","floor":11,"gold_loss":0},{"damage_healed":0,"gold_gain":0,"player_choice":"Shed Blood","damage_taken":25,"max_hp_gain":5,"max_hp_loss":0,"event_name":"Forgotten Altar","floor":22,"gold_loss":0},{"damage_healed":0,"gold_gain":0,"player_choice":"Max HP","damage_taken":0,"max_hp_gain":0,"max_hp_loss":4,"event_name":"Winding Halls","floor":39,"gold_loss":0}],"is_beta":false,"boss_relics":[{"not_picked":["Sozu","Empty Cage"],"picked":"Astrolabe"},{"not_picked":["Black Star","SacredBark"],"picked":"Coffee Dripper"}],"items_purged_floors":[20,36],"is_endless":false,"potions_floor_spawned":[4,6,12,13,19,21,27,30,33,44,46,47],"killed_by":"Awakened One","ascension_level":20}}