{"host":"28p8ce41sjwa6lzf","time":1613147564,"event":{"mods":["BaseMod","Bestiary","Colored Map","Colored Powertips","Dark Map","Highlight Path","Minty Spire (QoL Compilation)","Permanent Neow","Quick Restart","Random Character Button","Rare Cards Sparkle","Relic Stats","StSLib","Unceasing Turn Reminder"],"gold_per_floor":[113,123,48,60,72,98,98,98,98,23,36,36,64,80,80,80,80],"floor_reached":16,"language":"ENG","playtime":640,"items_purged":["Defend_P"],"score":224,"play_id":"9d97b1d3-a054-465d-ac50-c250e61c21b3","local_time":"20210212103244","is_ascension_mode":true,"campfire_choices":[{"data":"Judgement","floor":8.0,"key":"SMITH"},{"data":"EmptyFist","floor":12.0,"key":"SMITH"},{"data":"WheelKick","floor":15,"key":"SMITH"}],"circlet_count":0,"master_deck":["AscendersBane","Strike_P","Strike_P","Strike_P","Strike_P","Defend_P","Defend_P","Eruption","Vigilance","Judgement+1","FlurryOfBlows","BowlingBash","Meditate","Evaluate","EmptyFist+1","Meditate","WheelKick+1","LessonLearned"],"relics":["PureWater","Pear","Eternal Feather","Mercury Hourglass"],"acts_visited":["Exordium"],"potions_floor_usage":[13,16],"damage_taken":[{"damage":0.0,"enemies":"Small Slimes","floor":1.0,"turns":3.0},{"damage":7.0,"enemies":"Jaw Worm","floor":2.0,"turns":2.0},{"damage":0.0,"enemies":"Cultist","floor":4.0,"turns":3.0},{"damage":16.0,"enemies":"3 Louse","floor":5.0,"turns":2.0},{"damage":13.0,"enemies":"3 Sentries","floor":6.0,"turns":5.0},{"damage":8.0,"enemies":"Exordium Thugs","floor":11.0,"turns":3.0},{"damage":15,"enemies":"Lagavulin","floor":13,"turns":3},{"damage":4,"enemies":"Red Slaver","floor":14,"turns":2},{"damage":31,"enemies":"Hexaghost","floor":16,"turns":7}],"seed_played":"-3853926979733699350","potions_obtained":[{"floor":1.0,"key":"StancePotion"},{"floor":5.0,"key":"PowerPotion"},{"floor":6.0,"key":"EssenceOfSteel"},{"floor":11.0,"key":"Ambrosia"}],"is_trial":false,"path_per_floor":["M","M","?","M","M","E","?","R","T","$","M","R","E","M","R","B"],"character_chosen":"WATCHER","items_purchased":[],"campfire_rested":0,"item_purchase_floors":[],"current_hp_per_floor":[61,54,54,54,38,35,35,35,35,35,27,36,21,17,26,0,0],"gold":80,"neow_bonus":"ONE_RANDOM_RARE_CARD","is_daily":false,"chose_seed":false,"campfire_upgraded":3,"win_rate":0.0,"timestamp":1613147564,"path_taken":["M","M","?","M","M","E","?","R","T","?","M","R","E","M","R","BOSS"],"items_purchased_type":[],"build_version":"2020-12-22","purchased_purges":1,"victory":false,"max_hp_per_floor":[68,68,68,68,68,78,78,78,78,78,78,78,78,78,78,78,78],"relic_stats":{"counters":[9,30],"Eternal Feather":18,"obtain_stats":[{"Pear":6,"Eternal Feather":9,"PureWater":0,"Mercury Hourglass":13},{"Pear":5,"Eternal Feather":5,"PureWater":0,"Mercury Hourglass":7},{"Pear":15,"Eternal Feather":15,"PureWater":0,"Mercury Hourglass":21}],"Mercury Hourglass":[24]},"card_choices":[{"not_picked":["Crescendo","Halt"],"picked":"FlurryOfBlows","floor":1.0},{"not_picked":["JustLucky","Adaptation"],"picked":"BowlingBash","floor":2.0},{"not_picked":["Evaluate","Weave"],"picked":"Meditate","floor":4.0},{"not_picked":["Study","DeceiveReality"],"picked":"Evaluate","floor":5.0},{"not_picked":["Consecrate","InnerPeace"],"picked":"EmptyFist","floor":6.0},{"not_picked":["Consecrate","PathToVictory"],"picked":"Meditate","floor":11.0},{"not_picked":["ForeignInfluence","JustLucky"],"picked":"WheelKick","floor":13},{"not_picked":["Nirvana","WreathOfFlame"],"picked":"LessonLearned","floor":14}],"player_experience":1348209,"relics_obtained":[{"floor":6.0,"key":"Pear"},{"floor":9.0,"key":"Eternal Feather"},{"floor":13,"key":"Mercury Hourglass"}],"event_choices":[{"cards_removed":["Defend_P"],"damage_healed":0.0,"max_hp_gain":0.0,"max_hp_loss":0.0,"gold_gain":0.0,"event_name":"The Cleric","player_choice":"Card Removal","floor":3.0,"gold_loss":75.0,"damage_taken":0.0},{"damage_healed":0.0,"max_hp_gain":0.0,"max_hp_loss":0.0,"gold_gain":0.0,"event_name":"Liars Game","player_choice":"Ignored","floor":7.0,"gold_loss":0.0,"damage_taken":0.0}],"is_beta":false,"boss_relics":[],"items_purged_floors":[10],"is_endless":false,"potions_floor_spawned":[1,5,6,11],"killed_by":"Hexaghost","ascension_level":20}}