{"host":"nia1zwr35jsu5y7h","time":1613108516,"event":{"mods":["2.2 Compatiblity","Abigail Mod","Bard","BaseMod","Colored Map","Conspire","Downfall","Friendly Minions","Hermit","Highlight Path","Hubris","Infinite Spire","Kiyohime????","Koishi","Marisa????????","Minty Spire (QoL Compilation)","Quick Restart","Replay The Spire","Shade Mod","Shop Mod","StSLib","The Animator","The Construct","The Cursed","The Disciple","The Mystic","The Necromancer","The Servant 0.9.4"],"gold_per_floor":[99,110,3,22,7,34,34,70,70,98,98,98,98,98],"floor_reached":12,"language":"ENG","playtime":644,"items_purged":[],"score":97,"play_id":"53f5a2cd-834f-41ad-ad63-76803d2da0b3","local_time":"20210211214156","is_ascension_mode":true,"campfire_choices":[{"data":"hexamod:HexaLevel","floor":1,"key":"SMITH"},{"data":"hexamod:Float","floor":9,"key":"SMITH"}],"circlet_count":0,"master_deck":["hexamod:Strike","hexamod:Strike","hexamod:Strike","hexamod:Strike","hexamod:Defend","hexamod:Defend","hexamod:Defend","hexamod:Defend","hexamod:Sear","hexamod:Float+1","hexamod:HexaLevel+1","hexamod:FlamesFromBeyond","hexamod:FlameSwitch","hexamod:AdvancingGuard","hexamod:EmpoweredFlame","hexamod:ThirdSeal","hexamod:SpectersWail","hexamod:CatchUp","hexamod:UnlimitedPower+1","hexamod:FirstSeal"],"relics":["hexamod:SpiritBrand","hexamod:CandleOfCauterizing","Ornamental Fan","Slimebound:PreparedRelic","construct:BoolHorns"],"acts_visited":["Exordium"],"potions_floor_usage":[5,10],"damage_taken":[{"damage":1,"enemies":"2 Louse","floor":2,"turns":5},{"damage":0,"enemies":"downfall:FleeingMerchant","floor":3,"turns":4},{"damage":0,"enemies":"Jaw Worm","floor":4,"turns":4},{"damage":0,"enemies":"downfall:FleeingMerchant","floor":5,"turns":4},{"damage":18,"enemies":"3 Sentries","floor":6,"turns":6},{"damage":14,"enemies":"conspire:MimicChest","floor":8,"turns":6},{"damage":18,"enemies":"Replay:BlueRogue","floor":10,"turns":5},{"damage":20,"enemies":"Lagavulin","floor":12,"turns":5}],"seed_played":"-3542941392539508107","potions_obtained":[{"floor":2,"key":"DistilledChaos"},{"floor":6,"key":"ColorlessPotion"}],"is_trial":false,"path_per_floor":["R","M","$","M","$","E","T","?","R","E","?","E"],"character_chosen":"THE_SPIRIT","items_purchased":["hexamod:AdvancingGuard","hexamod:EmpoweredFlame"],"campfire_rested":0,"item_purchase_floors":[3,3],"current_hp_per_floor":[63,62,62,62,62,44,44,30,30,19,19,0,0,0],"gold":98,"neow_bonus":"THREE_RARE_CARDS","is_daily":false,"chose_seed":false,"campfire_upgraded":2,"win_rate":0.0,"timestamp":1613108516,"path_taken":["R","M","$","M","$","E","T","?","R","E","?","E"],"items_purchased_type":["Card","Card"],"build_version":"2020-12-22","purchased_purges":0,"victory":false,"max_hp_per_floor":[63,63,63,63,63,63,63,63,63,63,63,63,63,63],"card_choices":[{"not_picked":["hexamod:TimeOfNeed","hexamod:ApocalypseNow"],"picked":"hexamod:HexaLevel","floor":0},{"not_picked":["hexamod:SpectersWail","hexamod:Firestarter"],"picked":"hexamod:FlamesFromBeyond","floor":2},{"not_picked":["hexamod:SwordOfDarkness","hexamod:TimeWarp"],"picked":"hexamod:FlameSwitch","floor":3},{"not_picked":["hexamod:RainOfEmbers","hexamod:Haunt"],"picked":"hexamod:ThirdSeal","floor":4},{"not_picked":["hexamod:HauntingEcho","hexamod:GhostLash"],"picked":"hexamod:SpectersWail","floor":5},{"not_picked":["hexamod:AdvancingGuard","hexamod:BacktrackSmack"],"picked":"hexamod:CatchUp","floor":5},{"not_picked":["hexamod:Hexaguard","hexamod:HeatMetal"],"picked":"hexamod:UnlimitedPower","floor":6},{"not_picked":["hexamod:GhostLash","hexamod:ShieldOfDarkness","hexamod:HeatMetal"],"picked":"SKIP","floor":6},{"not_picked":["hexamod:HauntingEcho","hexamod:GhostOfSpirePast"],"picked":"hexamod:FirstSeal","floor":8},{"not_picked":["hexamod:SwordOfDarkness","hexamod:SuperheatedStrike","hexamod:NightmareGuise"],"picked":"SKIP","floor":10}],"player_experience":2194132,"relics_obtained":[{"floor":6,"key":"hexamod:CandleOfCauterizing"},{"floor":7,"key":"Ornamental Fan"},{"floor":8,"key":"Slimebound:PreparedRelic"},{"floor":10,"key":"construct:BoolHorns"}],"event_choices":[],"is_beta":false,"boss_relics":[],"items_purged_floors":[],"is_endless":false,"potions_floor_spawned":[2,6],"killed_by":"Lagavulin","ascension_level":3}}