{"host":"85rg8sallz0lemh6","time":1613110995,"event":{"mods":["BaseMod","Bestiary","Colored Powertips","Highlight Path","Minty Spire (QoL Compilation)","Quick Restart"],"gold_per_floor":[110,110,110,130,130,157,157,482,509,509,522,540,540,540,540],"floor_reached":14,"language":"ENG","playtime":261,"items_purged":[],"score":141,"play_id":"e8cb8844-bc4e-4c17-97d8-9e333182a94a","local_time":"20210212002315","is_ascension_mode":true,"campfire_choices":[{"data":"Fusion","floor":7,"key":"SMITH"},{"data":"Auto Shields","floor":10,"key":"SMITH"},{"data":"Cold Snap","floor":13,"key":"SMITH"}],"circlet_count":0,"master_deck":["Strike_B","Strike_B","Strike_B+1","Defend_B","Defend_B","Defend_B","Defend_B","Zap+1","Dualcast+1","Auto Shields+1","Fusion+1","Cold Snap+1"],"relics":["Cracked Core","NeowsBlessing","Boot","Old Coin","DataDisk"],"acts_visited":["Exordium"],"potions_floor_usage":[14],"damage_taken":[{"damage":0,"enemies":"Small Slimes","floor":1,"turns":1},{"damage":0,"enemies":"Cultist","floor":4,"turns":1},{"damage":0,"enemies":"Gremlin Nob","floor":6,"turns":1},{"damage":32,"enemies":"3 Sentries","floor":8,"turns":9},{"damage":0,"enemies":"2 Louse","floor":11,"turns":1},{"damage":1,"enemies":"2 Fungi Beasts","floor":12,"turns":3},{"damage":14,"enemies":"Gremlin Nob","floor":14,"turns":4}],"seed_played":"-4006092324949041256","potions_obtained":[{"floor":4,"key":"Energy Potion"},{"floor":6,"key":"ColorlessPotion"}],"is_trial":false,"path_per_floor":["M","?","?","M","?","E","R","E","T","R","M","M","R","E"],"character_chosen":"DEFECT","items_purchased":[],"campfire_rested":0,"item_purchase_floors":[],"current_hp_per_floor":[75,75,60,60,60,60,60,28,28,28,28,27,27,13,13],"gold":540,"neow_bonus":"THREE_ENEMY_KILL","is_daily":false,"chose_seed":false,"campfire_upgraded":3,"win_rate":0.0,"timestamp":1613110995,"path_taken":["M","?","?","M","?","E","R","E","T","R","?","M","R","E"],"items_purchased_type":[],"build_version":"2020-12-22","purchased_purges":0,"victory":false,"max_hp_per_floor":[75,75,75,75,75,75,75,75,75,75,75,75,75,75,75],"card_choices":[{"not_picked":["Coolheaded","Undo","Fusion"],"picked":"SKIP","floor":1},{"not_picked":["Rebound","Barrage"],"picked":"Auto Shields","floor":4},{"not_picked":["Recycle","Steam"],"picked":"Cold Snap","floor":6},{"not_picked":["Gash","Rebound","Coolheaded"],"picked":"SKIP","floor":8},{"not_picked":["Stack","Streamline","Coolheaded"],"picked":"SKIP","floor":11},{"not_picked":["Streamline","Core Surge","Skim"],"picked":"SKIP","floor":12}],"player_experience":98370,"relics_obtained":[{"floor":6,"key":"Boot"},{"floor":8,"key":"Old Coin"},{"floor":9,"key":"DataDisk"}],"event_choices":[{"damage_healed":0,"gold_gain":0,"player_choice":"Grow","damage_taken":0,"max_hp_gain":0,"max_hp_loss":0,"event_name":"Living Wall","floor":2,"gold_loss":0,"cards_upgraded":["Dualcast"]},{"damage_healed":0,"gold_gain":0,"player_choice":"Entered Light","damage_taken":15,"max_hp_gain":0,"max_hp_loss":0,"event_name":"Shining Light","floor":3,"gold_loss":0,"cards_upgraded":["Zap","Strike_B"]},{"damage_healed":0,"gold_gain":0,"cards_transformed":["Strike_B"],"player_choice":"Transformed","damage_taken":0,"max_hp_gain":0,"max_hp_loss":0,"event_name":"Transmorgrifier","floor":5,"gold_loss":0,"cards_obtained":["Fusion"]}],"is_beta":false,"boss_relics":[],"items_purged_floors":[],"is_endless":false,"potions_floor_spawned":[4,6],"killed_by":"Gremlin Nob","ascension_level":3}}