{"host":"ek3xvuouaw6vk9if","time":1613097195,"event":{"mods":["AchievementEnabler","BaseMod","Better Third Choice","BetterRewards","Curses Come First","Dark Map","Downfall","FTL Soundtrack","Hubris","Minty Spire (QoL Compilation)","Permanent Neow","Quick Restart","Relic Stats","Replay The Spire","Spire Arcade","StSLib","The Jungle","The Mystic","Trackpad"],"gold_per_floor":[101,123,152,252,268,50,74,74,108,136,136,136,159,201,221,334,334,334,363,392,392,426,426,451,451,485,544,590,590,638,662,686,702,702,702],"floor_reached":33,"language":"ENG","playtime":3728,"items_purged":["Slimebound:Strike_Slimebound"],"score":434,"play_id":"1acce9bf-0699-4003-89d0-2115eedd08ef","local_time":"20210211213315","is_ascension_mode":true,"campfire_choices":[{"data":"Slimebound:ItLooksTasty","floor":1,"key":"SMITH"},{"data":"Slimebound:Grow","floor":11,"key":"SMITH"},{"data":"Slimebound:SlimeSlap","floor":18,"key":"SMITH"},{"data":"Slimebound:GrowthPunch","floor":23,"key":"SMITH"}],"circlet_count":0,"master_deck":["Slimebound:Tackle","Slimebound:Defend_Slimebound","Slimebound:Defend_Slimebound","Slimebound:Defend_Slimebound","Slimebound:Defend_Slimebound","Slimebound:Split+1","Slimebound:CorrosiveSpit+1","Slimebound:ItLooksTasty","Slimebound:ItLooksTasty+1","Slimebound:Grow+1","Slimebound:SamplingLick","Slimebound:SlimeSpikes+1","Slimebound:Gluttony+1","Slimebound:Nibble","Slimebound:GrowthPunch+1","Slimebound:MegaLick","Slimebound:ViciousTackle","Slimebound:SlimeSlap+1","Slimebound:LeechEnergy+1","Slimebound:LeechingTouch","Slimebound:LeechingTouch+1","Slimebound:FinishingTackle+1","Slimebound:LivingWall","Pot Of Greed","Pot Of Greed","Slimebound:SlimeSpikes+1","Pot Of Greed","Slimebound:ViciousTackle"],"relics":["Slimebound:AbsorbEndCombat","Replay:Bandana","CaptainsWheel","PreservedInsect","ClockworkSouvenir","Smiling Mask","trackpad:GuardianSpirit","trackpad:Compendium","Snecko Heart","Regal Pillow","Grinning Jar","hubris:DisguiseKit"],"acts_visited":["Exordium","TheCity"],"potions_floor_usage":[16,33,33],"damage_taken":[{"damage":7,"enemies":"Jaw Worm","floor":2,"turns":2},{"damage":1,"enemies":"Cultist","floor":3,"turns":3},{"damage":3,"enemies":"2 Louse","floor":5,"turns":2},{"damage":3,"enemies":"downfall:FleeingMerchant","floor":6,"turns":4},{"damage":16,"enemies":"Lagavulin","floor":9,"turns":5},{"damage":3,"enemies":"Large Slime","floor":10,"turns":5},{"damage":1,"enemies":"Exordium Wildlife","floor":13,"turns":3},{"damage":17,"enemies":"Gremlin Nob","floor":14,"turns":3},{"damage":1,"enemies":"Blue Slaver","floor":15,"turns":3},{"damage":26,"enemies":"WA_ARCHETYPE_RETAIN","floor":16,"turns":6},{"damage":25,"enemies":"3 Byrds","floor":19,"turns":4},{"damage":3,"enemies":"Chosen","floor":20,"turns":4},{"damage":19,"enemies":"Centurion and Healer","floor":22,"turns":6},{"damage":27,"enemies":"Snake Plant","floor":26,"turns":3},{"damage":7,"enemies":"Replay:Snechameleon","floor":28,"turns":3},{"damage":9,"enemies":"Book of Stabbing","floor":30,"turns":4},{"damage":5,"enemies":"Sentry and Sphere","floor":31,"turns":5},{"damage":20,"enemies":"Cultist and Chosen","floor":32,"turns":6},{"damage":45,"enemies":"SI_MIRROR_ARCHETYPE","floor":33,"turns":8}],"seed_played":"-626105510821395633","potions_obtained":[{"floor":2,"key":"PowerPotion"},{"floor":5,"key":"hexamod:SoulburnPotion"},{"floor":14,"key":"CultistPotion"},{"floor":20,"key":"Strength Potion"},{"floor":27,"key":"FairyPotion"},{"floor":31,"key":"Slimebound:SlimyTonguePotion"}],"is_trial":false,"path_per_floor":["R","M","M","?","M","$","T","?","E","M","R","?","M","E","M","B",null,"R","M","M","?","M","R","T","?","M","?","E","?","E","M","M","B"],"character_chosen":"SLIMEBOUND","items_purchased":["PreservedInsect","Slimebound:ItLooksTasty","Slimebound:Gluttony+1","ClockworkSouvenir"],"campfire_rested":0,"item_purchase_floors":[0,0,6,6],"current_hp_per_floor":[52,51,52,52,53,58,58,58,49,54,54,54,57,48,55,37,58,58,39,44,44,33,33,33,33,14,19,20,12,11,14,2,0,0,0],"gold":702,"neow_bonus":"RANDOM_COMMON_RELIC","is_daily":false,"chose_seed":false,"campfire_upgraded":4,"win_rate":0.0,"timestamp":1613097195,"path_taken":["R","M","M","?","?","$","T","?","E","M","R","?","M","E","M","BOSS","R","M","M","?","M","R","T","?","M","?","E","?","E","?","M","BOSS"],"items_purchased_type":["Relic","Card","Card","Relic"],"build_version":"2020-12-22","purchased_purges":1,"victory":false,"max_hp_per_floor":[65,65,65,65,65,65,65,65,65,65,65,65,65,65,65,65,65,65,65,65,65,65,65,65,65,65,65,65,65,65,65,65,65,65,65],"relic_stats":{"Regal Pillow":0,"counters":[49,184],"PreservedInsect":231,"Smiling Mask":0,"obtain_stats":[{"Regal Pillow":24,"Snecko Heart":17,"Gremlin Horn":28,"CeramicFish":26,"Smiling Mask":7,"ClockworkSouvenir":6,"SsserpentHead":14,"Replay:Bronze Core":17,"Pantograph":43,"trackpad:Compendium":14,"InkBottle":24,"trackpad:GuardianSpirit":9,"hubris:DisguiseKit":30,"Replay:Towering Pillar of Hats":6,"downfall:HeartBlessingRed":18,"Replay:Grab Bag":17,"Guardian:GemstoneGun":23,"Pen Nib":41,"PreservedInsect":0,"Replay:Arrowhead":7,"WarpedTongs":5,"SlaversCollar":17,"CaptainsWheel":0,"Busted Crown":34,"Snecko Eye":17,"Slimebound:AbsorbEndCombat":0,"ReplayTheSpireMod:Onyx Gauntlets":17,"Grinning Jar":28},{"Regal Pillow":43,"Snecko Heart":40,"Gremlin Horn":16,"CeramicFish":16,"Smiling Mask":34,"ClockworkSouvenir":34,"SsserpentHead":8,"Replay:Bronze Core":10,"Pantograph":25,"trackpad:Compendium":38,"InkBottle":14,"trackpad:GuardianSpirit":35,"hubris:DisguiseKit":46,"Replay:Towering Pillar of Hats":4,"downfall:HeartBlessingRed":10,"Replay:Grab Bag":10,"Guardian:GemstoneGun":14,"Pen Nib":24,"PreservedInsect":30,"Replay:Arrowhead":4,"WarpedTongs":3,"SlaversCollar":10,"CaptainsWheel":30,"Busted Crown":20,"Snecko Eye":10,"Slimebound:AbsorbEndCombat":0,"ReplayTheSpireMod:Onyx Gauntlets":10,"Grinning Jar":45},{"Regal Pillow":155,"Snecko Heart":141,"Gremlin Horn":57,"CeramicFish":57,"Smiling Mask":116,"ClockworkSouvenir":116,"SsserpentHead":30,"Replay:Bronze Core":38,"Pantograph":88,"trackpad:Compendium":132,"InkBottle":51,"trackpad:GuardianSpirit":121,"hubris:DisguiseKit":165,"Replay:Towering Pillar of Hats":15,"downfall:HeartBlessingRed":38,"Replay:Grab Bag":38,"Guardian:GemstoneGun":51,"Pen Nib":84,"PreservedInsect":105,"Replay:Arrowhead":15,"WarpedTongs":8,"SlaversCollar":38,"CaptainsWheel":105,"Busted Crown":71,"Snecko Eye":38,"Slimebound:AbsorbEndCombat":0,"ReplayTheSpireMod:Onyx Gauntlets":38,"Grinning Jar":161}]},"card_choices":[{"not_picked":["Slimebound:MegaLick","Slimebound:RainOfGoop"],"picked":"Slimebound:Grow","floor":2},{"not_picked":["Slimebound:LivingWall","Slimebound:SplitBruiser"],"picked":"Slimebound:SamplingLick","floor":3},{"not_picked":["Slimebound:ServeAndProtect","Slimebound:SlimeBarrage","Slimebound:ProtectTheBoss"],"picked":"SKIP","floor":5},{"not_picked":["Slimebound:ComboTackle","Slimebound:PressTheAttack"],"picked":"Slimebound:SlimeSpikes","floor":6},{"not_picked":["Slimebound:Gluttony","Slimebound:SplitLeeching","Slimebound:SlimeTap"],"picked":"SKIP","floor":9},{"not_picked":["Slimebound:Grow","Slimebound:BestDefense"],"picked":"Slimebound:Nibble","floor":10},{"not_picked":["Slimebound:LeechingTouch","Slimebound:HauntingLick"],"picked":"Slimebound:GrowthPunch","floor":13},{"not_picked":["Slimebound:SplitSpecialist","Slimebound:FormOfPuddle"],"picked":"Slimebound:MegaLick","floor":14},{"not_picked":["Slimebound:CheckThePlaybook","Slimebound:ItLooksTasty"],"picked":"Slimebound:ViciousTackle","floor":15},{"not_picked":["Slimebound:Overexert","Slimebound:Darklings"],"picked":"Slimebound:SlimeSlap","floor":16},{"not_picked":["Slimebound:RejuvenatingLick+1","Slimebound:PressTheAttack"],"picked":"Slimebound:LeechEnergy+1","floor":19},{"not_picked":["Slimebound:GrowthPunch","Slimebound:GoopSpray"],"picked":"Slimebound:LeechingTouch","floor":20},{"not_picked":["Slimebound:ForwardTackle","Slimebound:FinishingTackle+1"],"picked":"Slimebound:LeechingTouch+1","floor":22},{"not_picked":["Slimebound:ViciousTackle","Slimebound:MegaLick"],"picked":"Slimebound:FinishingTackle+1","floor":26},{"not_picked":["Slimebound:FinishingTackle","Slimebound:ComboTackle+1"],"picked":"Slimebound:LivingWall","floor":27},{"not_picked":["Slimebound:SlimeSlap","Slimebound:LeechingTouch"],"picked":"Slimebound:SlimeSpikes+1","floor":28},{"not_picked":["Slimebound:PressTheAttack","Slimebound:HungryTackle","Slimebound:ForwardTackle+1"],"picked":"SKIP","floor":30},{"not_picked":["Slimebound:LeechEnergy","Slimebound:Nibble","Slimebound:ComboTackle","champ:FancyFootwork"],"picked":"SKIP","floor":31},{"not_picked":["Slimebound:SlimeBarrage","Slimebound:PressTheAttack+1","champ:RisingSlash"],"picked":"Slimebound:ViciousTackle","floor":32}],"player_experience":770256,"relics_obtained":[{"floor":7,"key":"Smiling Mask"},{"floor":9,"key":"trackpad:GuardianSpirit"},{"floor":14,"key":"trackpad:Compendium"},{"floor":24,"key":"Regal Pillow"},{"floor":28,"key":"Grinning Jar"},{"floor":30,"key":"hubris:DisguiseKit"}],"event_choices":[],"is_beta":false,"boss_relics":[{"not_picked":["ReplayTheSpireMod:DimensionalGlitch","hubris:CrackedHourglass"],"picked":"Snecko Heart"}],"items_purged_floors":[0],"is_endless":false,"potions_floor_spawned":[2,5,9,13,14,15,20,22,28,31],"killed_by":"SI_MIRROR_ARCHETYPE","ascension_level":9}}