{"host":"cbu6enf2xtq4r7r3","time":1613173003,"event":{"mods":["2.2 Compatiblity","AlwaysNeverKeys","BaseMod","Better Match","Better Note","Better Sensory Stone","Better Skull","Better Third Choice","Colored Map","Colored Powertips","Defuse TimeMaze Blight","Emptier Cage","Minty Spire (QoL Compilation)","Permanent Neow","Quick Restart","Random Character Button","Relic Sorter","Reorder Act Four","Shop Mod","StSLib"],"gold_per_floor":[110,126,141,158,168,203,203,232,232,232,244,244,6,6,6,108,108,124,124,224,237,251,251,286,286,286,312,332,344,364,64,64,167,167,187,200,212,212,212,212,247,258,258,258,281,299,118,137,137,137],"floor_reached":51,"language":"ENG","playtime":1561,"items_purged":["Strike_G","Strike_G"],"score":1196,"play_id":"1e617646-d762-47a5-aaf4-31986fe53804","local_time":"20210213003643","is_ascension_mode":true,"campfire_choices":[{"data":"Blade Dance","floor":7,"key":"SMITH"},{"data":"Neutralize","floor":12,"key":"SMITH"},{"data":"Backflip","floor":15,"key":"SMITH"},{"data":"Blur","floor":23,"key":"SMITH"},{"data":"Dodge and Roll","floor":25,"key":"SMITH"},{"data":"Backflip","floor":32,"key":"SMITH"},{"data":"Backflip","floor":40,"key":"SMITH"},{"data":"Cloak And Dagger","floor":44,"key":"SMITH"},{"data":"Blade Dance","floor":49,"key":"SMITH"}],"circlet_count":0,"master_deck":["Strike_G","Strike_G","Strike_G","Defend_G","Defend_G","Defend_G","Defend_G","Defend_G","Survivor","Neutralize+1","Quick Slash","Blade Dance+1","Dagger Throw","Dagger Throw","Backflip+1","Endless Agony","Malaise","Dagger Spray+1","Blur+1","Dodge and Roll+1","Blade Dance+1","Backflip+1","Deflect","Backflip+1","Deflect","Backflip+1","Venomology","Escape Plan","Endless Agony","PiercingWail+1","Dramatic Entrance","Dark Shackles","Cloak And Dagger+1","PiercingWail+1","Accuracy+1","Infinite Blades+1"],"relics":["WristBlade","Pen Nib","Shuriken","Letter Opener","Eternal Feather","Pear","Coffee Dripper","Paper Crane","Kunai","Sundial","ClockworkSouvenir","HoveringKite","Frozen Egg 2","Blood Vial","Bottled Flame","Dream Catcher"],"acts_visited":["Exordium","TheCity","TheBeyond"],"potions_floor_usage":[4,4,5,6,8,21,22,22,24,36,41,42,46,50,50,50],"damage_taken":[{"damage":0,"enemies":"Cultist","floor":1,"turns":4},{"damage":2,"enemies":"Jaw Worm","floor":2,"turns":3},{"damage":0,"enemies":"Small Slimes","floor":3,"turns":2},{"damage":8,"enemies":"Exordium Thugs","floor":4,"turns":5},{"damage":0,"enemies":"Blue Slaver","floor":5,"turns":2},{"damage":8,"enemies":"Gremlin Nob","floor":6,"turns":3},{"damage":15,"enemies":"Lagavulin","floor":8,"turns":5},{"damage":0,"enemies":"Red Slaver","floor":11,"turns":1},{"damage":17,"enemies":"The Guardian","floor":16,"turns":8},{"damage":0,"enemies":"Chosen","floor":18,"turns":3},{"damage":0,"enemies":"Shell Parasite","floor":21,"turns":2},{"damage":0,"enemies":"Shelled Parasite and Fungi","floor":22,"turns":5},{"damage":19,"enemies":"Slavers","floor":24,"turns":3},{"damage":4,"enemies":"Gremlin Leader","floor":27,"turns":6},{"damage":6,"enemies":"Snake Plant","floor":28,"turns":4},{"damage":2,"enemies":"Centurion and Healer","floor":29,"turns":2},{"damage":0,"enemies":"3 Cultists","floor":30,"turns":2},{"damage":0,"enemies":"Champ","floor":33,"turns":8},{"damage":0,"enemies":"Orb Walker","floor":35,"turns":3},{"damage":0,"enemies":"3 Darklings","floor":36,"turns":4},{"damage":0,"enemies":"Sphere and 2 Shapes","floor":37,"turns":2},{"damage":0,"enemies":"Reptomancer","floor":41,"turns":4},{"damage":0,"enemies":"Spire Growth","floor":42,"turns":4},{"damage":0,"enemies":"3 Darklings","floor":46,"turns":3},{"damage":0,"enemies":"Jaw Worm Horde","floor":48,"turns":2},{"damage":4,"enemies":"Awakened One","floor":50,"turns":10}],"seed_played":"8725977442215769411","potions_obtained":[{"floor":3,"key":"EntropicBrew"},{"floor":5,"key":"SkillPotion"},{"floor":8,"key":"Swift Potion"},{"floor":11,"key":"Block Potion"},{"floor":21,"key":"BlessingOfTheForge"},{"floor":22,"key":"SpeedPotion"},{"floor":27,"key":"Ancient Potion"},{"floor":30,"key":"Explosive Potion"},{"floor":42,"key":"Dexterity Potion"}],"is_trial":false,"path_per_floor":["M","M","M","M","M","E","R","E","T","?","M","R","$","T","R","B",null,"M","?","?","M","M","R","E","R","T","E","M","M","M","$","R","B",null,"M","M","M","?","T","R","E","M","T","R","T","M","$","M","R","B",null],"character_chosen":"THE_SILENT","items_purchased":["Eternal Feather","Deflect","Backflip","ClockworkSouvenir","Accuracy+1"],"campfire_rested":0,"item_purchase_floors":[13,31,31,31,47],"current_hp_per_floor":[63,61,61,53,53,45,45,30,30,53,53,53,53,63,72,55,74,74,74,74,74,74,80,61,73,73,69,63,61,61,61,76,76,79,79,79,79,79,79,80,80,80,80,80,80,80,80,80,80,76],"gold":137,"neow_bonus":"BOSS_RELIC","is_daily":false,"chose_seed":false,"campfire_upgraded":9,"win_rate":0.0,"timestamp":1613173003,"path_taken":["M","M","M","M","M","E","R","E","T","?","?","R","$","?","R","BOSS","M","?","?","M","?","R","E","R","T","E","M","M","M","$","R","BOSS","M","?","M","?","?","R","E","M","T","R","?","M","$","?","R","BOSS"],"items_purchased_type":["Relic","Card","Card","Relic","Card"],"build_version":"2020-12-22","purchased_purges":2,"victory":true,"max_hp_per_floor":[70,70,70,70,70,70,70,70,70,70,70,70,70,80,80,80,80,80,80,80,80,80,80,80,80,80,80,80,80,80,80,80,80,80,80,80,80,80,80,80,80,80,80,80,80,80,80,80,80,80],"card_choices":[{"not_picked":["Dagger Throw","Eviscerate"],"picked":"Quick Slash","floor":1},{"not_picked":["Concentrate","Well Laid Plans"],"picked":"Blade Dance","floor":2},{"not_picked":["Predator","Concentrate"],"picked":"Dagger Throw","floor":3},{"not_picked":["Underhanded Strike","PiercingWail"],"picked":"Dagger Throw","floor":4},{"not_picked":["Flechettes","Sucker Punch","Masterful Stab"],"picked":"SKIP","floor":5},{"not_picked":["Dodge and Roll","All Out Attack"],"picked":"Backflip","floor":6},{"not_picked":["Heel Hook","Prepared","Bane"],"picked":"SKIP","floor":8},{"not_picked":["Heel Hook","Caltrops"],"picked":"Endless Agony","floor":11},{"not_picked":["Wraith Form v2","Night Terror"],"picked":"Malaise","floor":16},{"not_picked":["Deflect","Dodge and Roll"],"picked":"Dagger Spray+1","floor":18},{"not_picked":["Predator+1","Dash+1"],"picked":"Blur","floor":21},{"not_picked":["Sucker Punch","Distraction","Calculated Gamble"],"picked":"SKIP","floor":22},{"not_picked":["Flying Knee+1","Setup+1"],"picked":"Dodge and Roll","floor":24},{"not_picked":["Slice+1","Deadly Poison+1"],"picked":"Blade Dance","floor":27},{"not_picked":["Dodge and Roll","Venomology"],"picked":"Backflip","floor":28},{"not_picked":["Escape Plan","Poisoned Stab+1"],"picked":"Deflect","floor":29},{"not_picked":["Flying Knee","Underhanded Strike"],"picked":"Backflip+1","floor":30},{"not_picked":["Doppelganger","Burst"],"picked":"Venomology","floor":33},{"not_picked":["Dagger Throw","Underhanded Strike+1"],"picked":"Escape Plan","floor":35},{"not_picked":["Masterful Stab+1","Catalyst"],"picked":"Endless Agony","floor":36},{"not_picked":["Quick Slash+1","Poisoned Stab+1"],"picked":"PiercingWail+1","floor":37},{"not_picked":["Trip","Impatience"],"picked":"Dramatic Entrance","floor":38},{"not_picked":["Forethought","Magnetism"],"picked":"Dark Shackles","floor":38},{"not_picked":["Sucker Punch","Choke+1"],"picked":"Cloak And Dagger","floor":41},{"not_picked":["Reflex","Bane","Flying Knee+1"],"picked":"SKIP","floor":42},{"not_picked":["Dodge and Roll","Masterful Stab+1"],"picked":"PiercingWail+1","floor":46},{"not_picked":["Blur","Riddle With Holes"],"picked":"Infinite Blades+1","floor":48}],"player_experience":143698,"relics_obtained":[{"floor":6,"key":"Pen Nib"},{"floor":8,"key":"Shuriken"},{"floor":9,"key":"Letter Opener"},{"floor":14,"key":"Pear"},{"floor":24,"key":"Paper Crane"},{"floor":26,"key":"Kunai"},{"floor":27,"key":"Sundial"},{"floor":39,"key":"Frozen Egg 2"},{"floor":41,"key":"Blood Vial"},{"floor":43,"key":"Bottled Flame"},{"floor":45,"key":"Dream Catcher"}],"event_choices":[{"damage_healed":23,"gold_gain":0,"player_choice":"Banana","damage_taken":0,"max_hp_gain":0,"max_hp_loss":0,"event_name":"Big Fish","floor":10,"gold_loss":0},{"damage_healed":0,"gold_gain":0,"player_choice":"Ignored","damage_taken":0,"max_hp_gain":0,"max_hp_loss":0,"event_name":"betterNote:BetterNote","floor":19,"gold_loss":0,"cards_obtained":["Ragnarok"]},{"damage_healed":0,"gold_gain":100,"player_choice":"Pray","damage_taken":0,"max_hp_gain":0,"max_hp_loss":0,"event_name":"Golden Shrine","floor":20,"gold_loss":0},{"damage_healed":0,"gold_gain":3,"player_choice":"1","damage_taken":0,"max_hp_gain":0,"max_hp_loss":0,"event_name":"betterStone:BetterStone","floor":38,"gold_loss":0}],"is_beta":false,"boss_relics":[{"not_picked":["Philosopher\u0027s Stone","Cursed Key"],"picked":"Coffee Dripper"},{"not_picked":["Sozu","Fusion Hammer"],"picked":"HoveringKite"}],"items_purged_floors":[31,47],"is_endless":false,"potions_floor_spawned":[3,5,8,11,21,22,27,30,36,42],"ascension_level":9}}