{"host":"Jedit","time":1613172139,"event":{"mods":["BaseMod","Minty Spire (QoL Compilation)","Relic Stats","StSLib"],"gold_per_floor":[117,117,267,4,34,34,115,181,181,226,278,278,339,350,350,350,350],"floor_reached":16,"language":"ENG","playtime":497,"items_purged":["Doubt"],"score":270,"play_id":"470615d6-fbd8-4f60-8f78-703b9bf785aa","local_time":"20210212232219","is_ascension_mode":true,"campfire_choices":[{"data":"HandOfGreed","floor":6,"key":"SMITH"},{"data":"MentalFortress","floor":12,"key":"SMITH"},{"data":"Meditate","floor":15,"key":"SMITH"}],"circlet_count":0,"master_deck":["AscendersBane","Strike_P","Strike_P","Strike_P","Strike_P","Defend_P","Defend_P","Defend_P","Defend_P","Eruption","Vigilance","FlurryOfBlows","HandOfGreed+1","CutThroughFate","MentalFortress+1","BowlingBash","Consecrate","BowlingBash","Meditate+1"],"relics":["PureWater","NeowsBlessing","Meat on the Bone","Yang","Question Card","PreservedInsect"],"acts_visited":["Exordium"],"potions_floor_usage":[],"damage_taken":[{"damage":0,"enemies":"Cultist","floor":1,"turns":1},{"damage":7,"enemies":"Jaw Worm","floor":5,"turns":2},{"damage":0,"enemies":"3 Sentries","floor":7,"turns":5},{"damage":1,"enemies":"2 Louse","floor":8,"turns":6},{"damage":13,"enemies":"Large Slime","floor":10,"turns":7},{"damage":17,"enemies":"Lagavulin","floor":11,"turns":7},{"damage":14,"enemies":"Red Slaver","floor":14,"turns":3},{"damage":28,"enemies":"Hexaghost","floor":16,"turns":9}],"seed_played":"6334465005247649260","potions_obtained":[{"floor":1,"key":"Explosive Potion"},{"floor":11,"key":"EssenceOfSteel"},{"floor":14,"key":"Fire Potion"}],"is_trial":false,"path_per_floor":["M","T","?","$","M","R","E","M","T","M","E","R","?","M","R","B"],"character_chosen":"WATCHER","items_purchased":["HandOfGreed"],"campfire_rested":0,"item_purchase_floors":[4],"current_hp_per_floor":[61,61,61,61,54,54,54,53,53,40,35,35,35,33,33,5,5],"gold":350,"neow_bonus":"THREE_ENEMY_KILL","is_daily":false,"chose_seed":false,"campfire_upgraded":3,"win_rate":0.0,"timestamp":1613172139,"path_taken":["M","?","?","$","M","R","E","M","T","M","E","R","?","M","R","BOSS"],"items_purchased_type":["Card"],"build_version":"2020-12-18","purchased_purges":1,"victory":false,"max_hp_per_floor":[68,68,68,68,68,68,68,68,68,68,68,68,68,68,68,68,68],"relic_stats":{"counters":[8,40],"Yang":[54],"PreservedInsect":0,"Question Card":3,"obtain_stats":[{"NeowsBlessing":0,"Yang":7,"PreservedInsect":11,"PureWater":0,"Question Card":9,"Meat on the Bone":2},{"NeowsBlessing":0,"Yang":3,"PreservedInsect":6,"PureWater":0,"Question Card":4,"Meat on the Bone":1},{"NeowsBlessing":0,"Yang":8,"PreservedInsect":28,"PureWater":0,"Question Card":14,"Meat on the Bone":1}],"Meat on the Bone":24},"card_choices":[{"not_picked":["EmptyBody","ForeignInfluence"],"picked":"FlurryOfBlows","floor":1},{"not_picked":["Halt","CrushJoints"],"picked":"CutThroughFate","floor":5},{"not_picked":["WindmillStrike","FollowUp"],"picked":"MentalFortress","floor":7},{"not_picked":["FlyingSleeves","ReachHeaven"],"picked":"BowlingBash","floor":8},{"not_picked":["BattleHymn","Indignation","WheelKick"],"picked":"Consecrate","floor":10},{"not_picked":["FollowUp","BattleHymn","Vengeance"],"picked":"BowlingBash","floor":11},{"not_picked":["SashWhip","Evaluate","BowlingBash"],"picked":"Meditate","floor":14}],"player_experience":3481574,"relics_obtained":[{"floor":2,"key":"Meat on the Bone"},{"floor":7,"key":"Yang"},{"floor":9,"key":"Question Card"},{"floor":11,"key":"PreservedInsect"}],"event_choices":[{"damage_healed":0,"gold_gain":150,"player_choice":"AGREE","damage_taken":0,"max_hp_gain":0,"max_hp_loss":0,"event_name":"Liars Game","floor":3,"gold_loss":0,"cards_obtained":["Doubt"]},{"damage_healed":0,"gold_gain":61,"player_choice":"Gained Gold","damage_taken":0,"max_hp_gain":0,"max_hp_loss":0,"event_name":"Golden Wing","floor":13,"gold_loss":0}],"is_beta":true,"boss_relics":[],"items_purged_floors":[4],"is_endless":false,"potions_floor_spawned":[1,11,14],"killed_by":"Hexaghost","ascension_level":20}}