{"host":"djfsqftupta9xgss","time":1613124356,"event":{"mods":["ATMod(阿瑾Mod)","Act Like it!","BaseMod","Gensokyo","Minty Spire (QoL Compilation)","MostiFishMod","Replay The Spire","Spicy Shops","StSLib","TestMod"],"gold_per_floor":[116,130,55,55,75,107,107,152,152,204,129,184,214,75,75,198,198,242,279,279,350,350,404,404,461,461,511,551,172,240,120,120,247,247,286,286,286,358,227,227,268,370,393,438,438,713,-1346,-1298,-1298,-1240,-1197,-1197,-1197,-1197,-1131,-1015],"floor_reached":57,"language":"ZHS","playtime":1790,"items_purged":["Strike_R","Strike_R","Strike_R","Strike_R"],"score":3948,"play_id":"c4b91345-bfdd-4a46-acce-11649ad24a81","local_time":"20210212180556","is_ascension_mode":true,"campfire_choices":[{"data":"Feel No Pain","floor":7.0,"key":"SMITH"},{"data":"Pommel Strike","floor":15.0,"key":"SMITH"},{"data":"Bash","floor":32,"key":"PURGE"},{"floor":40,"key":"RECALL"},{"data":"Second Wind","floor":45,"key":"SMITH"},{"data":"Dark Embrace","floor":49,"key":"SMITH"},{"data":"Evolve","floor":53,"key":"SMITH"}],"circlet_count":0,"master_deck":["AscendersBane","Defend_R+1","Defend_R+1","Defend_R+1","Defend_R+1","AT_DarkMatter","AT_BodySlamDance","Shrug It Off","Feel No Pain+1","Offering","Second Wind+1","Pommel Strike+1","Reaper","Shame","Master of Strategy","Corruption","AbeCurse","Evolve+1","Dark Embrace+1","Power Through+1","Regret"],"relics":["AT_ATBox","testmod-TestBox","testmod-Motorcycle","SentryEyes","Runic Pyramid","SynthV:TestCard","Replay:Bandana","Paper Frog","ReplayFunnel","Replay:Bottled Eggs","Blood Vial","BargainBundle","Toy Ornithopter","AT_Manta","testmod-IWantAll","PreservedInsect","Abe\u0027s Treasure","Replay:Baseball","Replay:Wax Seal","The Courier","Replay:Bottled Snecko","Singing Bowl","Pen Nib","testmod-DeterminationOfClimber","DaveBox","Chemical X","testmod-IndustrialRevolution","Pet Ghost","Lantern","TheAbacus","Anchor","Omamori","CeramicFish","Sundial","SynthV:MejaisSoulstealer","AT_SpeedBoots"],"acts_visited":["Exordium","TheCity","TheBeyond","TheEnding"],"potions_floor_usage":[],"damage_taken":[{"damage":0.0,"enemies":"2 Louse","floor":1.0,"turns":2.0},{"damage":0.0,"enemies":"Jaw Worm","floor":2.0,"turns":2.0},{"damage":0.0,"enemies":"Cultist","floor":5.0,"turns":2.0},{"damage":7.0,"enemies":"Lagavulin","floor":6.0,"turns":3.0},{"damage":0.0,"enemies":"3 Sentries","floor":8.0,"turns":3.0},{"damage":9.0,"enemies":"Gremlin Nob","floor":10.0,"turns":3.0},{"damage":6.0,"enemies":"Lagavulin","floor":12.0,"turns":2.0},{"damage":6.0,"enemies":"Blue Slaver","floor":13.0,"turns":2.0},{"damage":5,"enemies":"Hexaghost","floor":16,"turns":4},{"damage":12,"enemies":"Chosen","floor":18,"turns":1},{"damage":12,"enemies":"Shell Parasite","floor":19,"turns":1},{"damage":0,"enemies":"Cultist and Chosen","floor":21,"turns":4},{"damage":12,"enemies":"Gremlin Leader","floor":23,"turns":1},{"damage":0,"enemies":"Shelled Parasite and Fungi","floor":25,"turns":2},{"damage":0,"enemies":"Replay:Snechameleon","floor":27,"turns":2},{"damage":0,"enemies":"Sentry and Sphere","floor":28,"turns":2},{"damage":0,"enemies":"Gremlin Leader","floor":30,"turns":2},{"damage":0,"enemies":"Champ","floor":33,"turns":4},{"damage":0,"enemies":"Orb Walker","floor":35,"turns":1},{"damage":12,"enemies":"3 Shapes","floor":38,"turns":1},{"damage":0,"enemies":"Maw","floor":41,"turns":1},{"damage":0,"enemies":"R_Hoarder","floor":42,"turns":3},{"damage":12,"enemies":"Giant Head","floor":44,"turns":1},{"damage":0,"enemies":"Nemesis","floor":48,"turns":1},{"damage":0,"enemies":"Awakened One","floor":50,"turns":2},{"damage":8,"enemies":"Time Eater","floor":51,"turns":3},{"damage":12,"enemies":"Shield and Spear","floor":55,"turns":1},{"damage":12,"enemies":"The Heart","floor":56,"turns":5}],"seed_played":"1167266959141648760","potions_obtained":[{"floor":6.0,"key":"SkillPotion"},{"floor":10.0,"key":"Explosive Potion"},{"floor":55,"key":"FairyPotion"}],"is_trial":false,"path_per_floor":["M","M","?","?","M","E","R","E","T","E","$","E","M","$","R","B",null,"M","M","?","M","?","E","T","M","T","E","M","$","E","$","R","B",null,"M","?","?","M","$","R","M","E","T","E","R","?","$","E","R","B","B",null,"R","$","E","B",null],"character_chosen":"IRONCLAD","items_purchased":["BargainBundle","Toy Ornithopter","Reaper","AT_Manta","testmod-IWantAll","PreservedInsect","HeartOfIron","Master of Strategy","Dark Embrace","Singing Bowl","testmod-IndustrialRevolution","TheAbacus","Anchor","Omamori","CeramicFish","Sundial","SynthV:MejaisSoulstealer"],"campfire_rested":0,"item_purchase_floors":[14,14,14,14,14,14,14,14,29,29,39,47,47,47,47,47,47],"current_hp_per_floor":[68,68,68,73,73,66,66,66,66,57,57,51,47,47,47,52,73,71,69,69,80,80,80,80,80,80,80,80,80,82,82,82,84,84,86,86,86,80,80,80,88,90,90,81,81,81,81,88,88,94,87,92,92,92,96,89],"gold":-1015,"neow_bonus":"BOSS_RELIC","is_daily":false,"chose_seed":false,"campfire_upgraded":5,"win_rate":0.0,"timestamp":1613124356,"path_taken":["M","M","?","?","M","E","R","E","T","E","?","E","M","$","R","BOSS","M","?","?","M","?","E","?","M","T","E","?","$","E","?","R","BOSS","M","?","?","?","$","R","M","E","T","E","R","?","?","E","R","BOSS","BOSS","R","$","E","BOSS"],"items_purchased_type":["Relic","Relic","Card","Relic","Relic","Relic","Potion","Card","Card","Relic","Relic","Relic","Relic","Relic","Relic","Relic","Relic"],"build_version":"2020-12-22","purchased_purges":4,"victory":true,"max_hp_per_floor":[75,75,75,80,80,80,80,80,80,80,80,80,80,80,80,80,80,80,80,80,80,80,80,80,80,80,80,80,80,82,82,82,84,84,86,86,86,86,86,86,88,90,90,92,92,92,92,94,94,94,94,94,94,94,96,96],"card_choices":[{"not_picked":["Iron Wave","Twin Strike","Sword Boomerang"],"picked":"SKIP","floor":1.0},{"not_picked":["Fire Breathing","Rupture","Havoc","Clash"],"picked":"AT_BodySlamDance","floor":2.0},{"not_picked":["Rampage","Twin Strike","Thunderclap","Burning Pact"],"picked":"Shrug It Off","floor":5.0},{"not_picked":["Thunderclap","Bloodletting","Metallicize","Wild Strike"],"picked":"Feel No Pain","floor":6.0},{"not_picked":["Hemokinesis","Wild Strike","Limit Break","Cleave"],"picked":"Offering","floor":8.0},{"not_picked":["Armaments","Fire Breathing","Body Slam","Anger","Headbutt"],"picked":"SKIP","floor":10.0},{"not_picked":["AT_BodySlamDance","Fire Breathing","Sever Soul","Dual Wield"],"picked":"Second Wind","floor":12.0},{"not_picked":["True Grit","Metallicize","Dropkick","Headbutt"],"picked":"Pommel Strike","floor":13.0},{"not_picked":["MostiFishMod:CullingBlade","MostiFishMod:ChineseTea","MostiFishMod:RainCloud","MostiFishMod:Chiaki"],"picked":"Corruption","floor":16},{"not_picked":["Shrug It Off+1","Ghostly Armor","Pommel Strike","Sword Boomerang","Rage"],"picked":"SKIP","floor":18},{"not_picked":["Fire Breathing","Warcry","Uppercut","Sentinel","AT_DrawKnifeCut"],"picked":"SKIP","floor":19},{"not_picked":["Ghostly Armor","AT_ManFootWork","AT_CaressingTears","Heavy Blade","Fire Breathing"],"picked":"SKIP","floor":21},{"not_picked":["Sever Soul","Ghostly Armor+1","AT_BodySlamDance","Infernal Blade","MostiFishMod:Chiaki"],"picked":"SKIP","floor":23},{"not_picked":["Sword Boomerang","Bloodletting","Flex","AT_ShrugMaster"],"picked":"Evolve","floor":25},{"not_picked":["Sentinel","True Grit+1","Shrug It Off","Infernal Blade","Seeing Red"],"picked":"SKIP","floor":27},{"not_picked":["Flame Barrier","Wild Strike","MostiFishMod:#F4004","Headbutt","Battle Trance"],"picked":"SKIP","floor":28},{"not_picked":["Flame Barrier","Thunderclap","Intimidate","Anger","Blood for Blood"],"picked":"Singing Bowl","floor":30},{"not_picked":["Corruption","MostiFishMod:RacingGame","Bludgeon","MostiFishMod:ChineseTea","MostiFishMod:NewArrival"],"picked":"Singing Bowl","floor":33},{"not_picked":["Perfected Strike","Headbutt","Anger+1","True Grit","Armaments+1"],"picked":"Singing Bowl","floor":35},{"not_picked":["Rupture","Uppercut","Havoc+1","Hemokinesis"],"picked":"Power Through+1","floor":38},{"not_picked":["Anger","Dropkick","Dark Embrace","Armaments+1","Second Wind+1"],"picked":"Singing Bowl","floor":41},{"not_picked":["Searing Blow+1","MostiFishMod:BrandingRite","Dual Wield","Flex+1","MostiFishMod:KnuckleDown"],"picked":"Singing Bowl","floor":42},{"not_picked":["Carnage","Headbutt","Iron Wave","Ghostly Armor","Wild Strike"],"picked":"Singing Bowl","floor":44},{"not_picked":["Power Through+1","Anger","Perfected Strike+1","Infernal Blade","MostiFishMod:BrandingRite"],"picked":"Singing Bowl","floor":48},{"not_picked":["Disarm","Fire Breathing","Warcry","Carnage","Cleave"],"picked":"Singing Bowl","floor":55}],"player_experience":394050,"relics_obtained":[{"floor":1.0,"key":"SynthV:TestCard"},{"floor":6.0,"key":"Replay:Bandana"},{"floor":8.0,"key":"Paper Frog"},{"floor":9.0,"key":"ReplayFunnel"},{"floor":10.0,"key":"Replay:Bottled Eggs"},{"floor":12.0,"key":"Blood Vial"},{"floor":23,"key":"Replay:Baseball"},{"floor":24,"key":"Replay:Wax Seal"},{"floor":26,"key":"The Courier"},{"floor":27,"key":"Replay:Bottled Snecko"},{"floor":30,"key":"Pen Nib"},{"floor":42,"key":"Pet Ghost"},{"floor":44,"key":"Lantern"},{"floor":48,"key":"AT_SpeedBoots"}],"event_choices":[{"cards_removed":["Strike_R"],"damage_healed":0.0,"max_hp_gain":0.0,"max_hp_loss":0.0,"gold_gain":0.0,"event_name":"The Cleric","player_choice":"Card Removal","floor":3.0,"gold_loss":75.0,"damage_taken":0.0},{"damage_healed":0.0,"max_hp_gain":5.0,"max_hp_loss":0.0,"gold_gain":0.0,"event_name":"Big Fish","player_choice":"Donut","floor":4.0,"gold_loss":0.0,"damage_taken":0.0},{"damage_healed":0,"gold_gain":0,"player_choice":"Ignored","damage_taken":0,"max_hp_gain":0,"max_hp_loss":0,"event_name":"Vampires","floor":20,"gold_loss":0},{"damage_healed":0,"gold_gain":0,"player_choice":"Swap Relic","damage_taken":0,"relics_obtained":["DaveBox"],"max_hp_gain":0,"max_hp_loss":0,"event_name":"给自己的盒子","floor":36,"relics_lost":["DaveBox"],"gold_loss":0},{"damage_healed":0,"gold_gain":0,"player_choice":"Got Potions","damage_taken":0,"max_hp_gain":0,"max_hp_loss":0,"event_name":"Lab","floor":37,"gold_loss":0},{"damage_healed":0,"gold_gain":275,"player_choice":"Desecrate","damage_taken":0,"max_hp_gain":0,"max_hp_loss":0,"event_name":"Golden Shrine","floor":46,"gold_loss":0,"cards_obtained":["Regret"]}],"is_beta":false,"boss_relics":[{"not_picked":["BloodWine","testmod-KeyOfTheVoid"],"picked":"Abe\u0027s Treasure"},{"not_picked":["Electric Blood","testmod-NegativeEmotionEnhancer"],"picked":"testmod-DeterminationOfClimber"}],"items_purged_floors":[11,14,29,31],"is_endless":false,"potions_floor_spawned":[6,10,12,13,16,18,23,30,35,44,48,55],"ascension_level":20}}