{"host":"udzsrhbqdxqtlypj","time":1613169010,"event":{"mods":["BaseMod","Minty Spire (QoL Compilation)","Relic Stats"],"gold_per_floor":[109,125,200,214,74,74,108,126,149,195,132,148,178,29,29,106,106,126,139,156,156,255,255,255,255,255],"floor_reached":25,"language":"ENG","playtime":7464,"items_purged":["Strike_B"],"score":431,"play_id":"3384d970-f603-4a79-b7dd-a21ace6f8966","local_time":"20210212163010","is_ascension_mode":true,"campfire_choices":[{"data":"Dramatic Entrance","floor":6.0,"key":"SMITH"},{"data":"Zap","floor":15.0,"key":"SMITH"},{"data":"Dualcast","floor":23.0,"key":"SMITH"}],"circlet_count":0,"master_deck":["AscendersBane","Strike_B","Strike_B","Strike_B","Defend_B","Defend_B","Defend_B","Defend_B","Zap+1","Dualcast+1","Beam Cell","Gash","Turbo","Dramatic Entrance+1","Go for the Eyes","Chill","Fission","Hologram","Gash","Ghostly","Ghostly","Ghostly","Ghostly","Ghostly"],"relics":["FrozenCore","Unceasing Top","Oddly Smooth Stone","MawBank","Bag of Marbles","Nunchaku","Medical Kit"],"acts_visited":["Exordium","TheCity"],"potions_floor_usage":[],"damage_taken":[{"damage":0.0,"enemies":"2 Louse","floor":1.0,"turns":3.0},{"damage":1.0,"enemies":"Cultist","floor":2.0,"turns":3.0},{"damage":7.0,"enemies":"Jaw Worm","floor":4.0,"turns":3.0},{"damage":11.0,"enemies":"Gremlin Nob","floor":7.0,"turns":3.0},{"damage":5.0,"enemies":"Exordium Thugs","floor":8.0,"turns":3.0},{"damage":17.0,"enemies":"Lagavulin","floor":10.0,"turns":7.0},{"damage":6.0,"enemies":"Blue Slaver","floor":12.0,"turns":2.0},{"damage":0.0,"enemies":"Gremlin Nob","floor":13.0,"turns":2.0},{"damage":5.0,"enemies":"Hexaghost","floor":16.0,"turns":9.0},{"damage":10.0,"enemies":"2 Thieves","floor":18.0,"turns":5.0},{"damage":4.0,"enemies":"Shell Parasite","floor":19.0,"turns":4.0},{"damage":8.0,"enemies":"Sentry and Sphere","floor":20.0,"turns":5.0},{"damage":39,"enemies":"Cultist and Chosen","floor":25,"turns":6}],"seed_played":"3832419055465918263","potions_obtained":[{"floor":2.0,"key":"SmokeBomb"},{"floor":7.0,"key":"SpeedPotion"},{"floor":10.0,"key":"DistilledChaos"},{"floor":12.0,"key":"Swift Potion"},{"floor":19.0,"key":"Swift Potion"}],"is_trial":false,"path_per_floor":["M","M","?","M","$","R","E","M","T","E","$","M","E","$","R","B",null,"M","M","M","?","?","R","?","M"],"character_chosen":"DEFECT","items_purchased":["Turbo","Dramatic Entrance","Medical Kit"],"campfire_rested":0,"item_purchase_floors":[5,5,14],"current_hp_per_floor":[68,67,61,54,54,54,43,38,38,21,21,15,15,15,15,10,54,44,40,32,32,32,32,29,0,0],"gold":255,"neow_bonus":"ONE_RARE_RELIC","is_daily":false,"chose_seed":false,"campfire_upgraded":3,"win_rate":0.0,"timestamp":1613169010,"path_taken":["M","M","?","M","?","R","E","M","T","E","?","?","E","$","R","BOSS","M","M","M","?","?","R","?","?"],"items_purchased_type":["Card","Card","Relic"],"build_version":"2020-12-22","purchased_purges":1,"victory":false,"max_hp_per_floor":[68,68,68,68,68,68,68,68,68,68,68,68,68,68,68,68,68,68,68,68,34,34,34,34,34,34],"relic_stats":{"Nunchaku":[8],"counters":[13,55],"MawBank":24,"Medical Kit":[15],"obtain_stats":[{"Nunchaku":13,"Oddly Smooth Stone":7,"Bag of Marbles":10,"Cracked Core":0,"MawBank":9,"Medical Kit":14,"Unceasing Top":0,"FrozenCore":17},{"Nunchaku":8,"Oddly Smooth Stone":4,"Bag of Marbles":6,"Cracked Core":0,"MawBank":5,"Medical Kit":8,"Unceasing Top":0,"FrozenCore":9},{"Nunchaku":26,"Oddly Smooth Stone":12,"Bag of Marbles":22,"Cracked Core":0,"MawBank":15,"Medical Kit":26,"Unceasing Top":0,"FrozenCore":35}],"Unceasing Top":[95],"FrozenCore":[13]},"card_choices":[{"not_picked":["Hologram","Stack"],"picked":"Beam Cell","floor":1.0},{"not_picked":["Chaos","Doom and Gloom"],"picked":"Gash","floor":2.0},{"not_picked":["Tempest","Storm","Barrage"],"picked":"SKIP","floor":4.0},{"not_picked":["Chaos","Leap"],"picked":"Go for the Eyes","floor":7.0},{"not_picked":["Ball Lightning","Compile Driver","Buffer"],"picked":"SKIP","floor":8.0},{"not_picked":["Hello World","Tempest","Force Field"],"picked":"SKIP","floor":10.0},{"not_picked":["Coolheaded","Redo"],"picked":"Chill","floor":12.0},{"not_picked":["Redo","Double Energy","Rip and Tear"],"picked":"SKIP","floor":13.0},{"not_picked":["Creative AI","Multi-Cast"],"picked":"Fission","floor":16.0},{"not_picked":["Defragment","Chaos"],"picked":"Hologram","floor":18.0},{"not_picked":["Heatsinks","Coolheaded","Darkness"],"picked":"SKIP","floor":19.0},{"not_picked":["Steam","Chill"],"picked":"Gash","floor":20.0}],"player_experience":2890491,"relics_obtained":[{"floor":7.0,"key":"Oddly Smooth Stone"},{"floor":9.0,"key":"MawBank"},{"floor":10.0,"key":"Bag of Marbles"},{"floor":13.0,"key":"Nunchaku"}],"event_choices":[{"damage_healed":0.0,"max_hp_gain":0.0,"max_hp_loss":0.0,"gold_gain":75.0,"event_name":"FaceTrader","player_choice":"Touch","floor":3.0,"gold_loss":0.0,"damage_taken":6.0},{"damage_healed":0.0,"max_hp_gain":0.0,"max_hp_loss":34.0,"gold_gain":0.0,"event_name":"Ghosts","player_choice":"Became a Ghost","floor":21.0,"gold_loss":0.0,"damage_taken":0.0,"cards_obtained":["Ghostly","Ghostly","Ghostly","Ghostly","Ghostly"]},{"damage_healed":0.0,"max_hp_gain":0.0,"max_hp_loss":0.0,"gold_gain":99.0,"event_name":"Nest","player_choice":"Stole From Cult","floor":22.0,"gold_loss":0.0,"damage_taken":0.0},{"damage_healed":0.0,"max_hp_gain":0.0,"max_hp_loss":0.0,"gold_gain":0.0,"event_name":"Wheel of Change","player_choice":"Damaged","floor":24.0,"gold_loss":0.0,"damage_taken":3.0}],"is_beta":false,"boss_relics":[{"not_picked":["Black Star","Astrolabe"],"picked":"FrozenCore"}],"items_purged_floors":[11],"is_endless":false,"potions_floor_spawned":[2,7,10,12,19],"killed_by":"Cultist and Chosen","ascension_level":13}}