{"host":"k5fgrtcqzqosfxt0","time":1613136337,"event":{"mods":["Act Like it!","Aspiration","BaseMod","Downfall","Gensokyo","Minty Spire (QoL Compilation)","StSLib","TestMod","UnlockEverythingMod"],"gold_per_floor":[118,193,193,205,223,239,265,265,265,97,129,129,142,122,122,201,201,220,238,238,238,248,274,274,306,306,317,327,352,371,107,107,186,186,203,203,221,221,238,238,250,250,250,250,277,293,322,322,322],"floor_reached":48,"language":"ZHS","playtime":2150,"items_purged":["Strike_B","Strike_B"],"score":1374,"play_id":"051e7873-28be-42cb-8a06-80e67ea84ae3","local_time":"20210212212537","is_ascension_mode":true,"campfire_choices":[{"data":"Dualcast","floor":8.0,"key":"SMITH"},{"data":"Coolheaded","floor":12.0,"key":"SMITH"},{"data":"Consume","floor":15.0,"key":"SMITH"},{"floor":24.0,"key":"REST"},{"data":"Heatsinks","floor":32.0,"key":"SMITH"},{"floor":40.0,"key":"RECALL"},{"data":"Defragment","floor":42,"key":"SMITH"}],"circlet_count":0,"master_deck":["AscendersBane","Strike_B+1","Defend_B","Defend_B","Defend_B","Defend_B","Dualcast+1","Crippling Poison","Infinite Blades","Capacitor","Ball Lightning+1","Rainbow","Coolheaded+1","Heatsinks+1","Consume+1","Electrodynamics","Chill","Ghostly","Ghostly","Ghostly","Force Field","Skim","BootSequence+1","Capacitor","Creative AI","Defragment+1","Creative AI","Aggregate"],"relics":["Cracked Core","testmod-TestBox","NeowsBlessing","testmod-CardMagician","Mercury Hourglass","Oddly Smooth Stone","testmod-EqualTreatment","Velvet Choker","Pen Nib","Kunai","Mummified Hand","testmod-FatalChain","Runic Capacitor","testmod-TimeTraveler","Gremlin Horn","Whetstone"],"acts_visited":["Exordium","TheCity","TheBeyond"],"potions_floor_usage":[48],"damage_taken":[{"damage":0.0,"enemies":"2 Louse","floor":1.0,"turns":1.0},{"damage":0.0,"enemies":"Small Slimes","floor":4.0,"turns":1.0},{"damage":0.0,"enemies":"Cultist","floor":5.0,"turns":1.0},{"damage":13.0,"enemies":"3 Louse","floor":6.0,"turns":4.0},{"damage":15.0,"enemies":"Lagavulin","floor":7.0,"turns":5.0},{"damage":8.0,"enemies":"Gremlin Nob","floor":11.0,"turns":3.0},{"damage":2.0,"enemies":"Gremlin Gang","floor":13.0,"turns":2.0},{"damage":1.0,"enemies":"Hexaghost","floor":16.0,"turns":6.0},{"damage":27.0,"enemies":"Shell Parasite","floor":18.0,"turns":4.0},{"damage":9.0,"enemies":"Spheric Guardian","floor":19.0,"turns":4.0},{"damage":0.0,"enemies":"Snake Plant","floor":22.0,"turns":6.0},{"damage":18.0,"enemies":"Book of Stabbing","floor":23.0,"turns":6.0},{"damage":0.0,"enemies":"Gremlin Leader","floor":25.0,"turns":5.0},{"damage":4.0,"enemies":"Centurion and Healer","floor":27.0,"turns":5.0},{"damage":8.0,"enemies":"3 Cultists","floor":28.0,"turns":4.0},{"damage":5.0,"enemies":"Book of Stabbing","floor":29.0,"turns":6.0},{"damage":0.0,"enemies":"Snake Plant","floor":30.0,"turns":3.0},{"damage":0.0,"enemies":"Automaton","floor":33.0,"turns":4.0},{"damage":0.0,"enemies":"3 Darklings","floor":35.0,"turns":3.0},{"damage":12.0,"enemies":"Orb Walker","floor":37.0,"turns":4.0},{"damage":0.0,"enemies":"Sphere and 2 Shapes","floor":39.0,"turns":4.0},{"damage":2,"enemies":"Writhing Mass","floor":41,"turns":6},{"damage":4,"enemies":"Nemesis","floor":45,"turns":7},{"damage":4,"enemies":"Transient","floor":46,"turns":6},{"damage":0,"enemies":"Giant Head","floor":47,"turns":10},{"damage":7,"enemies":"Jaw Worm Horde","floor":48,"turns":2}],"seed_played":"-887686575796361217","potions_obtained":[{"floor":1.0,"key":"Fire Potion"},{"floor":5.0,"key":"AttackPotion"},{"floor":13.0,"key":"Explosive Potion"},{"floor":14.0,"key":"LiquidMemories"},{"floor":25.0,"key":"Regen Potion"},{"floor":33.0,"key":"DistilledChaos"},{"floor":37.0,"key":"PowerPotion"}],"is_trial":false,"path_per_floor":["M","?","?","M","M","M","E","R","T","$","E","R","M","?","R","B",null,"M","M","?","?","M","E","R","E","T","M","M","E","M","$","R","B",null,"M","?","M","?","M","R","M","R","T","?","E","M","E","M"],"character_chosen":"DEFECT","items_purchased":["Coolheaded","Heatsinks","Runic Capacitor"],"campfire_rested":1,"item_purchase_floors":[10,10,31],"current_hp_per_floor":[64,53,53,53,53,40,25,25,25,25,17,17,15,15,15,14,57,30,21,21,21,21,3,13,13,13,9,1,11,11,11,11,11,29,29,29,17,17,17,17,15,15,15,15,11,7,7,0,0],"gold":322,"neow_bonus":"THREE_ENEMY_KILL","is_daily":false,"chose_seed":false,"campfire_upgraded":5,"win_rate":0.0,"timestamp":1613136337,"path_taken":["M","?","?","?","M","M","E","R","T","$","E","R","M","?","R","BOSS","M","?","?","?","?","E","R","E","T","M","M","E","M","$","R","BOSS","M","?","M","?","M","R","M","R","T","?","E","M","E","M"],"items_purchased_type":["Card","Card","Relic"],"build_version":"2020-12-22","purchased_purges":2,"victory":false,"max_hp_per_floor":[71,71,71,71,71,71,71,71,71,71,71,71,71,71,71,71,71,71,71,35,35,35,35,35,35,35,35,35,35,35,35,35,35,35,35,35,35,35,35,35,35,35,35,35,35,35,35,35,35],"card_choices":[{"not_picked":["Steam","Genetic Algorithm"],"picked":"Storm","floor":1.0},{"not_picked":["Turbo","Compile Driver"],"picked":"Capacitor","floor":4.0},{"not_picked":["Barrage","Aggregate"],"picked":"Ball Lightning","floor":5.0},{"not_picked":["Hologram","Rebound","Double Energy"],"picked":"SKIP","floor":6.0},{"not_picked":["Streamline","Go for the Eyes"],"picked":"Rainbow","floor":7.0},{"not_picked":["Streamline","Stack","Barrage"],"picked":"SKIP","floor":11.0},{"not_picked":["Turbo","Gash"],"picked":"Consume","floor":13.0},{"not_picked":["Multi-Cast","Echo Form"],"picked":"Electrodynamics","floor":16.0},{"not_picked":["Leap","Streamline"],"picked":"Chill","floor":18.0},{"not_picked":["Streamline+1","Double Energy","Lockon"],"picked":"SKIP","floor":19.0},{"not_picked":["Rebound","Barrage","Sweeping Beam"],"picked":"SKIP","floor":22.0},{"not_picked":["Tempest+1","Rebound"],"picked":"Force Field","floor":23.0},{"not_picked":["Defragment","Barrage"],"picked":"Skim","floor":25.0},{"not_picked":["Cold Snap","Amplify","Undo"],"picked":"SKIP","floor":27.0},{"not_picked":["Rip and Tear","Compile Driver"],"picked":"BootSequence+1","floor":28.0},{"not_picked":["Gash","Consume+1"],"picked":"Capacitor","floor":29.0},{"not_picked":["Leap","Stack","Cold Snap+1"],"picked":"SKIP","floor":30.0},{"not_picked":["Rainbow","Hyperbeam"],"picked":"Creative AI","floor":33.0},{"not_picked":["Hologram+1","Steam+1","Chaos"],"picked":"SKIP","floor":35.0},{"not_picked":["Go for the Eyes+1","Sunder","Cold Snap"],"picked":"SKIP","floor":37.0},{"not_picked":["Beam Cell","Gash"],"picked":"Defragment","floor":39.0},{"not_picked":["Beam Cell+1","Cold Snap","Go for the Eyes"],"picked":"SKIP","floor":41},{"not_picked":["Tempest","Steam Power+1","Chill"],"picked":"SKIP","floor":45},{"not_picked":["Conserve Battery+1","Streamline"],"picked":"Creative AI","floor":46},{"not_picked":["Streamline","Ball Lightning+1"],"picked":"Aggregate","floor":47}],"player_experience":648839,"relics_obtained":[{"floor":7.0,"key":"Mercury Hourglass"},{"floor":9.0,"key":"Oddly Smooth Stone"},{"floor":11.0,"key":"testmod-EqualTreatment"},{"floor":23.0,"key":"Pen Nib"},{"floor":25.0,"key":"Kunai"},{"floor":26.0,"key":"Mummified Hand"},{"floor":29.0,"key":"testmod-FatalChain"},{"floor":45,"key":"Gremlin Horn"},{"floor":47,"key":"Whetstone"}],"event_choices":[{"damage_healed":0.0,"max_hp_gain":0.0,"max_hp_loss":0.0,"gold_gain":75.0,"event_name":"World of Goop","player_choice":"Gather Gold","floor":2.0,"gold_loss":0.0,"damage_taken":11.0},{"damage_healed":0.0,"max_hp_gain":0.0,"max_hp_loss":0.0,"gold_gain":0.0,"event_name":"The Woman in Blue","player_choice":"Bought 1 Potion","floor":14.0,"gold_loss":0.0,"damage_taken":0.0},{"damage_healed":0.0,"max_hp_gain":0.0,"max_hp_loss":36.0,"gold_gain":0.0,"event_name":"Ghosts","player_choice":"Became a Ghost","floor":20.0,"gold_loss":0.0,"damage_taken":0.0,"cards_obtained":["Ghostly","Ghostly","Ghostly"]},{"damage_healed":0.0,"max_hp_gain":0.0,"max_hp_loss":0.0,"gold_gain":0.0,"event_name":"Cursed Tome","player_choice":"Ignored","floor":21.0,"gold_loss":0.0,"damage_taken":0.0},{"damage_healed":0.0,"max_hp_gain":0.0,"max_hp_loss":0.0,"gold_gain":0.0,"event_name":"Tomb of Lord Red Mask","player_choice":"Ignored","floor":36.0,"gold_loss":0.0,"damage_taken":0.0},{"damage_healed":0.0,"max_hp_gain":0.0,"max_hp_loss":0.0,"gold_gain":0.0,"event_name":"SensoryStone","player_choice":"Memory 1","floor":38.0,"gold_loss":0.0,"damage_taken":0.0},{"cards_removed":["Dagger Throw"],"damage_healed":0,"gold_gain":0,"player_choice":"Removed Attack","damage_taken":0,"max_hp_gain":0,"max_hp_loss":0,"event_name":"Falling","floor":44,"gold_loss":0}],"is_beta":false,"boss_relics":[{"not_picked":["testmod-KeyOfTheVoid","aspiration:SilentSkillbook"],"picked":"Velvet Choker"},{"not_picked":["Runic Dome","aspiration:SecretTechniqueScroll"],"picked":"testmod-TimeTraveler"}],"items_purged_floors":[10,31],"is_endless":false,"potions_floor_spawned":[1,5,13,19,25,27,33,37,39,46],"killed_by":"Jaw Worm Horde","ascension_level":20}}