{"host":"anox4050deqdcqoh","time":1613170358,"event":{"mods":["BaseMod","Colored Map","Highlight Path","Minty Spire (QoL Compilation)","Quick Restart","Rare Cards Sparkle","everything is the same but u backflip on backflip"],"gold_per_floor":[111,111,186,43,68,68,18,18,18,18,18,34,74,94,94,215,215,229,229,229,254,269,269,294,294,345,361,361,400,400,400,400,400,400],"floor_reached":33,"language":"ENG","playtime":1348,"items_purged":["Strike_R"],"score":302,"play_id":"50b00fc5-f281-4e2e-baea-9c85fb483586","local_time":"20210212175238","is_ascension_mode":true,"campfire_choices":[{"data":"Uppercut","floor":6,"key":"SMITH"},{"data":"Dual Wield","floor":8,"key":"SMITH"},{"floor":10,"key":"REST"},{"floor":15,"key":"REST"},{"data":"Iron Wave","floor":23,"key":"SMITH"},{"floor":25,"key":"REST"},{"floor":28,"key":"REST"},{"floor":32,"key":"REST"}],"circlet_count":0,"master_deck":["Strike_R","Strike_R","Defend_R","Defend_R","Bash","Uppercut+1","Dual Wield+1","Iron Wave+1","Sword Boomerang","Thunderclap","Juggernaut","Sword Boomerang","Shrug It Off","Burning Pact","Ghostly Armor+1"],"relics":["Runic Pyramid","HornCleat","Anchor","Busted Crown","Meat on the Bone","Nloth\u0027s Gift"],"acts_visited":["Exordium","TheCity"],"potions_floor_usage":[16,16,16,24,29],"damage_taken":[{"damage":11,"enemies":"Small Slimes","floor":1,"turns":3},{"damage":4,"enemies":"Jaw Worm","floor":5,"turns":5},{"damage":0,"enemies":"2 Louse","floor":12,"turns":2},{"damage":23,"enemies":"3 Sentries","floor":13,"turns":9},{"damage":15,"enemies":"Gremlin Gang","floor":14,"turns":7},{"damage":49,"enemies":"The Guardian","floor":16,"turns":20},{"damage":2,"enemies":"3 Byrds","floor":18,"turns":5},{"damage":18,"enemies":"Spheric Guardian","floor":21,"turns":5},{"damage":17,"enemies":"Snake Plant","floor":22,"turns":5},{"damage":37,"enemies":"Snecko","floor":24,"turns":5},{"damage":0,"enemies":"Centurion and Healer","floor":27,"turns":7},{"damage":11,"enemies":"Book of Stabbing","floor":29,"turns":6},{"damage":0,"enemies":"Automaton","floor":33,"turns":1}],"seed_played":"1570925011109896149","potions_obtained":[{"floor":1,"key":"PowerPotion"},{"floor":12,"key":"SkillPotion"},{"floor":16,"key":"Dexterity Potion"},{"floor":18,"key":"Explosive Potion"},{"floor":24,"key":"BlessingOfTheForge"},{"floor":29,"key":"SneckoOil"}],"is_trial":false,"path_per_floor":["M","?","?","$","M","R","$","R","T","R","?","M","E","M","R","B",null,"M","?","?","M","M","R","M","R","T","M","R","E","?","?","R","B"],"character_chosen":"IRONCLAD","items_purchased":["Dual Wield","BloodPotion"],"campfire_rested":5,"item_purchase_floors":[4,7],"current_hp_per_floor":[69,49,38,38,34,34,34,34,34,58,58,58,35,20,44,11,80,78,78,78,60,43,43,6,30,30,30,54,43,43,43,67,67,67],"gold":400,"neow_bonus":"BOSS_RELIC","is_daily":false,"chose_seed":false,"campfire_upgraded":3,"win_rate":0.0,"timestamp":1613170358,"path_taken":["M","?","?","$","M","R","$","R","T","R","?","?","E","M","R","BOSS","M","?","?","M","M","R","M","R","T","M","R","E","?","?","R","BOSS"],"items_purchased_type":["Card","Potion"],"build_version":"2020-12-22","purchased_purges":1,"victory":false,"max_hp_per_floor":[80,80,80,80,80,80,80,80,80,80,80,80,80,80,80,80,80,80,80,80,80,80,80,80,80,80,80,80,80,80,80,80,80,80],"card_choices":[{"not_picked":["Intimidate","Shrug It Off"],"picked":"Uppercut","floor":1},{"not_picked":["Dropkick","Wild Strike","Sever Soul"],"picked":"SKIP","floor":5},{"not_picked":["Flex","Sword Boomerang"],"picked":"Iron Wave","floor":12},{"not_picked":["Shrug It Off","Iron Wave"],"picked":"Sword Boomerang","floor":13},{"not_picked":["Dual Wield","Power Through"],"picked":"Thunderclap","floor":14},{"not_picked":["Brutality","Impervious"],"picked":"Juggernaut","floor":16},{"not_picked":[],"picked":"Sword Boomerang","floor":18},{"not_picked":["Dropkick"],"picked":"SKIP","floor":21},{"not_picked":["Shrug It Off"],"picked":"SKIP","floor":22},{"not_picked":["Perfected Strike+1"],"picked":"SKIP","floor":24},{"not_picked":[],"picked":"Ghostly Armor+1","floor":27},{"not_picked":["Thunderclap"],"picked":"SKIP","floor":29}],"player_experience":455567,"relics_obtained":[{"floor":9,"key":"HornCleat"},{"floor":13,"key":"Anchor"},{"floor":29,"key":"Meat on the Bone"}],"event_choices":[{"damage_healed":0,"gold_gain":0,"player_choice":"Take Damage","damage_taken":20,"relics_obtained":["Golden Idol"],"max_hp_gain":0,"max_hp_loss":0,"event_name":"Golden Idol","floor":2,"gold_loss":0},{"damage_healed":0,"gold_gain":75,"player_choice":"Gather Gold","damage_taken":11,"max_hp_gain":0,"max_hp_loss":0,"event_name":"World of Goop","floor":3,"gold_loss":0},{"cards_removed":["Defend_R"],"damage_healed":0,"gold_gain":0,"player_choice":"Purged","damage_taken":0,"max_hp_gain":0,"max_hp_loss":0,"event_name":"Purifier","floor":11,"gold_loss":0},{"damage_healed":0,"gold_gain":0,"cards_transformed":["Defend_R","Strike_R"],"player_choice":"Became Test Subject","damage_taken":0,"max_hp_gain":0,"max_hp_loss":0,"event_name":"Drug Dealer","floor":19,"gold_loss":0,"cards_obtained":["Shrug It Off","Burning Pact"]},{"cards_removed":["Strike_R"],"damage_healed":0,"gold_gain":0,"player_choice":"Elegance","damage_taken":0,"max_hp_gain":0,"max_hp_loss":0,"event_name":"Back to Basics","floor":20,"gold_loss":0},{"damage_healed":0,"gold_gain":0,"player_choice":"Ignored","damage_taken":0,"max_hp_gain":0,"max_hp_loss":0,"event_name":"Vampires","floor":30,"gold_loss":0},{"damage_healed":0,"gold_gain":0,"player_choice":"Traded Relic","damage_taken":0,"relics_obtained":["Nloth\u0027s Gift"],"max_hp_gain":0,"max_hp_loss":0,"event_name":"N\u0027loth","floor":31,"relics_lost":["Golden Idol"],"gold_loss":0}],"is_beta":false,"boss_relics":[{"not_picked":["Runic Cube","Sozu"],"picked":"Busted Crown"}],"items_purged_floors":[4],"is_endless":false,"potions_floor_spawned":[1,12,16,18,24,29],"killed_by":"Automaton","ascension_level":3}}