{"host":"f2zkc2gsfwbibc34","time":1613139100,"event":{"mods":["AchievementEnabler","BaseMod","Better Note","Colored Map","Colored Powertips","Defuse TimeMaze Blight","Minty Spire (QoL Compilation)","Permanent Neow","StSLib","SuperFastMode","The Marked"],"gold_per_floor":[111,123,142,142,159,159,193,205,228,240,307,337,349,321,333,446,458,488,500,532,79,79,79,146,159,186,186,214,234,253,67,67,167,167,177,277,291,62,139,139,156,156,156,156,156,9,9,23,23,23,23],"floor_reached":50,"language":"ENG","playtime":4914,"items_purged":["theMarked:Defend"],"score":487,"play_id":"e2e0c4c9-0d3a-4ef7-b0e2-5f95a845d801","local_time":"20210212151140","is_ascension_mode":false,"campfire_choices":[{"data":"theMarked:SoldierOfQuellstein","floor":6,"key":"SMITH"},{"floor":13,"key":"REST"},{"floor":15,"key":"REST"},{"data":"theMarked:EmpowerWeapon","floor":23,"key":"SMITH"},{"data":"theMarked:WardOff","floor":27,"key":"SMITH"},{"floor":32,"key":"REST"},{"floor":40,"key":"REST"},{"floor":42,"key":"REST"},{"floor":44,"key":"REST"},{"data":"theMarked:Seal","floor":45,"key":"SMITH"},{"data":"theMarked:ParalyzingBlade","floor":47,"key":"SMITH"},{"data":"theMarked:Improvise","floor":49,"key":"SMITH"}],"circlet_count":0,"master_deck":["theMarked:Strike+1","theMarked:Strike+1","theMarked:Strike","theMarked:Strike","theMarked:Defend","theMarked:Defend","theMarked:Defend","theMarked:SoldierOfQuellstein+1","theMarked:Levitate","theMarked:Memento","theMarked:Seal+1","theMarked:Improvise+1","theMarked:WardOff+1","theMarked:Vacuum","theMarked:Challenge","theMarked:WardOff+1","theMarked:EmpowerWeapon+1","theMarked:BindingBlade","Chrysalis","theMarked:EmpowerWeapon","theMarked:Generate+1","theMarked:ParalyzingBlade+1","theMarked:Challenge","theMarked:RogueSparks+1","theMarked:OneWithTheBlade","theMarked:Determination+1","theMarked:WardOff+1","theMarked:TwofoldDefense+1"],"relics":["theMarked:ArtifactOfAir","Tiny Chest","MawBank","Boot","Sozu","Strawberry","Happy Flower","SsserpentHead","Ancient Tea Set","Oddly Smooth Stone","Whetstone","theMarked:Eyepatch","WingedGreaves","Medical Kit","PreservedInsect","Regal Pillow","TheAbacus"],"acts_visited":["Exordium","TheCity","TheBeyond"],"potions_floor_usage":[7,29,33,36],"damage_taken":[{"damage":0,"enemies":"Cultist","floor":1,"turns":5},{"damage":0,"enemies":"Small Slimes","floor":2,"turns":3},{"damage":0,"enemies":"2 Louse","floor":3,"turns":3},{"damage":0,"enemies":"2 Fungi Beasts","floor":5,"turns":4},{"damage":38,"enemies":"3 Sentries","floor":7,"turns":10},{"damage":0,"enemies":"Red Slaver","floor":8,"turns":1},{"damage":15,"enemies":"Lagavulin Event","floor":11,"turns":5},{"damage":0,"enemies":"Looter","floor":12,"turns":3},{"damage":36,"enemies":"The Guardian","floor":16,"turns":9},{"damage":0,"enemies":"Spheric Guardian","floor":18,"turns":3},{"damage":0,"enemies":"Shell Parasite","floor":20,"turns":5},{"damage":0,"enemies":"Centurion and Healer","floor":24,"turns":4},{"damage":21,"enemies":"3 Cultists","floor":25,"turns":5},{"damage":17,"enemies":"Gremlin Leader","floor":28,"turns":6},{"damage":0,"enemies":"Cultist and Chosen","floor":29,"turns":4},{"damage":1,"enemies":"Snecko","floor":30,"turns":4},{"damage":29,"enemies":"Collector","floor":33,"turns":7},{"damage":63,"enemies":"3 Darklings","floor":35,"turns":9},{"damage":0,"enemies":"Mind Bloom Boss Battle","floor":36,"turns":6},{"damage":8,"enemies":"3 Shapes","floor":37,"turns":6},{"damage":13,"enemies":"Jaw Worm Horde","floor":41,"turns":6},{"damage":11,"enemies":"3 Darklings","floor":48,"turns":7},{"damage":71,"enemies":"Time Eater","floor":50,"turns":13}],"seed_played":"5736948366760777967","potions_obtained":[{"floor":3,"key":"Strength Potion"},{"floor":4,"key":"CultistPotion"},{"floor":4,"key":"FearPotion"},{"floor":5,"key":"theMarked:SummonPotion"},{"floor":7,"key":"Explosive Potion"}],"is_trial":false,"path_per_floor":["M","M","M","?","M","R","E","M","T","$","?","M","R","?","R","B",null,"M","T","M","$","?","R","M","M","T","R","E","M","M","$","R","B",null,"M","?","M","$","T","R","M","R","T","R","R","$","R","M","R","B"],"character_chosen":"THE_DEFAULT","items_purchased":["theMarked:BindingBlade","Chrysalis","Happy Flower","Whetstone","theMarked:OneWithTheBlade","Medical Kit","TheAbacus"],"campfire_rested":6,"item_purchase_floors":[21,21,21,31,31,38,46],"current_hp_per_floor":[70,70,70,70,70,70,32,32,32,32,17,17,38,38,59,23,70,70,77,77,77,77,77,77,56,56,56,39,39,38,38,61,32,77,14,14,6,6,6,29,16,39,39,77,77,77,77,66,66,0,0],"gold":23,"neow_bonus":"TRANSFORM_CARD","is_daily":false,"chose_seed":false,"campfire_upgraded":6,"win_rate":0.0,"timestamp":1613139100,"path_taken":["M","?","M","?","M","R","E","?","T","$","?","M","R","?","R","BOSS","M","?","M","$","?","R","?","M","T","R","E","M","M","$","R","BOSS","M","?","M","$","?","R","M","R","T","R","R","$","R","M","R","BOSS"],"items_purchased_type":["Card","Card","Relic","Relic","Card","Relic","Relic"],"build_version":"2020-12-22","purchased_purges":1,"victory":false,"max_hp_per_floor":[70,70,70,70,70,70,70,70,70,70,70,70,70,70,70,70,70,70,77,77,77,77,77,77,77,77,77,77,77,77,77,77,77,77,77,77,77,77,77,77,77,77,77,77,77,77,77,77,77,77,77],"card_choices":[{"not_picked":["theMarked:WastefulAttack","theMarked:Reabsorb","theMarked:Aftermath"],"picked":"SKIP","floor":1},{"not_picked":["theMarked:Aftermath","theMarked:Polarize"],"picked":"theMarked:Memento","floor":2},{"not_picked":["theMarked:ElectricStrings","theMarked:Frustration"],"picked":"theMarked:Seal","floor":3},{"not_picked":["theMarked:BanishingStrike","theMarked:Determination"],"picked":"theMarked:Improvise","floor":5},{"not_picked":["theMarked:ThrowWeapon","theMarked:BanishingStrike"],"picked":"theMarked:WardOff","floor":7},{"not_picked":["theMarked:RepellingDischarge","theMarked:ChainLightning","theMarked:WastefulAttack"],"picked":"SKIP","floor":8},{"not_picked":["theMarked:Panic","theMarked:RepellingDischarge"],"picked":"theMarked:Vacuum","floor":12},{"not_picked":["theMarked:MagusForm","theMarked:DispelDoubt"],"picked":"theMarked:Challenge","floor":16},{"not_picked":["theMarked:Panic","theMarked:Reabsorb+1"],"picked":"theMarked:WardOff+1","floor":18},{"not_picked":["theMarked:RepellingDischarge+1","theMarked:ShockingTouch"],"picked":"theMarked:EmpowerWeapon","floor":20},{"not_picked":["theMarked:Maelstrom+1","theMarked:AttractMetal+1"],"picked":"theMarked:EmpowerWeapon","floor":24},{"not_picked":["theMarked:RepellingDischarge","theMarked:Overcharge"],"picked":"theMarked:Generate+1","floor":25},{"not_picked":["theMarked:Maelstrom","theMarked:Parry+1"],"picked":"theMarked:ParalyzingBlade","floor":28},{"not_picked":["theMarked:HeightenedSenses","theMarked:Frustration+1"],"picked":"theMarked:Challenge","floor":29},{"not_picked":["theMarked:TwofoldDefense","theMarked:WardOff"],"picked":"theMarked:RogueSparks+1","floor":30},{"not_picked":["theMarked:Memento+1","theMarked:TakeCover+1","theMarked:KeepCalmAndFight+1"],"picked":"SKIP","floor":35},{"not_picked":["theMarked:Convert+1","theMarked:HeightenedSenses"],"picked":"theMarked:Determination+1","floor":36},{"not_picked":["theMarked:BanishingStrike","theMarked:RepellingDischarge"],"picked":"theMarked:WardOff+1","floor":37},{"not_picked":["theMarked:BanishingStrike+1","theMarked:Convert+1"],"picked":"theMarked:TwofoldDefense+1","floor":41},{"not_picked":["theMarked:AttractMetal","theMarked:Electrocute","theMarked:ChainLightning"],"picked":"SKIP","floor":48}],"player_experience":93002,"relics_obtained":[{"floor":7,"key":"Tiny Chest"},{"floor":9,"key":"MawBank"},{"floor":11,"key":"Boot"},{"floor":19,"key":"Strawberry"},{"floor":26,"key":"Ancient Tea Set"},{"floor":28,"key":"Oddly Smooth Stone"},{"floor":36,"key":"WingedGreaves"},{"floor":39,"key":"PreservedInsect"},{"floor":43,"key":"Regal Pillow"}],"event_choices":[{"damage_healed":0,"gold_gain":0,"player_choice":"Got Potions","damage_taken":0,"max_hp_gain":0,"max_hp_loss":0,"event_name":"Lab","floor":4,"gold_loss":0},{"damage_healed":0,"gold_gain":0,"player_choice":"Searched \u00272\u0027 times","damage_taken":0,"max_hp_gain":0,"max_hp_loss":0,"event_name":"Dead Adventurer","floor":11,"gold_loss":0},{"damage_healed":0,"gold_gain":0,"player_choice":"Left Gold","damage_taken":0,"max_hp_gain":0,"max_hp_loss":0,"event_name":"World of Goop","floor":14,"gold_loss":40},{"damage_healed":0,"gold_gain":0,"player_choice":"Trade","damage_taken":0,"relics_obtained":["SsserpentHead"],"max_hp_gain":0,"max_hp_loss":0,"event_name":"FaceTrader","floor":22,"gold_loss":0},{"damage_healed":0,"gold_gain":0,"player_choice":"Fight","damage_taken":0,"max_hp_gain":0,"max_hp_loss":0,"event_name":"MindBloom","floor":36,"gold_loss":0}],"is_beta":false,"boss_relics":[{"not_picked":["Fusion Hammer","SacredBark"],"picked":"Sozu"},{"not_picked":["Coffee Dripper","Runic Dome"],"picked":"theMarked:Eyepatch"}],"items_purged_floors":[38],"is_endless":false,"potions_floor_spawned":[3,5,7,12,16,28,29,30,33],"killed_by":"Time Eater","ascension_level":0}}