{"host":"pesfwaef25r60kxm","time":1613150693,"event":{"mods":["100% Spire Juice","ATMod(阿瑾Mod)","Act Like it!","Arknights","BaseMod","Colored Powertips","Downfall","Gensokyo","Hunter 猎人","Luminous","Minty Spire (QoL Compilation)","Pale of the Ancients","Reimu（博丽灵梦）","Reliquary","Replay The Spire","RumiaBox-露米娅的神秘盒子","Shop Mod","Spicy Shops","StSLib","The Cursed","The Poker Player","The Servant 0.9.4","WarShipGirlsR/战舰少女R mod","[IsaacMod]以撒尖塔","noobMod","【功能Mod】聪明的最终Boss","【遗物卡牌】REMEMod"],"gold_per_floor":[215,215,40,57,68,103,103,103,103,136,136,136,151,185,185,280,280,291,22,34,53,67,67,67,93,120,220,200,216,242,256,256,352,352,368,418,418,268,93,118,118,118,118,118,145,164,189,189,189,189,200,214,214,14,14,27,27,95,95,95],"floor_reached":61,"language":"ZHS","playtime":2623,"items_purged":["Strike_S","Strike_S","Strike_S","Strike_S","Defend_S","Exchange","Defend_S","Defend_S"],"score":1472,"play_id":"1f5e0cd9-0b76-48f7-8eb1-b3b59ef6871c","local_time":"20210213012453","is_ascension_mode":true,"campfire_choices":[{"floor":8,"key":"RECALL"},{"data":"Luminosity","floor":12,"key":"SMITH"},{"data":"BestPractice","floor":15,"key":"SMITH"},{"data":"Initiator","floor":23,"key":"SMITH"},{"data":"Starlight","floor":32,"key":"SMITH"},{"data":"TheWorld","floor":42,"key":"SMITH"},{"data":"Madness","floor":44,"key":"SMITH"},{"data":"Madness","floor":49,"key":"SMITH"},{"data":"InstantArmor","floor":55,"key":"SMITH"},{"data":"PendulumOfEternity","floor":57,"key":"SMITH"}],"circlet_count":0,"master_deck":["Defend_S","KidneyShot","Exhume","Starlight+1","Defy","Luminosity+1","Moondial+1","BestPractice+1","Rearm","Initiator+1","GearUp","InstantArmor+1","TheWorld+1","AT_PowerWithin","Ricochet","Madness+1","Madness+1","PendulumOfEternity+1"],"relics":["Uniform","HushsDoor","ice","REME_ComplimentaryCards","AT_ATBox","DoctorsRemote","AddBug","SecretRecord","SecretRecord","SecretRecord","SecretRecord","SecretRecord","SecretRecord","SecretRecord"],"acts_visited":["Exordium","TheCity","TheBeyond","paleoftheancients:PaleOfTheAncients"],"potions_floor_usage":[16,40,60,60,60],"damage_taken":[{"damage":8,"enemies":"ats:Genji","floor":1,"turns":2},{"damage":9,"enemies":"2 Louse","floor":4,"turns":4},{"damage":3,"enemies":"Jaw Worm","floor":5,"turns":2},{"damage":0,"enemies":"Replay:BlueRogue","floor":6,"turns":2},{"damage":22,"enemies":"Gremlin Nob","floor":10,"turns":4},{"damage":0,"enemies":"Exordium Wildlife","floor":13,"turns":3},{"damage":0,"enemies":"Lagavulin","floor":14,"turns":4},{"damage":0,"enemies":"Slime Boss","floor":16,"turns":2},{"damage":44,"enemies":"2 Thieves","floor":18,"turns":3},{"damage":0,"enemies":"3 Byrds","floor":20,"turns":4},{"damage":0,"enemies":"3 Cultists","floor":21,"turns":3},{"damage":0,"enemies":"Snake Plant","floor":22,"turns":2},{"damage":0,"enemies":"REME_1_Revenger","floor":25,"turns":4},{"damage":0,"enemies":"Colosseum Slavers","floor":27,"turns":2},{"damage":0,"enemies":"Colosseum Nobs","floor":27,"turns":1},{"damage":0,"enemies":"Cultist and Chosen","floor":29,"turns":3},{"damage":0,"enemies":"Slavers","floor":30,"turns":3},{"damage":0,"enemies":"Snecko","floor":31,"turns":3},{"damage":0,"enemies":"Pondfish","floor":33,"turns":5},{"damage":24,"enemies":"Orb Walker","floor":35,"turns":3},{"damage":0,"enemies":"Mind Bloom Boss Battle","floor":36,"turns":2},{"damage":16,"enemies":"Reptomancer","floor":40,"turns":4},{"damage":8,"enemies":"R_Hoarder","floor":45,"turns":5},{"damage":31,"enemies":"3 Shapes","floor":46,"turns":3},{"damage":0,"enemies":"Replay:Hell Engine","floor":50,"turns":2},{"damage":0,"enemies":"Replay:Hell Engine","floor":51,"turns":2},{"damage":0,"enemies":"Replay:Hell Engine","floor":52,"turns":3},{"damage":0,"enemies":"Replay:Hell Engine","floor":56,"turns":3},{"damage":0,"enemies":"LittleHush","floor":60,"turns":19}],"seed_played":"3497030959962539491","potions_obtained":[{"floor":4,"key":"Slimebound:ThreeZeroPotion"},{"floor":5,"key":"Strength Potion"},{"floor":20,"key":"SteroidPotion"},{"floor":29,"key":"LiquidBronze"},{"floor":33,"key":"EssenceOfSteel"},{"floor":45,"key":"ZuzhouPotion:ReiMu"},{"floor":46,"key":"Energy Potion"}],"is_trial":false,"path_per_floor":["M","?","$","M","M","E","?","R","T","E","?","R","M","E","R","B",null,"M","$","M","M","M","R","?","E","T","?","?","M","E","M","R","B",null,"M","?","?","$","$","E","?","R","T","R","E","M","T","?","R","B","M","M","?","$","R","M","R","T","?","B",null],"character_chosen":"THE_SERVANT","items_purchased":["GearUp","InstantArmor","AT_PowerWithin","ReplayTheSpireMod:CursedCoin"],"campfire_rested":0,"item_purchase_floors":[19,19,34,39],"current_hp_per_floor":[57,41,41,32,29,29,29,29,29,7,7,7,7,7,7,12,60,16,16,16,16,16,16,16,16,16,16,16,16,16,16,16,16,51,27,27,27,27,27,51,45,45,45,45,37,62,62,62,62,64,64,64,64,64,64,64,64,64,64,64],"gold":95,"neow_bonus":"HUNDRED_GOLD","is_daily":false,"chose_seed":false,"campfire_upgraded":9,"win_rate":0.0,"timestamp":1613150693,"path_taken":["M","?","$","M","M","E","?","R","T","E","?","R","M","E","R","BOSS","M","$","M","M","M","R","?","E","T","?","?","M","E","M","R","BOSS","M","?","?","?","$","E","?","R","T","R","E","?","?","?","R","BOSS","M","M","?","$","R","M","R","T","?","BOSS"],"items_purchased_type":["Card","Card","Card","Relic"],"build_version":"2020-12-22","purchased_purges":8,"victory":true,"max_hp_per_floor":[65,65,65,65,65,65,65,65,65,65,65,65,65,65,65,65,60,60,60,60,60,60,60,60,60,60,60,60,60,60,60,60,60,51,51,51,51,51,51,51,51,51,51,51,54,63,63,63,63,64,64,69,69,69,69,71,71,71,71,197],"card_choices":[{"not_picked":[],"picked":"ChaosCard","floor":0},{"not_picked":["BottledTime","ShatteredReality"],"picked":"GearUp","floor":1},{"not_picked":["Desolation","Unruled"],"picked":"Starlight","floor":4},{"not_picked":["Replace","ShatteredReality"],"picked":"Defy","floor":5},{"not_picked":["Bomb","PendulumOfEternity"],"picked":"Luminosity","floor":6},{"not_picked":["DoubleEdge","Rewind"],"picked":"BestPractice","floor":10},{"not_picked":["Replace","DoubleEdge"],"picked":"Rearm","floor":13},{"not_picked":["Solidify","Potential","Unruled"],"picked":"SKIP","floor":14},{"not_picked":["PendulumOfEternity","Deny"],"picked":"Initiator","floor":16},{"not_picked":["ShatteredReality","Starlight+1","Contraction"],"picked":"SKIP","floor":18},{"not_picked":["Revamp","Unruled","Foresight"],"picked":"SKIP","floor":20},{"not_picked":["TimeWarp","BottledTime","Deadline"],"picked":"SKIP","floor":21},{"not_picked":["Defy","TimeTheft","Comet"],"picked":"SKIP","floor":22},{"not_picked":["ShatteredReality","Moonlight","SoulSculpture"],"picked":"SKIP","floor":25},{"not_picked":["DoubleEdge","FastForward","Defy"],"picked":"SKIP","floor":29},{"not_picked":["ShatteredReality","BestPractice+1","Ricochet"],"picked":"SKIP","floor":30},{"not_picked":["ReturningBlade","Rewind+1","Revamp"],"picked":"SKIP","floor":31},{"not_picked":["FloweringNight","ForgedInTime"],"picked":"TheWorld","floor":33},{"not_picked":["StarChef+1","Alleviate+1","Revamp"],"picked":"SKIP","floor":35},{"not_picked":["FastForward+1","Starlight"],"picked":"Ricochet","floor":36},{"not_picked":["Spin","DoubleEdge+1","ShatteredReality"],"picked":"SKIP","floor":40},{"not_picked":["Starlight","BottledTime+1","Spin"],"picked":"SKIP","floor":45},{"not_picked":["Spin+1","Revamp","BottledTime+1"],"picked":"SKIP","floor":46},{"not_picked":["WasteNot","ShatteredReality"],"picked":"PendulumOfEternity","floor":51},{"not_picked":["ShatteredReality+1","SpecialFormula+1","Advance"],"picked":"SKIP","floor":52},{"not_picked":["BottledTime","ShatteredReality","Read"],"picked":"SKIP","floor":56}],"player_experience":237596,"relics_obtained":[{"floor":1,"key":"AddBug"},{"floor":6,"key":"SecretRecord"},{"floor":6,"key":"Anchor"},{"floor":10,"key":"reliquary:WeakTea"},{"floor":13,"key":"SecretRecord"},{"floor":14,"key":"Ancient Tea Set"},{"floor":20,"key":"SecretRecord"},{"floor":25,"key":"Replay:Multitool"},{"floor":26,"key":"AT_ChloranthyRing"},{"floor":27,"key":"Incense Burner"},{"floor":27,"key":"MagicDraw1"},{"floor":30,"key":"Ginger"},{"floor":31,"key":"SecretRecord"},{"floor":36,"key":"BlankCard"},{"floor":40,"key":"SecretRecord"},{"floor":40,"key":"Omamori"},{"floor":43,"key":"reliquary:PrincelyHelmet"},{"floor":45,"key":"AT_ArchangelStaff"},{"floor":47,"key":"reliquary:Boomerang"},{"floor":52,"key":"paleoftheancients:SoulOfTheGuardian"},{"floor":52,"key":"SecretRecord"},{"floor":56,"key":"paleoftheancients:SoulOfTheDefect"},{"floor":58,"key":"HowToJump"}],"event_choices":[{"damage_healed":0,"gold_gain":0,"player_choice":"Take Damage","damage_taken":16,"relics_obtained":["Golden Idol"],"max_hp_gain":0,"max_hp_loss":0,"event_name":"Golden Idol","floor":2,"gold_loss":0},{"damage_healed":0,"gold_gain":0,"player_choice":"Gave Potion","damage_taken":0,"relics_obtained":["Replay:PocketPolymizer"],"max_hp_gain":0,"max_hp_loss":0,"event_name":"WeMeetAgain","floor":11,"gold_loss":0},{"damage_healed":0,"gold_gain":0,"player_choice":"Fight","damage_taken":0,"max_hp_gain":0,"max_hp_loss":0,"event_name":"Colosseum","floor":27,"gold_loss":0},{"damage_healed":0,"gold_gain":0,"player_choice":"Fought Nobs","damage_taken":0,"max_hp_gain":0,"max_hp_loss":0,"event_name":"Colosseum","floor":27,"gold_loss":0},{"damage_healed":0,"gold_gain":0,"player_choice":"Fight","damage_taken":0,"max_hp_gain":0,"max_hp_loss":0,"event_name":"MindBloom","floor":36,"gold_loss":0},{"damage_healed":0,"gold_gain":0,"player_choice":"Ignored","damage_taken":0,"max_hp_gain":0,"max_hp_loss":0,"event_name":"Tomb of Lord Red Mask","floor":37,"gold_loss":0},{"damage_healed":0,"gold_gain":0,"player_choice":"Embrace Madness","damage_taken":6,"max_hp_gain":0,"max_hp_loss":0,"event_name":"Winding Halls","floor":41,"gold_loss":0,"cards_obtained":["Madness","Madness"]}],"is_beta":false,"boss_relics":[{"not_picked":["SoulBox","SacredBark"],"picked":"SplendidAttire"},{"not_picked":[]},{"not_picked":["REME_LowDesire","Cursed Key"],"picked":"Velvet Choker"},{"not_picked":[]}],"items_purged_floors":[3,3,17,19,34,38,39,54],"is_endless":false,"potions_floor_spawned":[4,5,20,27,29,33,45,46],"ascension_level":2}}