{"host":"ijtyqc57s6c9mbij","time":1613110009,"event":{"mods":["AchievementEnabler","BaseMod","Colored Map","Minty Spire (QoL Compilation)","StSLib"],"gold_per_floor":[117,132,151,151,170,190,223,223,223,223,256,31,31,43,43,146,146,160,160,160,174,188,188,40,50,50,50,60,84,84,102,102,206,206,217,217,236,287,301,301,320,354,354,354,369,218,218,141,141,141,141,141,37,66,66,66],"floor_reached":55,"language":"ENG","playtime":3575,"items_purged":["Strike_B"],"score":734,"play_id":"5c62f0d1-f7b4-4e91-8d81-670481a33ed9","local_time":"20210211220649","is_ascension_mode":false,"campfire_choices":[{"floor":13,"key":"REST"},{"data":"Biased Cognition","floor":15,"key":"SMITH"},{"data":"Biased Cognition","floor":23,"key":"SMITH"},{"floor":32,"key":"REST"},{"floor":44,"key":"RECALL"},{"floor":47,"key":"DIG"},{"floor":49,"key":"DIG"},{"floor":52,"key":"DIG"}],"circlet_count":0,"master_deck":["Strike_B","Strike_B","Defend_B","Defend_B","Defend_B","Zap","Dualcast+1","Biased Cognition+1","Gash","Cold Snap","FTL+1","Sweeping Beam","Go for the Eyes","Reinforced Body","White Noise","Beam Cell","Biased Cognition+1","Coolheaded+1","Turbo","Turbo","Consume+1","Shame","Echo Form","Steam Power+1","Parasite","Consume","Gash+1","Tempest+1"],"relics":["Cracked Core","Darkstone Periapt","Dead Branch","Pear","ClockworkSouvenir","Nuclear Battery","Runic Capacitor","Blue Candle","MutagenicStrength","Calipers","Busted Crown","Thread and Needle","Shovel","Molten Egg 2","HornCleat","Lee\u0027s Waffle","Eternal Feather","InkBottle","Kunai","Art of War"],"acts_visited":["Exordium","TheCity","TheBeyond","TheEnding"],"potions_floor_usage":[33,45,50,55],"damage_taken":[{"damage":1,"enemies":"Cultist","floor":1,"turns":3},{"damage":2,"enemies":"Small Slimes","floor":2,"turns":2},{"damage":2,"enemies":"2 Louse","floor":3,"turns":3},{"damage":3,"enemies":"Looter","floor":5,"turns":3},{"damage":5,"enemies":"Blue Slaver","floor":6,"turns":3},{"damage":8,"enemies":"Lagavulin","floor":7,"turns":7},{"damage":12,"enemies":"Gremlin Nob","floor":11,"turns":4},{"damage":0,"enemies":"Exordium Wildlife","floor":14,"turns":3},{"damage":4,"enemies":"Hexaghost","floor":16,"turns":9},{"damage":3,"enemies":"3 Byrds","floor":18,"turns":4},{"damage":0,"enemies":"Chosen","floor":21,"turns":3},{"damage":15,"enemies":"Snake Plant","floor":22,"turns":3},{"damage":8,"enemies":"Snecko","floor":25,"turns":3},{"damage":12,"enemies":"Centurion and Healer","floor":28,"turns":4},{"damage":33,"enemies":"Shelled Parasite and Fungi","floor":31,"turns":4},{"damage":16,"enemies":"Collector","floor":33,"turns":7},{"damage":16,"enemies":"3 Darklings","floor":35,"turns":6},{"damage":22,"enemies":"3 Shapes","floor":37,"turns":3},{"damage":19,"enemies":"2 Orb Walkers","floor":38,"turns":5},{"damage":1,"enemies":"Spire Growth","floor":39,"turns":4},{"damage":1,"enemies":"Writhing Mass","floor":41,"turns":7},{"damage":2,"enemies":"Giant Head","floor":42,"turns":9},{"damage":13,"enemies":"4 Shapes","floor":45,"turns":4},{"damage":5,"enemies":"Awakened One","floor":50,"turns":16},{"damage":16,"enemies":"Shield and Spear","floor":54,"turns":9},{"damage":120,"enemies":"The Heart","floor":55,"turns":8}],"seed_played":"2146844679276279662","potions_obtained":[{"floor":1,"key":"LiquidBronze"},{"floor":11,"key":"GamblersBrew"},{"floor":16,"key":"FairyPotion"},{"floor":31,"key":"ColorlessPotion"},{"floor":33,"key":"PotionOfCapacity"},{"floor":42,"key":"DistilledChaos"}],"is_trial":false,"path_per_floor":["M","M","M","?","M","M","E","?","T","?","E","$","R","M","R","B",null,"M","?","?","M","M","R","$","M","T","?","M","T","?","M","R","B",null,"M","?","M","?","M","?","M","E","T","R","M","$","R","$","R","B",null,"R","$","E","B"],"character_chosen":"DEFECT","items_purchased":["ClockworkSouvenir","Runic Capacitor","Lee\u0027s Waffle","Consume","Block Potion","Gash+1"],"campfire_rested":2,"item_purchase_floors":[12,24,46,48,53,53],"current_hp_per_floor":[74,72,70,63,60,55,47,47,47,32,30,30,55,55,55,51,85,82,82,82,82,67,67,67,59,59,59,47,47,53,20,47,31,91,75,75,53,34,33,33,38,36,36,36,23,104,104,104,104,99,104,104,104,88,0,0],"gold":66,"neow_bonus":"ONE_RANDOM_RARE_CARD","is_daily":false,"chose_seed":false,"campfire_upgraded":2,"win_rate":0.0,"timestamp":1613110009,"path_taken":["M","M","?","?","M","M","E","?","T","?","E","?","R","M","R","BOSS","M","?","?","?","M","R","?","M","T","?","M","?","?","M","R","BOSS","M","?","M","?","M","?","?","E","T","R","M","$","R","?","R","BOSS","R","$","E","BOSS"],"items_purchased_type":["Relic","Relic","Relic","Card","Potion","Card"],"build_version":"2020-12-22","purchased_purges":1,"victory":false,"max_hp_per_floor":[75,75,75,75,75,75,75,75,75,75,85,85,85,85,85,85,85,85,85,85,85,85,85,85,85,85,85,85,85,91,91,91,91,91,91,91,91,91,91,91,97,97,97,97,97,104,104,104,104,104,104,104,104,104,104,104],"card_choices":[{"not_picked":["Aggregate","Redo"],"picked":"Gash","floor":1},{"not_picked":["Streamline","Chaos"],"picked":"Cold Snap","floor":2},{"not_picked":["Coolheaded","Heatsinks"],"picked":"FTL","floor":3},{"not_picked":["Conserve Battery","Go for the Eyes"],"picked":"Sweeping Beam","floor":5},{"not_picked":["Streamline","Leap"],"picked":"Go for the Eyes","floor":6},{"not_picked":["Chaos","Rip and Tear"],"picked":"Reinforced Body","floor":7},{"not_picked":["Multi-Cast","FTL"],"picked":"White Noise","floor":11},{"not_picked":["Redo","Hello World"],"picked":"Beam Cell","floor":14},{"not_picked":["Amplify","Core Surge"],"picked":"Biased Cognition","floor":16},{"not_picked":["Rebound","Beam Cell"],"picked":"Coolheaded+1","floor":18},{"not_picked":["Reprogram","Tempest"],"picked":"Turbo","floor":21},{"not_picked":["Go for the Eyes","Compile Driver"],"picked":"Turbo","floor":22},{"not_picked":["Hyperbeam","Rebound"],"picked":"Consume+1","floor":25},{"not_picked":["Leap","Barrage","Doom and Gloom+1"],"picked":"SKIP","floor":28},{"not_picked":["Turbo","Coolheaded","Reinforced Body"],"picked":"SKIP","floor":31},{"not_picked":["All For One","Meteor Strike"],"picked":"Echo Form","floor":33},{"not_picked":["Cold Snap"],"picked":"SKIP","floor":35},{"not_picked":[],"picked":"Steam Power+1","floor":37},{"not_picked":["Lockon"],"picked":"SKIP","floor":39},{"not_picked":["Go for the Eyes+1"],"picked":"SKIP","floor":41},{"not_picked":["Storm"],"picked":"SKIP","floor":42},{"not_picked":["Genetic Algorithm+1"],"picked":"SKIP","floor":45},{"not_picked":[],"picked":"Tempest+1","floor":54}],"player_experience":846757,"relics_obtained":[{"floor":7,"key":"Darkstone Periapt"},{"floor":9,"key":"Dead Branch"},{"floor":11,"key":"Pear"},{"floor":26,"key":"Blue Candle"},{"floor":38,"key":"Thread and Needle"},{"floor":42,"key":"Molten Egg 2"},{"floor":43,"key":"HornCleat"},{"floor":47,"key":"Eternal Feather"},{"floor":49,"key":"InkBottle"},{"floor":52,"key":"Kunai"},{"floor":54,"key":"Art of War"}],"event_choices":[{"cards_removed":["Strike_B"],"damage_healed":0,"gold_gain":0,"player_choice":"Card Removal","damage_taken":7,"max_hp_gain":0,"max_hp_loss":0,"event_name":"Golden Wing","floor":4,"gold_loss":0},{"damage_healed":0,"gold_gain":0,"player_choice":"Searched \u00270\u0027 times","damage_taken":0,"max_hp_gain":0,"max_hp_loss":0,"event_name":"Dead Adventurer","floor":8,"gold_loss":0},{"damage_healed":0,"gold_gain":0,"player_choice":"Entered Light","damage_taken":15,"max_hp_gain":0,"max_hp_loss":0,"event_name":"Shining Light","floor":10,"gold_loss":0,"cards_upgraded":["FTL","Dualcast"]},{"damage_healed":0,"gold_gain":0,"player_choice":"Ignored","damage_taken":0,"max_hp_gain":0,"max_hp_loss":0,"event_name":"Ghosts","floor":19,"gold_loss":0},{"cards_removed":["Defend_B"],"damage_healed":0,"gold_gain":0,"player_choice":"Offered Basic","damage_taken":0,"max_hp_gain":0,"max_hp_loss":0,"event_name":"Bonfire Elementals","floor":20,"gold_loss":0},{"damage_healed":0,"gold_gain":0,"player_choice":"Inject Mutagens","damage_taken":0,"relics_obtained":["MutagenicStrength"],"max_hp_gain":0,"max_hp_loss":0,"event_name":"Drug Dealer","floor":27,"gold_loss":0},{"damage_healed":0,"gold_gain":0,"player_choice":"Stole Relic","damage_taken":0,"relics_obtained":["Calipers"],"max_hp_gain":0,"max_hp_loss":0,"event_name":"Addict","floor":30,"gold_loss":0,"cards_obtained":["Shame"]},{"damage_healed":0,"gold_gain":0,"player_choice":"Ignored","damage_taken":0,"max_hp_gain":0,"max_hp_loss":0,"event_name":"Tomb of Lord Red Mask","floor":36,"gold_loss":0},{"damage_healed":0,"gold_gain":0,"player_choice":"Fight","damage_taken":0,"max_hp_gain":0,"max_hp_loss":0,"event_name":"Mysterious Sphere","floor":38,"gold_loss":0},{"damage_healed":0,"gold_gain":0,"player_choice":"Gave Potion","damage_taken":0,"relics_obtained":["Shovel"],"max_hp_gain":0,"max_hp_loss":0,"event_name":"WeMeetAgain","floor":40,"gold_loss":0}],"is_beta":false,"boss_relics":[{"not_picked":["FrozenCore","Pandora\u0027s Box"],"picked":"Nuclear Battery"},{"not_picked":["Black Star","Runic Dome"],"picked":"Busted Crown"}],"items_purged_floors":[12],"is_endless":false,"potions_floor_spawned":[1,11,16,28,31,33,38,39,42],"killed_by":"The Heart","ascension_level":0}}