{"host":"ox3dgw2yjlxh2ggi","time":1613158985,"event":{"mods":["100% Spire Juice","AchievementEnabler","BaseMod","Better Third Choice","Downfall","GungeonMod","Hermit","Hubris","Infinite Spire","Jorbs\u0027s Wanderer Trilogy","Lobotomy","LobotomyExtend","Marisa????????","Minty Spire (QoL Compilation)","Relic Stats","Reliquary","Replay The Spire","Robot Space Explorer","StSLib","SuperFastMode","The Animator","The Blue Laboratory","The Cursed","The Hierophant","The Marked","The Saiyan","Waifu the Spire","WarShipGirlsR/????R mod"],"gold_per_floor":[119,134,16,16,32,67,67,77,77,110,131,144,156,168,168,267,267,267,267],"floor_reached":18,"language":"ENG","playtime":833,"items_purged":[],"score":174,"play_id":"226cec62-af89-4506-ad82-a6d1b21b2e41","local_time":"20210212204305","is_ascension_mode":false,"campfire_choices":[{"floor":15,"key":"REST"}],"circlet_count":0,"master_deck":["theMarked:Strike","theMarked:Strike","theMarked:Strike","theMarked:Strike","theMarked:Strike","theMarked:Defend","theMarked:Defend","theMarked:Defend","theMarked:Defend","theMarked:SoldierOfQuellstein+1","theMarked:ElectricStrings","theMarked:Heritage","theMarked:ThrowWeapon+1","theMarked:MysticalArsenal","theMarked:Opportunist","theMarked:RepellingDischarge","theMarked:BanishingStrike","theMarked:Improvise","theMarked:ElectricStrings","theMarked:RogueSparks","theMarked:Panic","theMarked:Toughness"],"relics":["theMarked:ArtifactOfAir","LetterFromLob","Snack Pack","hubris:BottledRain","Art of War","Odd Mushroom","bronze:MakeshiftBattery"],"acts_visited":["Exordium","TheCity"],"potions_floor_usage":[14],"damage_taken":[{"damage":0,"enemies":"2 Louse","floor":1,"turns":2},{"damage":1,"enemies":"Jaw Worm","floor":2,"turns":4},{"damage":2,"enemies":"Small Slimes","floor":5,"turns":2},{"damage":22,"enemies":"Lagavulin","floor":6,"turns":6},{"damage":1,"enemies":"Blue Slaver","floor":8,"turns":4},{"damage":31,"enemies":"3 Sentries","floor":10,"turns":7},{"damage":8,"enemies":"The Mushroom Lair","floor":11,"turns":4},{"damage":1,"enemies":"Large Slime","floor":12,"turns":4},{"damage":8,"enemies":"3 Louse","floor":13,"turns":3},{"damage":4,"enemies":"2 Fungi Beasts","floor":14,"turns":4},{"damage":28,"enemies":"Fading Forest","floor":16,"turns":11},{"damage":110,"enemies":"3 Byrds","floor":18,"turns":3}],"seed_played":"-5694432293697265701","potions_obtained":[{"floor":5,"key":"blueLaboratory:AbyssPotion"},{"floor":6,"key":"Venom Potion"},{"floor":13,"key":"blueLaboratory:PhilterOfMotion"},{"floor":14,"key":"blueLaboratory:Moonshine"},{"floor":16,"key":"Cursed Concoction"}],"is_trial":false,"path_per_floor":["M","M","$","?","M","E","$","M","T","E","?","M","M","M","R","B",null,"M"],"character_chosen":"THE_DEFAULT","items_purchased":["theMarked:ThrowWeapon+1"],"campfire_rested":1,"item_purchase_floors":[3],"current_hp_per_floor":[77,76,76,76,74,52,52,53,53,24,16,15,7,5,28,14,77,0,0],"gold":267,"neow_bonus":"TEN_PERCENT_HP_BONUS","is_daily":false,"chose_seed":false,"campfire_upgraded":0,"win_rate":0.0,"timestamp":1613158985,"path_taken":["M","M","$","?","M","E","$","M","T","E","?","M","M","M","R","BOSS","M"],"items_purchased_type":["Card"],"build_version":"2020-12-22","purchased_purges":0,"victory":false,"max_hp_per_floor":[77,77,77,77,77,77,77,77,77,77,77,77,77,77,77,77,77,77,77],"relic_stats":{"counters":[12,54],"Art of War":[1],"obtain_stats":[{"theMarked:ArtifactOfAir":0,"DemoMod:GlassGuonStoneRelic":2,"LetterFromLob":1,"Snack Pack":6,"Art of War":10,"Odd Mushroom":11,"bronze:MakeshiftBattery":17,"hubris:BottledRain":9},{"theMarked:ArtifactOfAir":0,"DemoMod:GlassGuonStoneRelic":2,"LetterFromLob":1,"Snack Pack":4,"Art of War":6,"Odd Mushroom":7,"bronze:MakeshiftBattery":11,"hubris:BottledRain":5},{"theMarked:ArtifactOfAir":0,"DemoMod:GlassGuonStoneRelic":6,"LetterFromLob":2,"Snack Pack":14,"Art of War":25,"Odd Mushroom":29,"bronze:MakeshiftBattery":51,"hubris:BottledRain":18}]},"card_choices":[{"not_picked":["theMarked:Reabsorb","theMarked:Polarize"],"picked":"theMarked:ElectricStrings","floor":1},{"not_picked":["theMarked:Aftermath","theMarked:Static"],"picked":"theMarked:Heritage","floor":2},{"not_picked":["theMarked:RepellingDischarge","theMarked:WastefulAttack"],"picked":"theMarked:MysticalArsenal","floor":5},{"not_picked":["theMarked:Electrocute","theMarked:Panic"],"picked":"theMarked:Opportunist","floor":6},{"not_picked":["theMarked:Frustration","theMarked:Improvise"],"picked":"theMarked:RepellingDischarge","floor":8},{"not_picked":["theMarked:ResourceFulStrike","theMarked:Reabsorb"],"picked":"theMarked:BanishingStrike","floor":10},{"not_picked":["theMarked:Opportunist","theMarked:ThrowWeapon"],"picked":"theMarked:Improvise","floor":11},{"not_picked":["theMarked:ResourceFulStrike","theMarked:ChainLightning"],"picked":"theMarked:ElectricStrings","floor":12},{"not_picked":["theMarked:ChainLightning","theMarked:PowerFlow"],"picked":"theMarked:RogueSparks","floor":13},{"not_picked":["theMarked:BanishingStrike","theMarked:Overthink"],"picked":"theMarked:Panic","floor":14},{"not_picked":["theMarked:Snap","theMarked:UnarmedFury"],"picked":"theMarked:Toughness","floor":16}],"player_experience":150538,"relics_obtained":[{"floor":1,"key":"LetterFromLob"},{"floor":6,"key":"Snack Pack"},{"floor":9,"key":"hubris:BottledRain"},{"floor":10,"key":"Art of War"},{"floor":11,"key":"Odd Mushroom"}],"event_choices":[{"damage_healed":0,"gold_gain":0,"player_choice":"Grow","damage_taken":0,"max_hp_gain":0,"max_hp_loss":0,"event_name":"Living Wall","floor":4,"gold_loss":0,"cards_upgraded":["theMarked:SoldierOfQuellstein"]},{"damage_healed":0,"gold_gain":0,"player_choice":"Fought Mushrooms","damage_taken":0,"max_hp_gain":0,"max_hp_loss":0,"event_name":"Mushrooms","floor":11,"gold_loss":0}],"is_beta":false,"boss_relics":[{"not_picked":["hubris:ScarierMask","Kintsugi"],"picked":"bronze:MakeshiftBattery"}],"items_purged_floors":[],"is_endless":false,"potions_floor_spawned":[5,6,13,14,16],"killed_by":"3 Byrds","ascension_level":0}}