{"host":"df48i9djcn92c5sx","time":1613138721,"event":{"mods":["Act Like it!","Arknights","BaseMod","Decade(王小明)","Downfall","Gensokyo","Marisa（F雨　魔理沙）","Minty Spire (QoL Compilation)","READ ME - Guardian Mod","READ ME - Snecko Mod","Reimu（博丽灵梦）","Remilia（蕾米莉亚）","Shop Mod","StSLib","The Jungle","The Servant 0.9.4"],"gold_per_floor":[113,113,129,139,156,156,184,184,208,222,108,108,128,153,153,252,252,262,86,86,86,100,100,133,346,346,362,376,376,0,25,25,127,127,146,146,156,34,34,45,45,72,84,115,156,183,195,223,235,247],"floor_reached":51,"language":"ZHS","playtime":2172,"items_purged":["Defend_MRS"],"score":1272,"play_id":"7bf6c14d-2122-4318-a124-2d8213e076bb","local_time":"20210212220521","is_ascension_mode":true,"campfire_choices":[{"data":"MasterSpark","floor":6,"key":"SMITH"},{"data":"AsteroidBelt","floor":8,"key":"SMITH"},{"data":"OortCloud","floor":12,"key":"SMITH"},{"data":"StarBarrage","floor":15,"key":"SMITH"},{"data":"BlazeAway","floor":23,"key":"SMITH"},{"data":"CasketOfStar","floor":29,"key":"SMITH"},{"data":"GrandCross","floor":32,"key":"SMITH"},{"data":"MillisecondPulsars","floor":41,"key":"SMITH"},{"data":"DarkMatter","floor":47,"key":"SMITH"},{"floor":49,"key":"REST"}],"circlet_count":0,"master_deck":["AscendersBane","Strike_MRS","Strike_MRS+1","Defend_MRS+1","Defend_MRS","Defend_MRS","MasterSpark+1","UpSweep","AsteroidBelt+1","MagicAbsorber","GrandCross+1","OortCloud+1","StarBarrage+1","BlazingStar","CasketOfStar+1","BlazeAway+1","AlicesGift+1","OrrerysSun+1","CurseOfTheBell","DeepEcoloBomb","FairyDestructionRay+1","DarkMatter+1"],"relics":["MiniHakkero","NeowsBlessing","ScarletDevilRocket","Blood Vial","Vajra","Sozu","FossilizedHelix","Unceasing Top","Mastiff:ReiMu","Torii","Toy Ornithopter","Calling Bell","Anchor","The Courier","Gambling Chip","ClockworkSouvenir","MawBank","Shuriken","HornCleat"],"acts_visited":["Exordium","Gensokyo:Gensokyo","Gensokyo:Gensokyoer"],"potions_floor_usage":[7,7,10,14,16,24],"damage_taken":[{"damage":0,"enemies":"Gensokyo:Python","floor":1,"turns":1},{"damage":0,"enemies":"Gensokyo:3_Fairies","floor":3,"turns":2},{"damage":0,"enemies":"Gensokyo:2_Kodama","floor":4,"turns":1},{"damage":5,"enemies":"Gensokyo:CorruptedTreant","floor":5,"turns":5},{"damage":3,"enemies":"Gensokyo:Cirno","floor":7,"turns":6},{"damage":0,"enemies":"Gensokyo:3_Kodama","floor":10,"turns":5},{"damage":0,"enemies":"Gensokyo:2_Rabbits","floor":13,"turns":4},{"damage":0,"enemies":"Gensokyo:Mamizou","floor":14,"turns":4},{"damage":1,"enemies":"Gensokyo:Kokoro","floor":16,"turns":10},{"damage":0,"enemies":"Gensokyo:AngelMirror","floor":18,"turns":3},{"damage":0,"enemies":"Gensokyo:CosmicMonolith","floor":22,"turns":5},{"damage":42,"enemies":"Gensokyo:Reisen","floor":24,"turns":7},{"damage":7,"enemies":"Gensokyo:Wraith","floor":25,"turns":4},{"damage":9,"enemies":"Gensokyo:Monolith_and_Dog","floor":27,"turns":6},{"damage":1,"enemies":"Gensokyo:Slime_Group","floor":28,"turns":5},{"damage":46,"enemies":"Gensokyo:Eternal_Rivals","floor":33,"turns":11},{"damage":10,"enemies":"Gensokyo:3_Boulders","floor":35,"turns":5},{"damage":9,"enemies":"Gensokyo:AncientGuardian","floor":37,"turns":5},{"damage":0,"enemies":"Gensokyo:Rafflesia","floor":40,"turns":8},{"damage":10,"enemies":"Gensokyo:Marisa","floor":42,"turns":6},{"damage":0,"enemies":"Gensokyo:Dusk_and_Dawn","floor":44,"turns":3},{"damage":0,"enemies":"Gensokyo:Doremy","floor":45,"turns":5},{"damage":0,"enemies":"Gensokyo:Sharpion","floor":46,"turns":5},{"damage":16,"enemies":"Gensokyo:AtlasGolem","floor":48,"turns":5},{"damage":43,"enemies":"Gensokyo:Scarlet_Devils","floor":50,"turns":11}],"seed_played":"-3047580563841621774","potions_obtained":[{"floor":4,"key":"Fire Potion"},{"floor":5,"key":"ColorlessPotion"},{"floor":7,"key":"ColorlessPotion"},{"floor":10,"key":"LiquidMemories"},{"floor":13,"key":"BottledSpark"},{"floor":14,"key":"DuplicationPotion"}],"is_trial":false,"path_per_floor":["M","$","M","M","M","R","E","R","T","M","$","R","M","E","R","B",null,"M","COS","?","?","M","R","E","M","T","M","M","R","?","T","R","B",null,"M","?","M","$","?","M","R","E","T","M","E","M","R","M","R","B",null],"character_chosen":"MARISA","items_purchased":["OortCloud","ClockworkSouvenir"],"campfire_rested":1,"item_purchase_floors":[11,38],"current_hp_per_floor":[68,68,68,68,63,63,60,60,60,62,62,62,64,66,66,67,73,75,75,75,69,69,69,27,22,22,15,69,69,69,69,69,23,58,50,50,43,43,43,45,45,37,37,39,41,43,43,29,49,8],"gold":259,"neow_bonus":"THREE_ENEMY_KILL","is_daily":false,"chose_seed":false,"campfire_upgraded":9,"win_rate":0.0,"timestamp":1613138721,"path_taken":["M","$","M","M","M","R","E","R","T","M","?","R","M","E","R","BOSS","M","COS","?","?","M","R","E","M","T","M","?","R","?","?","R","BOSS","M","?","M","?","?","M","R","E","T","M","E","M","R","?","R","BOSS"],"items_purchased_type":["Card","Relic"],"build_version":"2020-12-22","purchased_purges":1,"victory":true,"max_hp_per_floor":[75,75,75,75,75,75,75,75,75,75,75,75,75,75,75,75,75,75,75,75,69,69,69,69,69,69,69,69,69,69,69,69,69,69,69,69,69,69,69,69,69,69,69,69,69,69,69,69,69,69],"card_choices":[{"not_picked":["6A","DoubleSpark","GravityBeat"],"picked":"SKIP","floor":1},{"not_picked":["Orbital","MilkyWay"],"picked":"AsteroidBelt","floor":3},{"not_picked":["MilkyWay","IllusionStar","DoubleSpark"],"picked":"SKIP","floor":4},{"not_picked":["WitchLeyline","NonDirectionalLaser"],"picked":"MagicAbsorber","floor":5},{"not_picked":["6A","WitchLeyline"],"picked":"GrandCross","floor":7},{"not_picked":["Acceleration","WitchOfGreed","GravityBeat"],"picked":"SKIP","floor":10},{"not_picked":["EnergyFlow","ShootTheMoon"],"picked":"StarBarrage","floor":13},{"not_picked":["GasGiant","MilkyWay"],"picked":"BlazingStar","floor":14},{"not_picked":["AbsoluteMagnitude","FinalSpark"],"picked":"CasketOfStar","floor":16},{"not_picked":["ShootingEcho","DoubleSpark","GravityBeat"],"picked":"SKIP","floor":18},{"not_picked":["IllusionStar","ChargeUpSpray"],"picked":"BlazeAway","floor":22},{"not_picked":["OneTimeOff","SuperPerseids","UnstableBomb"],"picked":"SKIP","floor":24},{"not_picked":["6A","PowerUp"],"picked":"AlicesGift","floor":25},{"not_picked":["IllusionStar","GrandCross"],"picked":"OrrerysSun","floor":27},{"not_picked":["MysteriousBeam","WitchOfGreed","NonDirectionalLaser"],"picked":"SKIP","floor":28},{"not_picked":["SatelliteIllusion","CasketOfStar"],"picked":"MillisecondPulsars","floor":33},{"not_picked":["MeteoricShower","MysteriousBeam"],"picked":"DeepEcoloBomb","floor":35},{"not_picked":["6A","PowerUp","UnstableBomb"],"picked":"SKIP","floor":37},{"not_picked":["Acceleration","MachineGunSpark","StarBarrage"],"picked":"SKIP","floor":40},{"not_picked":["OrrerysSun","WitchLeyline"],"picked":"FairyDestructionRay+1","floor":42},{"not_picked":["Orbital+1","NonDirectionalLaser","DoubleSpark"],"picked":"SKIP","floor":44},{"not_picked":["DoubleSpark+1","Acceleration","StarBarrage"],"picked":"SKIP","floor":45},{"not_picked":["DoubleSpark","PulseMagic"],"picked":"DarkMatter","floor":46},{"not_picked":["WitchLeyline+1","6A","StarlightTyphoon"],"picked":"SKIP","floor":48}],"player_experience":1533342,"relics_obtained":[{"floor":7,"key":"ScarletDevilRocket"},{"floor":9,"key":"Blood Vial"},{"floor":14,"key":"Vajra"},{"floor":24,"key":"Unceasing Top"},{"floor":26,"key":"Mastiff:ReiMu"},{"floor":31,"key":"Toy Ornithopter"},{"floor":34,"key":"Anchor"},{"floor":34,"key":"The Courier"},{"floor":34,"key":"Gambling Chip"},{"floor":42,"key":"MawBank"},{"floor":43,"key":"Shuriken"},{"floor":45,"key":"HornCleat"}],"event_choices":[],"is_beta":false,"boss_relics":[{"not_picked":["RedLine:ReiMu","sneckomod:SneckoTalon"],"picked":"Sozu"},{"not_picked":["expansioncontent:StudyCardRelic","RampagingMagicTools"],"picked":"Calling Bell"}],"items_purged_floors":[11],"is_endless":false,"potions_floor_spawned":[4,5,7,10,13,14,25,28,40,44,45],"ascension_level":12}}