{"host":"yqw1zpryoutrnocq","time":1613151016,"event":{"mods":["2.2 Compatiblity","AchievementEnabler","BaseMod","Colored Map","Custom Start","DeckTracker","Minty Spire (QoL Compilation)","StSLib","SuperFastMode"],"gold_per_floor":[112,132,207,33,33,66,66,95,95,146,165,200,20,55,55,151,151,170,170,245,18,29,62,62,97,97,196,207,207,233,89,89,185,185,203,219,219,219,67,100,118,118,143,170,170,189,189,221,221,221,221],"floor_reached":50,"language":"KOR","playtime":1194,"items_purged":["Strike_R","Strike_R"],"score":1128,"play_id":"809a1d79-7f6f-48a9-9faa-880e92096eaf","local_time":"20210212113016","is_ascension_mode":true,"campfire_choices":[{"data":"Inflame","floor":7.0,"key":"SMITH"},{"data":"Uppercut","floor":15.0,"key":"SMITH"},{"data":"Heavy Blade","floor":24.0,"key":"SMITH"},{"data":"Bash","floor":29.0,"key":"SMITH"},{"data":"Exhume","floor":32,"key":"SMITH"},{"floor":42,"key":"RECALL"},{"data":"Demon Form","floor":47,"key":"SMITH"},{"data":"Power Through","floor":49,"key":"SMITH"}],"circlet_count":0,"master_deck":["AscendersBane","Strike_R","Strike_R","Strike_R","Defend_R","Defend_R","Defend_R","Defend_R","Bash+1","Inflame+1","Rampage","Wild Strike+1","Power Through+1","Heavy Blade+1","Uppercut+1","Sentinel","Sever Soul","Exhume+1","True Grit+1","Writhe","Sever Soul+1","Sword Boomerang+1","Power Through+1","Wild Strike+1","Reaper","Demon Form+1","Fire Breathing","Clothesline","Exhume+1","Armaments+1","Cleave+1"],"relics":["Burning Blood","NeowsBlessing","Ice Cream","White Beast Statue","Du-Vu Doll","MealTicket","Ancient Tea Set","Pen Nib","Snecko Eye","Meat on the Bone","Medical Kit","Juzu Bracelet","Omamori","Toy Ornithopter","Bottled Lightning","Brimstone","Cursed Key","DollysMirror","Bag of Preparation","PreservedInsect","Whetstone","Dream Catcher"],"acts_visited":["Exordium","TheCity","TheBeyond"],"potions_floor_usage":[33,35,40,44,50],"damage_taken":[{"damage":0.0,"enemies":"Small Slimes","floor":1.0,"turns":1.0},{"damage":0.0,"enemies":"Jaw Worm","floor":2.0,"turns":1.0},{"damage":0.0,"enemies":"3 Sentries","floor":6.0,"turns":2.0},{"damage":20.0,"enemies":"Lagavulin","floor":8.0,"turns":4.0},{"damage":0.0,"enemies":"Cultist","floor":11.0,"turns":3.0},{"damage":28.0,"enemies":"Gremlin Nob","floor":12.0,"turns":4.0},{"damage":0.0,"enemies":"Lagavulin","floor":14.0,"turns":5.0},{"damage":27.0,"enemies":"The Guardian","floor":16.0,"turns":6.0},{"damage":20.0,"enemies":"3 Byrds","floor":18.0,"turns":5.0},{"damage":22.0,"enemies":"2 Thieves","floor":22.0,"turns":3.0},{"damage":21.0,"enemies":"Book of Stabbing","floor":23.0,"turns":3.0},{"damage":0.0,"enemies":"Gremlin Leader","floor":25.0,"turns":3.0},{"damage":15.0,"enemies":"Centurion and Healer","floor":28.0,"turns":4.0},{"damage":28.0,"enemies":"Slavers","floor":30.0,"turns":4.0},{"damage":23,"enemies":"Collector","floor":33,"turns":5},{"damage":31,"enemies":"3 Darklings","floor":35,"turns":2},{"damage":0,"enemies":"Orb Walker","floor":36,"turns":2},{"damage":7,"enemies":"Nemesis","floor":40,"turns":3},{"damage":7,"enemies":"Transient","floor":41,"turns":5},{"damage":59,"enemies":"Reptomancer","floor":44,"turns":4},{"damage":7,"enemies":"4 Shapes","floor":46,"turns":3},{"damage":0,"enemies":"Nemesis","floor":48,"turns":3},{"damage":106,"enemies":"Donu and Deca","floor":50,"turns":4}],"seed_played":"8173714505230868206","potions_obtained":[{"floor":1.0,"key":"Regen Potion"},{"floor":6.0,"key":"EssenceOfSteel"},{"floor":8.0,"key":"SpeedPotion"},{"floor":11.0,"key":"Regen Potion"},{"floor":12.0,"key":"BlessingOfTheForge"},{"floor":14.0,"key":"Strength Potion"},{"floor":16.0,"key":"Fire Potion"},{"floor":18.0,"key":"FearPotion"},{"floor":22.0,"key":"LiquidBronze"},{"floor":23.0,"key":"Ancient Potion"},{"floor":25.0,"key":"Energy Potion"},{"floor":33,"key":"PowerPotion"},{"floor":35,"key":"GamblersBrew"},{"floor":40,"key":"BloodPotion"},{"floor":44,"key":"BlessingOfTheForge"}],"is_trial":false,"path_per_floor":["M","M","?","$","?","E","R","E","T","T","M","E","$","E","R","B",null,"M","?","?","$","M","E","R","E","T","?","M","R","E","$","R","B",null,"M","M","?","T","$","E","M","R","T","E","?","M","R","E","R","B"],"character_chosen":"IRONCLAD","items_purchased":["Wild Strike","Power Through","Sever Soul","Medical Kit","Sever Soul","Brimstone","DollysMirror"],"campfire_rested":0,"item_purchase_floors":[4,4,13,21,21,31,39],"current_hp_per_floor":[78,80,69,69,74,80,80,66,66,66,72,59,74,80,80,59,79,65,65,57,72,56,53,53,64,64,64,55,55,45,60,60,60,79,85,85,85,85,85,84,85,85,85,70,70,69,69,81,81,0,0],"gold":221,"neow_bonus":"THREE_ENEMY_KILL","is_daily":false,"chose_seed":false,"campfire_upgraded":7,"win_rate":0.0,"timestamp":1613151016,"path_taken":["M","M","?","$","?","E","R","E","T","?","M","E","$","E","R","BOSS","M","?","?","$","M","E","R","E","T","?","M","R","E","$","R","BOSS","M","M","?","?","$","E","M","R","T","E","?","M","R","E","R","BOSS"],"items_purchased_type":["Card","Card","Card","Relic","Card","Relic","Relic"],"build_version":"2020-12-22","purchased_purges":2,"victory":false,"max_hp_per_floor":[80,80,80,80,85,85,85,85,85,85,85,85,85,85,85,85,85,85,85,85,85,85,85,85,85,85,85,85,85,85,85,85,85,85,85,85,85,85,85,85,85,85,85,85,81,81,81,81,81,81,81],"card_choices":[{"not_picked":["Flex","Havoc"],"picked":"Inflame","floor":1.0},{"not_picked":["Iron Wave","Combust"],"picked":"Rampage","floor":2.0},{"not_picked":["Pommel Strike","Cleave"],"picked":"Heavy Blade","floor":6.0},{"not_picked":["Cleave","Infernal Blade"],"picked":"Uppercut","floor":8.0},{"not_picked":["Rupture","Clash"],"picked":"Sentinel","floor":11.0},{"not_picked":["Sword Boomerang","Armaments","Rage"],"picked":"SKIP","floor":12.0},{"not_picked":["Sever Soul","Uppercut","Perfected Strike"],"picked":"SKIP","floor":14.0},{"not_picked":["Barricade","Bludgeon"],"picked":"Exhume","floor":16.0},{"not_picked":["Anger","Perfected Strike"],"picked":"True Grit+1","floor":18.0},{"not_picked":["Thunderclap+1","Entrench+1"],"picked":"Sword Boomerang+1","floor":22.0},{"not_picked":["Thunderclap","Spot Weakness"],"picked":"Power Through+1","floor":23.0},{"not_picked":["Iron Wave","Clash","Battle Trance+1"],"picked":"SKIP","floor":25.0},{"not_picked":["Rampage","Metallicize"],"picked":"Wild Strike+1","floor":28.0},{"not_picked":["Infernal Blade+1","Sword Boomerang+1"],"picked":"Reaper","floor":30},{"not_picked":["Exhume","Juggernaut"],"picked":"Demon Form","floor":33},{"not_picked":["Perfected Strike+1","Pommel Strike"],"picked":"Fire Breathing","floor":35},{"not_picked":["Clash","Havoc"],"picked":"Clothesline","floor":36},{"not_picked":["Bloodletting","Clothesline"],"picked":"Armaments+1","floor":40},{"not_picked":["Warcry","Rampage","Headbutt+1"],"picked":"SKIP","floor":41},{"not_picked":["Body Slam+1","Iron Wave"],"picked":"Cleave+1","floor":44},{"not_picked":["Body Slam+1","Intimidate+1","Headbutt"],"picked":"SKIP","floor":46},{"not_picked":["Rupture+1","Pommel Strike","Dual Wield"],"picked":"SKIP","floor":48}],"player_experience":330886,"relics_obtained":[{"floor":6.0,"key":"Ice Cream"},{"floor":8.0,"key":"White Beast Statue"},{"floor":9.0,"key":"Du-Vu Doll"},{"floor":10.0,"key":"MealTicket"},{"floor":12.0,"key":"Ancient Tea Set"},{"floor":14.0,"key":"Pen Nib"},{"floor":23.0,"key":"Juzu Bracelet"},{"floor":25.0,"key":"Omamori"},{"floor":26.0,"key":"Toy Ornithopter"},{"floor":30,"key":"Bottled Lightning"},{"floor":40,"key":"Bag of Preparation"},{"floor":43,"key":"PreservedInsect"},{"floor":44,"key":"Whetstone"},{"floor":48,"key":"Dream Catcher"}],"event_choices":[{"damage_healed":0.0,"max_hp_gain":0.0,"max_hp_loss":0.0,"gold_gain":75.0,"event_name":"World of Goop","player_choice":"Gather Gold","floor":3.0,"gold_loss":0.0,"damage_taken":11.0},{"damage_healed":0.0,"max_hp_gain":5.0,"max_hp_loss":0.0,"gold_gain":0.0,"event_name":"Big Fish","player_choice":"Donut","floor":5.0,"gold_loss":0.0,"damage_taken":0.0},{"damage_healed":0.0,"max_hp_gain":0.0,"max_hp_loss":0.0,"gold_gain":0.0,"event_name":"The Mausoleum","player_choice":"Opened","floor":19.0,"gold_loss":0.0,"damage_taken":0.0,"relics_obtained":["Meat on the Bone"],"cards_obtained":["Writhe"]},{"damage_healed":0.0,"max_hp_gain":0.0,"max_hp_loss":0.0,"gold_gain":75.0,"event_name":"FaceTrader","player_choice":"Touch","floor":20.0,"gold_loss":0.0,"damage_taken":8.0},{"damage_healed":0.0,"max_hp_gain":0.0,"max_hp_loss":0.0,"gold_gain":99.0,"event_name":"Nest","player_choice":"Stole From Cult","floor":27.0,"gold_loss":0.0,"damage_taken":0.0},{"damage_healed":0,"gold_gain":0,"player_choice":"Ignored","damage_taken":0,"max_hp_gain":0,"max_hp_loss":0,"event_name":"Tomb of Lord Red Mask","floor":37,"gold_loss":0},{"damage_healed":0,"gold_gain":0,"player_choice":"Max HP","damage_taken":0,"max_hp_gain":0,"max_hp_loss":4,"event_name":"Winding Halls","floor":45,"gold_loss":0}],"is_beta":false,"boss_relics":[{"not_picked":["Black Star","Runic Pyramid"],"picked":"Snecko Eye"},{"not_picked":["SlaversCollar","Tiny House"],"picked":"Cursed Key"}],"items_purged_floors":[4,13],"is_endless":false,"potions_floor_spawned":[1,6,8,11,12,14,16,18,22,23,25,28,30,33,35,36,40,41,44,46,48],"killed_by":"Donu and Deca","ascension_level":10}}