{"host":"uv5ws9rdk87e8i5k","time":1613095386,"event":{"mods":["AchievementEnabler","BaseMod","Colored Map","Minty Spire (QoL Compilation)","Permanent Neow","Quick Restart","StSLib","SuperFastMode","The Necromancer"],"gold_per_floor":[109,127,146,146,165,192,192,219,243,243,268,287,298,308,308,404,404,421,520,71,71,88,118,128,154,234,259,184,184,184,196,196,300,300,314,2,13,65,76,76,104,117,117,162,192,203,203,203,203,203,203,203,0,35,35,35],"floor_reached":55,"language":"ENG","playtime":2075,"items_purged":["Strike_B"],"score":995,"play_id":"2c252d56-bb84-4de4-85d3-2c2e2b334495","local_time":"20210211200306","is_ascension_mode":true,"campfire_choices":[{"data":"Coolheaded","floor":7.0,"key":"SMITH"},{"floor":10.0,"key":"REST"},{"data":"Turbo","floor":15.0,"key":"SMITH"},{"data":"Double Energy","floor":29,"key":"SMITH"},{"floor":32,"key":"REST"},{"data":"Buffer","floor":40,"key":"SMITH"},{"data":"Rainbow","floor":47,"key":"SMITH"},{"floor":49,"key":"RECALL"},{"data":"Chaos","floor":52,"key":"SMITH"}],"circlet_count":0,"master_deck":["Strike_B","Strike_B","Defend_B","Defend_B","Defend_B","Defend_B","Zap","Dualcast+1","Conserve Battery","Cold Snap","Cold Snap","Coolheaded+1","Cold Snap+1","FTL+1","Self Repair","Turbo+1","Reboot","Buffer+1","Streamline+1","Darkness","FTL+1","Sweeping Beam+1","Creative AI","Turbo+1","Double Energy+1","Reboot","Rainbow+1","Coolheaded+1","White Noise","Self Repair","Sweeping Beam+1","Chaos+1","White Noise+1","Steam Power+1","Double Energy+1","Fission"],"relics":["Cracked Core","Ice Cream","Molten Egg 2","Orichalcum","Art of War","SlaversCollar","Mercury Hourglass","HornCleat","White Beast Statue","StoneCalendar","InkBottle","Shuriken","Nloth\u0027s Gift","Coffee Dripper","Anchor","Pocketwatch","Ancient Tea Set","Smiling Mask","Gremlin Horn","DollysMirror","Torii"],"acts_visited":["Exordium","TheCity","TheBeyond","TheEnding"],"potions_floor_usage":[25,25,33,33,38,38,39,42,45,46,50,50,50,55,55],"damage_taken":[{"damage":7.0,"enemies":"Small Slimes","floor":1.0,"turns":3.0},{"damage":1.0,"enemies":"2 Louse","floor":2.0,"turns":3.0},{"damage":0.0,"enemies":"Cultist","floor":3.0,"turns":3.0},{"damage":7.0,"enemies":"3 Louse","floor":5.0,"turns":4.0},{"damage":9.0,"enemies":"3 Sentries","floor":6.0,"turns":8.0},{"damage":19.0,"enemies":"Gremlin Nob","floor":8.0,"turns":5.0},{"damage":0.0,"enemies":"3 Sentries","floor":11.0,"turns":8.0},{"damage":0.0,"enemies":"Blue Slaver","floor":12.0,"turns":3.0},{"damage":4.0,"enemies":"Exordium Wildlife","floor":13.0,"turns":4.0},{"damage":11.0,"enemies":"Exordium Thugs","floor":14.0,"turns":5.0},{"damage":4.0,"enemies":"Hexaghost","floor":16.0,"turns":13.0},{"damage":3.0,"enemies":"Spheric Guardian","floor":18.0,"turns":6.0},{"damage":6.0,"enemies":"Chosen","floor":22.0,"turns":4.0},{"damage":0.0,"enemies":"Gremlin Leader","floor":23.0,"turns":6.0},{"damage":15.0,"enemies":"Centurion and Healer","floor":24.0,"turns":7.0},{"damage":24,"enemies":"Slavers","floor":25,"turns":4},{"damage":26,"enemies":"Book of Stabbing","floor":27,"turns":5},{"damage":5,"enemies":"Chosen and Byrds","floor":31,"turns":4},{"damage":11,"enemies":"Collector","floor":33,"turns":7},{"damage":9,"enemies":"Orb Walker","floor":35,"turns":3},{"damage":0,"enemies":"3 Shapes","floor":37,"turns":5},{"damage":3,"enemies":"2 Orb Walkers","floor":38,"turns":4},{"damage":15,"enemies":"Jaw Worm Horde","floor":39,"turns":3},{"damage":7,"enemies":"Nemesis","floor":41,"turns":7},{"damage":0,"enemies":"Maw","floor":42,"turns":6},{"damage":0,"enemies":"Giant Head","floor":45,"turns":5},{"damage":8,"enemies":"4 Shapes","floor":46,"turns":3},{"damage":4,"enemies":"Donu and Deca","floor":50,"turns":7},{"damage":0,"enemies":"Shield and Spear","floor":54,"turns":6},{"damage":69,"enemies":"The Heart","floor":55,"turns":8}],"seed_played":"1448827434107542136","potions_obtained":[{"floor":2.0,"key":"ColorlessPotion"},{"floor":3.0,"key":"Ancient Potion"},{"floor":6.0,"key":"BlessingOfTheForge"},{"floor":8.0,"key":"Energy Potion"},{"floor":11.0,"key":"GamblersBrew"},{"floor":18.0,"key":"PowerPotion"},{"floor":24.0,"key":"SteroidPotion"},{"floor":25,"key":"Swift Potion"},{"floor":27,"key":"SteroidPotion"},{"floor":31,"key":"AttackPotion"},{"floor":33,"key":"AttackPotion"},{"floor":35,"key":"EssenceOfDarkness"},{"floor":37,"key":"Energy Potion"},{"floor":38,"key":"AttackPotion"},{"floor":39,"key":"Dexterity Potion"},{"floor":41,"key":"ColorlessPotion"},{"floor":42,"key":"SkillPotion"},{"floor":45,"key":"Dexterity Potion"},{"floor":46,"key":"DistilledChaos"},{"floor":54,"key":"EssenceOfSteel"}],"is_trial":false,"path_per_floor":["M","M","M","?","M","E","R","E","T","R","E","M","M","M","R","B",null,"M","?","$","?","M","E","M","E","T","E","?","R","?","M","R","B",null,"M","$","M","?","M","R","E","M","T","T","E","M","R","?","R","B",null,"R","$","E","B"],"character_chosen":"DEFECT","items_purchased":["Mercury Hourglass","Streamline+1","Darkness","White Noise","Anchor","Self Repair","DollysMirror","PowerPotion"],"campfire_rested":2,"item_purchase_floors":[20,20,20,36,36,36,53,53],"current_hp_per_floor":[61,60,60,60,53,44,44,25,25,45,45,55,58,54,54,57,68,68,68,68,68,68,68,60,43,43,24,24,24,24,26,46,42,68,66,66,68,68,67,67,68,68,68,68,68,68,68,68,68,68,68,68,68,68,0,0],"gold":35,"neow_bonus":"ONE_RARE_RELIC","is_daily":false,"chose_seed":false,"campfire_upgraded":6,"win_rate":0.0,"timestamp":1613095386,"path_taken":["M","M","M","?","M","E","R","E","T","R","E","M","M","M","R","BOSS","M","?","$","?","M","E","M","E","T","E","?","R","?","M","R","BOSS","M","?","M","?","M","R","E","M","T","?","E","?","R","?","R","BOSS","R","$","E","BOSS"],"items_purchased_type":["Relic","Card","Card","Card","Relic","Card","Relic","Potion"],"build_version":"2020-12-22","purchased_purges":1,"victory":false,"max_hp_per_floor":[68,68,68,68,68,68,68,68,68,68,68,68,68,68,68,68,68,68,68,68,68,68,68,68,68,68,68,68,68,68,68,68,68,68,68,68,68,68,68,68,68,68,68,68,68,68,68,68,68,68,68,68,68,68,68,68],"card_choices":[{"not_picked":["Streamline","Lockon"],"picked":"Conserve Battery","floor":1.0},{"not_picked":["Compile Driver","Go for the Eyes"],"picked":"Cold Snap","floor":2.0},{"not_picked":["Stack","Barrage"],"picked":"Cold Snap","floor":3.0},{"not_picked":["Force Field","Doom and Gloom"],"picked":"Coolheaded","floor":5.0},{"not_picked":["Sunder+1","Beam Cell+1"],"picked":"Cold Snap+1","floor":6.0},{"not_picked":["Hologram","BootSequence"],"picked":"FTL+1","floor":8.0},{"not_picked":["FTL+1","Compile Driver+1"],"picked":"Self Repair","floor":11.0},{"not_picked":["Go for the Eyes+1","Melter+1","Stack"],"picked":"SKIP","floor":12.0},{"not_picked":["Glacier","Consume"],"picked":"Turbo","floor":13.0},{"not_picked":["Consume","Rip and Tear+1"],"picked":"Reboot","floor":14.0},{"not_picked":["Multi-Cast","Hyperbeam+1"],"picked":"Buffer","floor":16.0},{"not_picked":["Steam","Go for the Eyes+1","Gash+1"],"picked":"SKIP","floor":18.0},{"not_picked":["Hologram","Streamline+1"],"picked":"FTL+1","floor":22.0},{"not_picked":["Barrage+1","Auto Shields"],"picked":"Sweeping Beam+1","floor":23.0},{"not_picked":["Redo","Gash+1"],"picked":"Creative AI","floor":24.0},{"not_picked":["Static Discharge+1","Storm"],"picked":"Turbo+1","floor":25},{"not_picked":["Coolheaded","Recycle"],"picked":"Double Energy","floor":27},{"not_picked":["Undo","Hologram"],"picked":"Reboot","floor":31},{"not_picked":["Biased Cognition","All For One+1"],"picked":"Rainbow","floor":33},{"not_picked":["Gash+1","Sweeping Beam+1"],"picked":"Coolheaded+1","floor":35},{"not_picked":["Darkness+1","Glacier"],"picked":"Sweeping Beam+1","floor":37},{"not_picked":["Gash+1","Beam Cell+1"],"picked":"Chaos","floor":38},{"not_picked":["Steam","Storm"],"picked":"White Noise+1","floor":39},{"not_picked":["Fusion","Streamline+1"],"picked":"Steam Power+1","floor":41},{"not_picked":["Stack+1","Gash+1","Streamline+1"],"picked":"SKIP","floor":42},{"not_picked":["Cold Snap+1","Recycle+1","Force Field"],"picked":"SKIP","floor":45},{"not_picked":["Gash+1","Conserve Battery","Rebound+1"],"picked":"SKIP","floor":46},{"not_picked":["Hologram","Force Field"],"picked":"Fission","floor":54}],"player_experience":154159,"relics_obtained":[{"floor":6.0,"key":"Molten Egg 2"},{"floor":8.0,"key":"Orichalcum"},{"floor":9.0,"key":"Art of War"},{"floor":11.0,"key":"Oddly Smooth Stone"},{"floor":23.0,"key":"White Beast Statue"},{"floor":25,"key":"StoneCalendar"},{"floor":26,"key":"InkBottle"},{"floor":27,"key":"Shuriken"},{"floor":38,"key":"Pocketwatch"},{"floor":41,"key":"Ancient Tea Set"},{"floor":44,"key":"Smiling Mask"},{"floor":45,"key":"Gremlin Horn"},{"floor":54,"key":"Torii"}],"event_choices":[{"damage_healed":0.0,"max_hp_gain":0.0,"max_hp_loss":0.0,"gold_gain":0.0,"event_name":"Living Wall","player_choice":"Grow","floor":4.0,"gold_loss":0.0,"damage_taken":0.0,"cards_upgraded":["Dualcast"]},{"damage_healed":0.0,"max_hp_gain":0.0,"max_hp_loss":0.0,"gold_gain":99.0,"event_name":"Nest","player_choice":"Stole From Cult","floor":19.0,"gold_loss":0.0,"damage_taken":0.0},{"damage_healed":0.0,"max_hp_gain":0.0,"max_hp_loss":0.0,"gold_gain":0.0,"event_name":"The Mausoleum","player_choice":"Opened","floor":21.0,"gold_loss":0.0,"damage_taken":0.0,"relics_obtained":["HornCleat"]},{"cards_removed":["Strike_B"],"damage_healed":0,"gold_gain":0,"player_choice":"Gave Gold","damage_taken":0,"max_hp_gain":0,"max_hp_loss":0,"event_name":"Beggar","floor":28,"gold_loss":75},{"damage_healed":0,"gold_gain":0,"player_choice":"Traded Relic","damage_taken":0,"relics_obtained":["Nloth\u0027s Gift"],"max_hp_gain":0,"max_hp_loss":0,"event_name":"N\u0027loth","floor":30,"relics_lost":["Oddly Smooth Stone"],"gold_loss":0},{"damage_healed":0,"gold_gain":0,"player_choice":"Fight","damage_taken":0,"max_hp_gain":0,"max_hp_loss":0,"event_name":"Mysterious Sphere","floor":38,"gold_loss":0},{"damage_healed":0,"gold_gain":0,"player_choice":"Ignored","damage_taken":0,"max_hp_gain":0,"max_hp_loss":0,"event_name":"Tomb of Lord Red Mask","floor":48,"gold_loss":0}],"is_beta":false,"boss_relics":[{"not_picked":["Busted Crown","Fusion Hammer"],"picked":"SlaversCollar"},{"not_picked":["Astrolabe","Sozu"],"picked":"Coffee Dripper"}],"items_purged_floors":[20],"is_endless":false,"potions_floor_spawned":[2,3,6,8,11,18,24,25,27,31,33,35,37,38,39,41,42,45,46,54],"killed_by":"The Heart","ascension_level":2}}