{"host":"qlznacst95ifd6w5","time":1613104212,"event":{"mods":["2.2 Compatiblity","AchievementEnabler","BaseMod","Bestiary","Block Reminder","Colored Map","Curses Come First","DeckTracker","Highlight Path","Minty Spire (QoL Compilation)","Permanent Neow","Relic Sorter","Relic Stats","StSLib","Together in Spire"],"gold_per_floor":[113,133,58,69,89,115,130,158,181,181,181,181,193,224,224,322,322,342,342,357,377,377,408,420,466,555,578,617,629,267,287,287,389,389,401,413,413,0,0,29,41,58,58,73,105,15,48,48,48,48],"floor_reached":51,"language":"ENG","playtime":2374,"items_purged":["Strike_G","Strike_G"],"score":667,"play_id":"67e06e11-a92a-4c7f-99e4-b4f56d07aceb","local_time":"20210211233012","is_ascension_mode":false,"campfire_choices":[{"floor":10,"key":"REST"},{"floor":12,"key":"REST"},{"data":"Noxious Fumes","floor":15,"key":"SMITH"},{"data":"Adrenaline","floor":29,"key":"SMITH"},{"floor":32,"key":"REST"},{"data":"Bouncing Flask","floor":49,"key":"SMITH"}],"circlet_count":0,"master_deck":["Defend_G","Defend_G+1","Defend_G","Defend_G","Defend_G","Survivor","Neutralize","Predator+1","Deadly Poison","Deadly Poison+1","Deadly Poison+1","Deflect+1","Footwork","Poisoned Stab","Noxious Fumes","Noxious Fumes+1","Night Terror","Deadly Poison+1","Ghostly","Ghostly","Ghostly","Ghostly","Ghostly","Blur","Well Laid Plans+1","Calculated Gamble","Adrenaline+1","Bouncing Flask+1","Deflect","Deadly Poison+1","Bandage Up","Crippling Poison+1","Bouncing Flask+1","Noxious Fumes","Deadly Poison+1","Footwork+1"],"relics":["Ring of the Serpent","Dream Catcher","Mummified Hand","Bottled Flame","Boot","Oddly Smooth Stone","SacredBark","MawBank","Juzu Bracelet","Paper Crane","Pantograph","Strawberry","Red Mask","PreservedInsect","Eternal Feather","Toy Ornithopter","War Paint","Happy Flower"],"acts_visited":["Exordium","TheCity","TheBeyond"],"potions_floor_usage":[4,14,16,16,21,25,33,33,42,50],"damage_taken":[{"damage":0,"enemies":"Cultist","floor":1,"turns":2},{"damage":0,"enemies":"Jaw Worm","floor":2,"turns":2},{"damage":0,"enemies":"Small Slimes","floor":4,"turns":1},{"damage":0,"enemies":"2 Fungi Beasts","floor":5,"turns":2},{"damage":22,"enemies":"Gremlin Nob","floor":6,"turns":3},{"damage":3,"enemies":"3 Louse","floor":7,"turns":2},{"damage":18,"enemies":"Lagavulin","floor":8,"turns":4},{"damage":1,"enemies":"Blue Slaver","floor":13,"turns":2},{"damage":14,"enemies":"Gremlin Nob","floor":14,"turns":3},{"damage":0,"enemies":"Slime Boss","floor":16,"turns":3},{"damage":0,"enemies":"Chosen","floor":18,"turns":2},{"damage":0,"enemies":"Spheric Guardian","floor":20,"turns":3},{"damage":0,"enemies":"Snake Plant","floor":21,"turns":2},{"damage":1,"enemies":"Gremlin Leader","floor":23,"turns":6},{"damage":5,"enemies":"Slavers","floor":25,"turns":3},{"damage":0,"enemies":"3 Cultists","floor":27,"turns":3},{"damage":0,"enemies":"Book of Stabbing","floor":28,"turns":1},{"damage":17,"enemies":"Centurion and Healer","floor":31,"turns":4},{"damage":12,"enemies":"Automaton","floor":33,"turns":7},{"damage":1,"enemies":"Orb Walker","floor":35,"turns":2},{"damage":0,"enemies":"3 Shapes","floor":36,"turns":1},{"damage":1,"enemies":"Giant Head","floor":40,"turns":5},{"damage":6,"enemies":"Writhing Mass","floor":41,"turns":3},{"damage":0,"enemies":"Jaw Worm Horde","floor":42,"turns":2},{"damage":0,"enemies":"Spire Growth","floor":44,"turns":3},{"damage":4,"enemies":"Reptomancer","floor":45,"turns":4},{"damage":0,"enemies":"Giant Head","floor":47,"turns":5},{"damage":10,"enemies":"Awakened One","floor":50,"turns":5}],"seed_played":"-8553628604849504632","potions_obtained":[{"floor":1,"key":"AttackPotion"},{"floor":4,"key":"CunningPotion"},{"floor":6,"key":"Regen Potion"},{"floor":8,"key":"Fire Potion"},{"floor":16,"key":"FairyPotion"},{"floor":18,"key":"EssenceOfSteel"},{"floor":20,"key":"ColorlessPotion"},{"floor":27,"key":"BlessingOfTheForge"},{"floor":33,"key":"PowerPotion"},{"floor":35,"key":"Dexterity Potion"},{"floor":41,"key":"DistilledChaos"},{"floor":44,"key":"LiquidMemories"}],"is_trial":false,"path_per_floor":["M","M","$","M","M","E","M","E","T","R","?","R","M","E","R","B",null,"M","?","M","M","?","E","?","E","T","M","E","R","$","M","R","B",null,"M","M","?","?","T","E","M","M","T","M","E","?","E","?","R","B",null],"character_chosen":"THE_SILENT","items_purchased":["Strawberry","Deflect","LiquidMemories"],"campfire_rested":3,"item_purchase_floors":[30,30,30],"current_hp_per_floor":[70,70,70,70,70,48,45,27,27,48,34,55,54,49,49,49,70,70,35,35,35,31,30,30,25,25,25,25,25,32,15,29,35,47,46,46,46,46,46,47,45,45,45,45,41,41,45,45,45,41],"gold":48,"neow_bonus":"RANDOM_COMMON_RELIC","is_daily":false,"chose_seed":false,"campfire_upgraded":3,"win_rate":0.0,"timestamp":1613104212,"path_taken":["M","M","?","M","M","E","M","E","T","R","?","R","M","E","R","BOSS","M","?","M","M","?","E","?","E","T","M","E","R","$","M","R","BOSS","M","M","?","?","?","E","M","M","T","M","E","?","E","?","R","BOSS"],"items_purchased_type":["Relic","Card","Potion"],"build_version":"2020-12-22","purchased_purges":2,"victory":true,"max_hp_per_floor":[70,70,70,70,70,70,70,70,70,70,70,70,70,70,70,70,70,70,35,35,35,40,40,40,40,40,40,40,40,47,47,47,47,47,47,47,47,47,47,47,47,47,47,47,47,47,47,45,45,45],"relic_stats":{"Happy Flower":[1],"counters":[28,85],"Eternal Feather":0,"PreservedInsect":312,"Juzu Bracelet":1,"War Paint":["Deadly Poison","Deadly Poison"],"Boot":[39],"MawBank":84,"Dream Catcher":3,"Mummified Hand":[49],"Pantograph":18,"obtain_stats":[{"Happy Flower":47,"SacredBark":17,"Oddly Smooth Stone":14,"Eternal Feather":40,"PreservedInsect":39,"Juzu Bracelet":25,"Paper Crane":26,"War Paint":45,"Boot":9,"MawBank":23,"Dream Catcher":0,"Bottled Flame":8,"Mummified Hand":6,"Pantograph":28,"Strawberry":30,"Red Mask":38,"Ring of the Serpent":34,"Toy Ornithopter":43,"Ring of the Snake":0},{"Happy Flower":27,"SacredBark":10,"Oddly Smooth Stone":9,"Eternal Feather":22,"PreservedInsect":21,"Juzu Bracelet":15,"Paper Crane":15,"War Paint":26,"Boot":7,"MawBank":14,"Dream Catcher":0,"Bottled Flame":7,"Mummified Hand":5,"Pantograph":17,"Strawberry":17,"Red Mask":21,"Ring of the Serpent":19,"Toy Ornithopter":24,"Ring of the Snake":0},{"Happy Flower":80,"SacredBark":24,"Oddly Smooth Stone":21,"Eternal Feather":63,"PreservedInsect":58,"Juzu Bracelet":40,"Paper Crane":40,"War Paint":75,"Boot":16,"MawBank":37,"Dream Catcher":0,"Bottled Flame":16,"Mummified Hand":10,"Pantograph":44,"Strawberry":44,"Red Mask":58,"Ring of the Serpent":55,"Toy Ornithopter":68,"Ring of the Snake":0}],"Toy Ornithopter":2},"card_choices":[{"not_picked":["Tactician","Sucker Punch"],"picked":"Predator","floor":1},{"not_picked":["Footwork","Finisher"],"picked":"Deadly Poison","floor":2},{"not_picked":["All Out Attack","Choke"],"picked":"Deadly Poison","floor":4},{"not_picked":["Distraction","Prepared"],"picked":"Deadly Poison","floor":5},{"not_picked":["Expertise","Calculated Gamble"],"picked":"Deflect","floor":6},{"not_picked":["Blade Dance","Flying Knee"],"picked":"Footwork","floor":7},{"not_picked":["Dagger Throw","Terror","Backstab"],"picked":"SKIP","floor":8},{"not_picked":["Dagger Throw","Tactician"],"picked":"Poisoned Stab","floor":10},{"not_picked":["Dash","Quick Slash"],"picked":"Noxious Fumes","floor":13},{"not_picked":["Blade Dance","PiercingWail"],"picked":"Noxious Fumes","floor":14},{"not_picked":["Phantasmal Killer","Tools of the Trade"],"picked":"Night Terror","floor":16},{"not_picked":["Outmaneuver","Tactician"],"picked":"Deadly Poison+1","floor":18},{"not_picked":["Masterful Stab+1","PiercingWail"],"picked":"Blur","floor":20},{"not_picked":["Heel Hook+1","Deflect"],"picked":"Well Laid Plans+1","floor":21},{"not_picked":["Predator","Tactician","Expertise"],"picked":"SKIP","floor":23},{"not_picked":["Leg Sweep","Backflip+1"],"picked":"Bouncing Flask+1","floor":25},{"not_picked":["Flying Knee","Dagger Throw","Endless Agony+1"],"picked":"SKIP","floor":27},{"not_picked":["A Thousand Cuts","Endless Agony","Terror"],"picked":"SKIP","floor":28},{"not_picked":["Dash","Flying Knee","Terror"],"picked":"SKIP","floor":31},{"not_picked":["Quick Slash","Heel Hook+1"],"picked":"Deadly Poison+1","floor":35},{"not_picked":["Eviscerate","Backstab","Backflip"],"picked":"SKIP","floor":36},{"not_picked":["Mind Blast","Flash of Steel"],"picked":"Bandage Up","floor":37},{"not_picked":["Blade Dance+1","Deflect"],"picked":"Crippling Poison+1","floor":40},{"not_picked":["Underhanded Strike","Poisoned Stab"],"picked":"Bouncing Flask","floor":41},{"not_picked":["Choke","Infinite Blades+1"],"picked":"Noxious Fumes","floor":42},{"not_picked":["Dodge and Roll","Sucker Punch+1"],"picked":"Deadly Poison+1","floor":44},{"not_picked":["Flechettes","Backflip+1","Envenom"],"picked":"SKIP","floor":45},{"not_picked":["Choke+1","Heel Hook+1"],"picked":"Footwork+1","floor":47}],"player_experience":3051,"relics_obtained":[{"floor":6,"key":"Mummified Hand"},{"floor":8,"key":"Bottled Flame"},{"floor":9,"key":"Boot"},{"floor":14,"key":"Oddly Smooth Stone"},{"floor":23,"key":"MawBank"},{"floor":25,"key":"Juzu Bracelet"},{"floor":26,"key":"Paper Crane"},{"floor":28,"key":"Pantograph"},{"floor":39,"key":"PreservedInsect"},{"floor":40,"key":"Eternal Feather"},{"floor":43,"key":"Toy Ornithopter"},{"floor":45,"key":"War Paint"},{"floor":47,"key":"Happy Flower"}],"event_choices":[{"damage_healed":0,"gold_gain":0,"player_choice":"Entered Light","damage_taken":14,"max_hp_gain":0,"max_hp_loss":0,"event_name":"Shining Light","floor":11,"gold_loss":0,"cards_upgraded":["Deflect","Defend_G"]},{"damage_healed":0,"gold_gain":0,"player_choice":"Became a Ghost","damage_taken":0,"max_hp_gain":0,"max_hp_loss":35,"event_name":"Ghosts","floor":19,"gold_loss":0,"cards_obtained":["Ghostly","Ghostly","Ghostly","Ghostly","Ghostly"]},{"damage_healed":0,"gold_gain":0,"player_choice":"Shed Blood","damage_taken":9,"max_hp_gain":5,"max_hp_loss":0,"event_name":"Forgotten Altar","floor":22,"gold_loss":0},{"damage_healed":0,"gold_gain":0,"cards_transformed":["Strike_G","Strike_G"],"player_choice":"Became Test Subject","damage_taken":0,"max_hp_gain":0,"max_hp_loss":0,"event_name":"Drug Dealer","floor":24,"gold_loss":0,"cards_obtained":["Calculated Gamble","Adrenaline"]},{"damage_healed":0,"gold_gain":0,"player_choice":"Memory 1","damage_taken":0,"max_hp_gain":0,"max_hp_loss":0,"event_name":"SensoryStone","floor":37,"gold_loss":0},{"damage_healed":0,"gold_gain":0,"player_choice":"Paid","damage_taken":0,"relics_obtained":["Red Mask"],"max_hp_gain":0,"max_hp_loss":0,"event_name":"Tomb of Lord Red Mask","floor":38,"gold_loss":413},{"cards_removed":["Strike_G"],"damage_healed":0,"gold_gain":0,"player_choice":"Upgrade and Remove","damage_taken":0,"max_hp_gain":0,"max_hp_loss":0,"event_name":"Designer","floor":46,"gold_loss":90,"cards_upgraded":["Predator"]},{"damage_healed":0,"gold_gain":0,"player_choice":"Max HP","damage_taken":0,"max_hp_gain":0,"max_hp_loss":2,"event_name":"Winding Halls","floor":48,"gold_loss":0}],"is_beta":false,"boss_relics":[{"not_picked":["Philosopher\u0027s Stone","HoveringKite"],"picked":"SacredBark"},{"not_picked":["Tiny House","Empty Cage"],"picked":"Ring of the Serpent"}],"items_purged_floors":[3,30],"is_endless":false,"potions_floor_spawned":[1,4,6,8,16,18,20,27,33,35,41,44,45],"ascension_level":0}}