{"host":"5ddwedapke4fsx0r","time":1613162640,"event":{"mods":["BaseMod","Downfall","Minty Spire (QoL Compilation)","Reliquary","Shade Mod","StSLib"],"gold_per_floor":[0,13,13,13,13,41,123,123,138,166,166,316,316,335,345,445,445,445,455,455,471,471,498,498,498,509,538,550,580,59,77,77,77,77],"floor_reached":32,"language":"ENG","playtime":1870,"items_purged":[],"score":302,"play_id":"751bd0e7-ae40-41d9-bed6-ee8fefea71eb","local_time":"20210212214400","is_ascension_mode":true,"campfire_choices":[{"data":"hexamod:Float","floor":1,"key":"SMITH"},{"floor":8,"key":"REST"},{"data":"hexamod:TimeOfNeed","floor":13,"key":"SMITH"},{"data":"hexamod:VolcanoVisage","floor":18,"key":"SMITH"}],"circlet_count":0,"master_deck":["hexamod:Strike","hexamod:Strike","hexamod:Strike","hexamod:Defend","hexamod:Defend","hexamod:Defend","hexamod:Defend","hexamod:Sear","hexamod:Float+1","hexamod:TimeOfNeed+1","hexamod:StepThrough","hexamod:SwordOfDarkness+1","hexamod:VolcanoVisage+1","CurseOfTheBell","hexamod:TimeOfNeed+1","hexamod:AdvancingGuard","hexamod:PhantomCloak+1","hexamod:RainOfEmbers","hexamod:GhostOfSpirePresent+1"],"relics":["hexamod:SpiritBrand","Ginger","Mercury Hourglass","Pear","Lizard Tail","Calling Bell","Regal Pillow","Frozen Egg 2","CaptainsWheel","Art of War","Torii","reliquary:SilkGlove","Nunchaku","reliquary:Firecrackers","reliquary:HotPoker"],"acts_visited":["Exordium","TheCity"],"potions_floor_usage":[6,16,21,27,27,29],"damage_taken":[{"damage":0,"enemies":"Small Slimes","floor":2,"turns":3},{"damage":57,"enemies":"Gremlin Nob","floor":6,"turns":6},{"damage":5,"enemies":"Jaw Worm","floor":9,"turns":4},{"damage":20,"enemies":"Lagavulin","floor":10,"turns":7},{"damage":0,"enemies":"2 Louse","floor":14,"turns":2},{"damage":1,"enemies":"2 Fungi Beasts","floor":15,"turns":3},{"damage":29,"enemies":"WA_ARCHETYPE_RETAIN","floor":16,"turns":5},{"damage":0,"enemies":"Spheric Guardian","floor":19,"turns":5},{"damage":4,"enemies":"Chosen","floor":21,"turns":5},{"damage":10,"enemies":"Sentry and Sphere","floor":26,"turns":6},{"damage":30,"enemies":"Book of Stabbing","floor":27,"turns":6},{"damage":32,"enemies":"Chosen and Byrds","floor":28,"turns":7},{"damage":22,"enemies":"Slavers","floor":29,"turns":6},{"damage":0,"enemies":"downfall:FleeingMerchant","floor":30,"turns":4},{"damage":10,"enemies":"Centurion and Healer","floor":31,"turns":6},{"damage":22,"enemies":"Cultist and Chosen","floor":32,"turns":4}],"seed_played":"-2925271431969564251","potions_obtained":[{"floor":2,"key":"bronze:BurnAndBuffPotion"},{"floor":6,"key":"Block Potion"},{"floor":14,"key":"LiquidMemories"},{"floor":15,"key":"hexamod:DoubleChargePotion"},{"floor":19,"key":"Weak Potion"},{"floor":28,"key":"bronze:BurnAndBuffPotion"},{"floor":29,"key":"Strength Potion"}],"is_trial":false,"path_per_floor":["R","M","?","?","?","E","T","R","M","E","?","?","R","M","M","B",null,"R","M","?","M","?","T","T","?","M","E","M","E","$","M","M"],"character_chosen":"THE_SPIRIT","items_purchased":["reliquary:Firecrackers","reliquary:HotPoker"],"campfire_rested":1,"item_purchase_floors":[30,30],"current_hp_per_floor":[70,70,70,70,70,13,23,47,42,22,48,48,48,48,47,18,80,80,80,80,76,76,76,76,76,66,36,4,26,26,16,0,0,0],"gold":77,"neow_bonus":"ONE_RARE_RELIC","is_daily":false,"chose_seed":false,"campfire_upgraded":3,"win_rate":0.0,"timestamp":1613162640,"path_taken":["R","M","?","?","?","E","T","R","M","E","?","?","R","M","M","BOSS","R","M","?","?","?","?","T","?","M","E","?","E","$","M","M"],"items_purchased_type":["Relic","Relic"],"build_version":"2020-12-22","purchased_purges":0,"victory":false,"max_hp_per_floor":[70,70,70,70,70,70,80,80,80,80,80,80,80,80,80,80,80,80,80,80,80,80,80,80,80,80,80,80,80,80,80,80,80,80],"card_choices":[{"not_picked":["hexamod:SoulSteal","hexamod:HeatMetal","hexamod:GhostLash"],"picked":"SKIP","floor":2},{"not_picked":["hexamod:SwordOfDarkness","hexamod:NightmareStrike"],"picked":"hexamod:TimeOfNeed","floor":6},{"not_picked":["hexamod:EtherealExpedition","hexamod:BurningTouch"],"picked":"hexamod:StepThrough","floor":9},{"not_picked":["hexamod:FlamesFromBeyond","hexamod:ThermalTransfer","hexamod:BacktrackSmack"],"picked":"SKIP","floor":10},{"not_picked":["hexamod:AdvancingGuard","hexamod:Firestarter"],"picked":"hexamod:SwordOfDarkness","floor":14},{"not_picked":["hexamod:HeatShield","hexamod:FastForward","hexamod:HauntingEcho"],"picked":"SKIP","floor":15},{"not_picked":["hexamod:FifthSeal","hexamod:SearingWound"],"picked":"hexamod:VolcanoVisage","floor":16},{"not_picked":["hexamod:StepThrough","hexamod:ExtraCrispy+1","hexamod:GhostShield"],"picked":"SKIP","floor":19},{"not_picked":["hexamod:FourthSeal","hexamod:SkipABeat","hexamod:PhantomFireball"],"picked":"SKIP","floor":21},{"not_picked":["hexamod:HeatCrush","hexamod:ThermalTransfer","hexamod:PhantomFireball"],"picked":"SKIP","floor":26},{"not_picked":["hexamod:NightmareStrike","hexamod:SuperheatedStrike"],"picked":"hexamod:AdvancingGuard","floor":27},{"not_picked":["hexamod:NightmareStrike","hexamod:HauntingEcho"],"picked":"hexamod:PhantomCloak+1","floor":28},{"not_picked":["hexamod:NightmareGuise","hexamod:SwordOfDarkness+1","hexamod:ThermalTransfer"],"picked":"SKIP","floor":29},{"not_picked":["hexamod:GiftsFromTheDead+1","hexamod:AdvancingGuard"],"picked":"hexamod:RainOfEmbers","floor":30},{"not_picked":["hexamod:ShieldOfDarkness","hexamod:InspiringFlames+1"],"picked":"hexamod:GhostOfSpirePresent+1","floor":31}],"player_experience":493302,"relics_obtained":[{"floor":6,"key":"Mercury Hourglass"},{"floor":7,"key":"Pear"},{"floor":10,"key":"Lizard Tail"},{"floor":17,"key":"Regal Pillow"},{"floor":17,"key":"Frozen Egg 2"},{"floor":17,"key":"CaptainsWheel"},{"floor":23,"key":"Art of War"},{"floor":24,"key":"Torii"},{"floor":27,"key":"reliquary:SilkGlove"},{"floor":29,"key":"Nunchaku"}],"event_choices":[{"damage_healed":26,"gold_gain":0,"player_choice":"Banana","damage_taken":0,"max_hp_gain":0,"max_hp_loss":0,"event_name":"Big Fish","floor":11,"gold_loss":0}],"is_beta":false,"boss_relics":[{"not_picked":["reliquary:KinkedSpring","Fusion Hammer"],"picked":"Calling Bell"}],"items_purged_floors":[],"is_endless":false,"potions_floor_spawned":[2,6,14,15,19,28,29],"killed_by":"Cultist and Chosen","ascension_level":1}}