{"host":"duqni2aepebkwvpq","time":1613155385,"event":{"mods":["AchievementEnabler","BaseMod","Colored Map","Colored Powertips","Highlight Path","Minty Spire (QoL Compilation)","Quick Restart","Random Character Button","StSLib"],"gold_per_floor":[112,126,96,114,114,114,126,158,158,158,178,196,196,226,226,226,226],"floor_reached":16,"language":"ENG","playtime":720,"items_purged":[],"score":153,"play_id":"4737fbf1-bbc7-44a3-a8a0-c5b6c82cf3d5","local_time":"20210212134305","is_ascension_mode":true,"campfire_choices":[{"data":"Darkness","floor":6,"key":"SMITH"},{"data":"Barrage","floor":10,"key":"SMITH"},{"floor":13,"key":"REST"},{"data":"Zap","floor":15,"key":"SMITH"}],"circlet_count":0,"master_deck":["AscendersBane","Strike_B","Strike_B","Strike_B","Defend_B","Defend_B","Defend_B","Zap+1","Dualcast","Sweeping Beam","Darkness+1","Cold Snap","Barrage+1","BootSequence","All For One"],"relics":["Cracked Core","Darkstone Periapt","Art of War","Singing Bowl","Akabeko"],"acts_visited":["Exordium"],"potions_floor_usage":[8,8,16,16],"damage_taken":[{"damage":0,"enemies":"Small Slimes","floor":1,"turns":3},{"damage":6,"enemies":"Cultist","floor":2,"turns":3},{"damage":6,"enemies":"2 Louse","floor":4,"turns":2},{"damage":0,"enemies":"Large Slime","floor":7,"turns":4},{"damage":21,"enemies":"3 Sentries","floor":8,"turns":5},{"damage":8,"enemies":"2 Fungi Beasts","floor":11,"turns":4},{"damage":3,"enemies":"3 Louse","floor":12,"turns":2},{"damage":42,"enemies":"The Guardian","floor":16,"turns":6}],"seed_played":"-3929333309381652281","potions_obtained":[{"floor":2,"key":"PowerPotion"},{"floor":3,"key":"DuplicationPotion"},{"floor":3,"key":"BlessingOfTheForge"},{"floor":7,"key":"Regen Potion"},{"floor":8,"key":"SpeedPotion"}],"is_trial":false,"path_per_floor":["M","M","?","M","T","R","M","E","T","R","M","M","R","?","R","B"],"character_chosen":"DEFECT","items_purchased":[],"campfire_rested":1,"item_purchase_floors":[],"current_hp_per_floor":[50,44,44,38,38,38,38,31,31,31,23,20,42,42,42,0,0],"gold":226,"neow_bonus":"REMOVE_TWO","is_daily":false,"chose_seed":false,"campfire_upgraded":3,"win_rate":0.0,"timestamp":1613155385,"path_taken":["M","M","?","?","?","R","M","E","T","R","M","M","R","?","R","BOSS"],"items_purchased_type":[],"build_version":"2020-12-22","purchased_purges":0,"victory":false,"max_hp_per_floor":[75,75,75,75,75,75,75,75,75,75,75,75,75,75,75,75,75],"card_choices":[{"not_picked":["Steam","Steam Power","Stack"],"picked":"SKIP","floor":1},{"not_picked":["Auto Shields","Gash"],"picked":"Sweeping Beam","floor":2},{"not_picked":["Stack","Reinforced Body"],"picked":"Darkness","floor":4},{"not_picked":["Coolheaded","Scrape"],"picked":"Cold Snap","floor":7},{"not_picked":["Conserve Battery","Coolheaded"],"picked":"Barrage","floor":8},{"not_picked":["Storm","Ball Lightning"],"picked":"BootSequence","floor":11},{"not_picked":["Steam","Stack"],"picked":"All For One","floor":12}],"player_experience":891823,"relics_obtained":[{"floor":5,"key":"Darkstone Periapt"},{"floor":8,"key":"Art of War"},{"floor":9,"key":"Singing Bowl"}],"event_choices":[{"damage_healed":0,"gold_gain":0,"player_choice":"Bought 2 Potions","damage_taken":0,"max_hp_gain":0,"max_hp_loss":0,"event_name":"The Woman in Blue","floor":3,"gold_loss":0},{"damage_healed":0,"gold_gain":30,"player_choice":"Searched \u00273\u0027 times","damage_taken":0,"relics_obtained":["Akabeko"],"max_hp_gain":0,"max_hp_loss":0,"event_name":"Dead Adventurer","floor":14,"gold_loss":0}],"is_beta":false,"boss_relics":[],"items_purged_floors":[],"is_endless":false,"potions_floor_spawned":[2,7,8],"killed_by":"The Guardian","ascension_level":10}}