{"host":"2rbn7ywmirq5y689","time":1613149714,"event":{"mods":["BaseMod","Colored Map","Colored Powertips","Highlight Path","Minty Spire (QoL Compilation)","Rare Cards Sparkle","Relic Stats","StSLib"],"gold_per_floor":[117,129,145,43,43,58,77,252,252,252,264,264,264,264],"floor_reached":13,"language":"ENG","playtime":510,"items_purged":["Strike_B"],"score":81,"play_id":"663e2523-d620-42b2-9fcb-e7f592862ce7","local_time":"20210213010834","is_ascension_mode":true,"campfire_choices":[{"floor":10,"key":"REST"},{"floor":12,"key":"REST"}],"circlet_count":0,"master_deck":["Strike_B","Strike_B","Strike_B","Defend_B","Defend_B","Defend_B","Defend_B","Zap","Dualcast","Blizzard","Hologram","Coolheaded","Melter","Coolheaded","Streamline","Conserve Battery","Doubt","Doom and Gloom"],"relics":["Cracked Core","Frozen Egg 2"],"acts_visited":["Exordium"],"potions_floor_usage":[13],"damage_taken":[{"damage":2,"enemies":"2 Louse","floor":1,"turns":3},{"damage":6,"enemies":"Jaw Worm","floor":2,"turns":5},{"damage":5,"enemies":"Small Slimes","floor":3,"turns":4},{"damage":36,"enemies":"Exordium Thugs","floor":6,"turns":7},{"damage":21,"enemies":"Exordium Wildlife","floor":7,"turns":6},{"damage":10,"enemies":"Blue Slaver","floor":11,"turns":4},{"damage":56,"enemies":"Gremlin Nob","floor":13,"turns":4}],"seed_played":"-1583083276117759354","potions_obtained":[{"floor":2,"key":"LiquidBronze"},{"floor":3,"key":"Swift Potion"},{"floor":11,"key":"GamblersBrew"}],"is_trial":false,"path_per_floor":["M","M","M","$","?","M","M","?","T","R","M","R","E"],"character_chosen":"DEFECT","items_purchased":["Coolheaded"],"campfire_rested":2,"item_purchase_floors":[4],"current_hp_per_floor":[73,67,62,62,67,31,10,10,10,34,24,48,0,0],"gold":264,"neow_bonus":"THREE_CARDS","is_daily":false,"chose_seed":false,"campfire_upgraded":0,"win_rate":0.0,"timestamp":1613149714,"path_taken":["M","M","M","$","?","M","M","?","T","R","M","R","E"],"items_purchased_type":["Card"],"build_version":"2020-12-22","purchased_purges":1,"victory":false,"max_hp_per_floor":[75,75,75,75,80,80,80,80,80,80,80,80,80,80],"relic_stats":{"counters":[7,33],"obtain_stats":[{"Frozen Egg 2":9,"Cracked Core":0},{"Frozen Egg 2":5,"Cracked Core":0},{"Frozen Egg 2":25,"Cracked Core":0}]},"card_choices":[{"not_picked":["FTL","Turbo"],"picked":"Blizzard","floor":0},{"not_picked":["Leap","Reprogram"],"picked":"Hologram","floor":1},{"not_picked":["Go for the Eyes","Leap"],"picked":"Coolheaded","floor":2},{"not_picked":["Darkness","Hello World"],"picked":"Melter","floor":3},{"not_picked":["Darkness","Reprogram"],"picked":"Streamline","floor":6},{"not_picked":["Blizzard","Hologram"],"picked":"Conserve Battery","floor":7},{"not_picked":["Coolheaded","Turbo"],"picked":"Doom and Gloom","floor":11}],"player_experience":227177,"relics_obtained":[{"floor":9,"key":"Frozen Egg 2"}],"event_choices":[{"damage_healed":0,"gold_gain":0,"player_choice":"Donut","damage_taken":0,"max_hp_gain":5,"max_hp_loss":0,"event_name":"Big Fish","floor":5,"gold_loss":0},{"damage_healed":0,"gold_gain":175,"player_choice":"AGREE","damage_taken":0,"max_hp_gain":0,"max_hp_loss":0,"event_name":"Liars Game","floor":8,"gold_loss":0,"cards_obtained":["Doubt"]}],"is_beta":false,"boss_relics":[],"items_purged_floors":[4],"is_endless":false,"potions_floor_spawned":[2,3,11],"killed_by":"Gremlin Nob","ascension_level":1}}