{"host":"d73an99q9oevilk5","time":1613095720,"event":{"mods":["2.2 Compatiblity","AchievementEnabler","Act Like it!","Aspiration","BaseMod","Beaked The Cultist","Better Third Choice","BetterRewards","Colored Map","Colored Powertips","Conspire","Downfall","GifTheSpireLib","GungeonMod","Halation","Hubris","Infinite Spire","Marisa????????","Mimic Mod","Minty Spire (QoL Compilation)","Quick Restart","Relic Sorter","Reliquary","Replay The Spire","Shop Mod","Spikes Relics","StSLib","Stuff the Spire","The Bug Knight","The Cursed","The Jungle","The Necromancer","The Saiyan","Waifu the Spire","egg","slay the spire mod where everything is the same but ironclad has a cowboy hat"],"gold_per_floor":[99,116,116,26,26,26,52,86,96,123,142,155,189,200,216,312,312,212,223,235,28,47,47,79,96,96,96,96,107,55,80,91,193,193,193,204,204,39,52,62,107,3,18,48,60,70,96,9,25,25],"floor_reached":51,"language":"ENG","playtime":2973,"items_purged":["StuffTheSpire:CuriosityCurse","Replay:Hysterical Blindness"],"score":760,"play_id":"df40a3d8-82ca-4c23-8955-a8ebba7910cd","local_time":"20210211190840","is_ascension_mode":false,"campfire_choices":[{"data":"beaked:Ceremony","floor":1.0,"key":"SMITH"},{"data":"beaked:Ceremony","floor":6.0,"key":"SMITH"},{"data":"beaked:BloodRitual","floor":18.0,"key":"SMITH"},{"data":"beaked:Ceremony","floor":23.0,"key":"SMITH"},{"floor":35.0,"key":"DIG"}],"circlet_count":0,"master_deck":["beaked:Strike_Y","beaked:Strike_Y","beaked:Strike_Y","beaked:Strike_Y","beaked:Strike_Y","beaked:Defend_Y","beaked:Defend_Y","beaked:Defend_Y","beaked:Defend_Y","beaked:Ceremony+1","beaked:Ceremony+1","beaked:Ceremony+1","Injury","beaked:Strike_Y","beaked:Foresight","beaked:BloodRitual+1","beaked:KnowThyFoe+1","beaked:Foresight","beaked:LiftOff+1","Reaper","beaked:CrazyRituals+1","beaked:HuntressSpirit","beaked:Evade+1","ReplayTheSpireMod:??????????????????????","beaked:CrazyRituals+1","beaked:WarriorEssence","expansioncontent:GuardianWhirl","beaked:KnowThyFoe","beaked:HuntressSpirit+1","beaked:LiftOff+1","beaked:WarriorEssence+1","beaked:MaddeningMurmurs+1","beaked:WarriorEssence+1","Discovery","ReplayTheSpireMod:RavenHex+1","Parasite","beaked:Evade+1","beaked:WarriorSpirit","beaked:Foresight+1"],"relics":["beaked:MendingPlumage","DemoMod:DecoyRelic","hubris:Stopwatch","SnailShell","Frozen Egg 2","StuffTheSpire:GrapeVine","Mango","Replay:Grab Bag","conspire:SlowCooker","reliquary:RedPaperclip","beaked:SacredDeck","downfall:HeartBlessingGreen","Lee\u0027s Waffle","theJungle:WildStrawberry","ReplayTheSpireMod:CursedCoin","DemoMod:OrangeGuonStone","reliquary:Stiletto","infinitespire:Satchel","Girya","HollowMod:LifeEnderRelic"],"acts_visited":["Exordium","Exordium","TheBeyond"],"potions_floor_usage":[50,50,50],"damage_taken":[{"damage":8.0,"enemies":"Small Slimes","floor":2.0,"turns":4.0},{"damage":0.0,"enemies":"downfall:FleeingMerchant","floor":4.0,"turns":4.0},{"damage":32.0,"enemies":"Gremlin Nob","floor":8.0,"turns":5.0},{"damage":6.0,"enemies":"2 Louse","floor":9.0,"turns":3.0},{"damage":23.0,"enemies":"Lagavulin","floor":10.0,"turns":8.0},{"damage":6.0,"enemies":"Jaw Worm","floor":11.0,"turns":5.0},{"damage":5.0,"enemies":"Blue Slaver","floor":12.0,"turns":5.0},{"damage":34.0,"enemies":"Gremlin Nob","floor":13.0,"turns":5.0},{"damage":33.0,"enemies":"Exordium Thugs","floor":14.0,"turns":5.0},{"damage":11.0,"enemies":"Large Slime","floor":15.0,"turns":9.0},{"damage":49.0,"enemies":"IC_STATUS_ARCHETYPE","floor":16.0,"turns":10.0},{"damage":28.0,"enemies":"theJungle:MUSHROOMGANG","floor":19.0,"turns":5.0},{"damage":31.0,"enemies":"theJungle:Flameango_and_Byrd","floor":20.0,"turns":8.0},{"damage":1.0,"enemies":"downfall:FleeingMerchant","floor":21.0,"turns":4.0},{"damage":44.0,"enemies":"Snake Plant","floor":22.0,"turns":6.0},{"damage":12.0,"enemies":"theJungle:2_Flameangoes","floor":24.0,"turns":6.0},{"damage":26.0,"enemies":"theJungle:2_Flameangoes","floor":25.0,"turns":7.0},{"damage":14.0,"enemies":"theJungle:Lyon","floor":29.0,"turns":5.0},{"damage":12.0,"enemies":"downfall:FleeingMerchant","floor":30.0,"turns":4.0},{"damage":70.0,"enemies":"theJungle:JungleHuntersEncounter","floor":31.0,"turns":8.0},{"damage":6.0,"enemies":"theJungle:SlimyTreeVines","floor":32.0,"turns":8.0},{"damage":87.0,"enemies":"DF_ARCHETYPE_CLAW","floor":33.0,"turns":8.0},{"damage":76.0,"enemies":"3 Darklings","floor":36.0,"turns":10.0},{"damage":24.0,"enemies":"downfall:FleeingMerchant","floor":38.0,"turns":4.0},{"damage":50.0,"enemies":"3 Shapes","floor":39.0,"turns":4.0},{"damage":38.0,"enemies":"3 Darklings","floor":40.0,"turns":7.0},{"damage":0.0,"enemies":"downfall:FleeingMerchant","floor":42.0,"turns":4.0},{"damage":32.0,"enemies":"Maw","floor":43.0,"turns":8.0},{"damage":52.0,"enemies":"Giant Head","floor":44.0,"turns":7.0},{"damage":20.0,"enemies":"Writhing Mass","floor":45.0,"turns":7.0},{"damage":34.0,"enemies":"Jaw Worm Horde","floor":46.0,"turns":3.0},{"damage":33,"enemies":"Reptomancer","floor":47,"turns":7},{"damage":30,"enemies":"downfall:FleeingMerchant","floor":48,"turns":4},{"damage":68,"enemies":"Sphere and 2 Shapes","floor":49,"turns":5},{"damage":93,"enemies":"WA_ARCHETYPE_DIVINITY","floor":50,"turns":10}],"seed_played":"-6038924244162914329","potions_obtained":[{"floor":0.0,"key":"SneckoOil"},{"floor":0.0,"key":"PowerPotion"},{"floor":0.0,"key":"LiquidMemories"},{"floor":2.0,"key":"PowerPotion"},{"floor":9.0,"key":"Block Potion"},{"floor":11.0,"key":"Elixir"},{"floor":14.0,"key":"SteroidPotion"},{"floor":16.0,"key":"Explosive Potion"},{"floor":22.0,"key":"Block Potion"},{"floor":29.0,"key":"SpeedPotion"},{"floor":31.0,"key":"Strength Potion"},{"floor":32.0,"key":"LifebloodPotion"},{"floor":33.0,"key":"Venom Potion"},{"floor":39.0,"key":"Dexterity Potion"},{"floor":40.0,"key":"hexamod:SoulburnPotion"},{"floor":44.0,"key":"Toxic Potion"},{"floor":45.0,"key":"Explosive Potion"},{"floor":49,"key":"beaked:MendingBrew"}],"is_trial":false,"path_per_floor":["R_BF","M","?","$","?","R","T","E","M","E","M","M","E","M","M","B",null,"R","M","M","$","M","R","MIM","M","?","?","?","M","$","M","M","B",null,"R_BF","M","?","$","M","M","T","$","M","E","M","M","E","$","M","B",null],"character_chosen":"BEAKED_THE_CULTIST","items_purchased":["Lee\u0027s Waffle","beaked:CrazyRituals+1","ReplayTheSpireMod:CursedCoin","expansioncontent:GuardianWhirl","reliquary:Stiletto","Discovery","LifebloodPotion"],"campfire_rested":0,"item_purchase_floors":[21,21,30,30,38,42,48],"current_hp_per_floor":[50,47,47,50,50,50,50,27,28,39,45,54,34,15,35,16,64,64,48,61,71,48,48,56,71,64,46,46,49,50,33,78,12,78,78,78,78,71,37,33,33,55,78,78,78,71,78,74,25,78],"gold":25,"neow_bonus":"THREE_SMALL_POTIONS","is_daily":false,"chose_seed":false,"campfire_upgraded":4,"win_rate":0.0,"timestamp":1613095720,"path_taken":["R_BF","M","?","$","?","R","T","E","M","E","M","M","E","M","M","BOSS","R","M","M","$","M","R","MIM","M","?","?","?","M","?","M","M","BOSS","R_BF","M","?","$","M","M","T","?","M","E","M","M","E","$","M","BOSS"],"items_purchased_type":["Relic","Card","Relic","Card","Relic","Card","Potion"],"build_version":"2020-12-22","purchased_purges":2,"victory":true,"max_hp_per_floor":[50,50,50,50,50,50,50,50,50,64,64,64,64,64,64,64,64,64,64,64,71,71,71,71,71,78,78,78,78,78,78,78,78,78,78,78,78,78,78,78,78,78,78,78,78,78,78,78,78,78],"card_choices":[{"not_picked":["beaked:SacrificialAttack","beaked:Resilience","beaked:Cower"],"picked":"SKIP","floor":2.0},{"not_picked":["ReplayTheSpireMod:RavenHex","beaked:DigDeep","beaked:Cower"],"picked":"SKIP","floor":4.0},{"not_picked":["beaked:WarriorEssence","beaked:Resilience"],"picked":"beaked:Foresight","floor":8.0},{"not_picked":["beaked:BraceForImpact","beaked:DarkPact","beaked:SurvivalInstinct"],"picked":"SKIP","floor":9.0},{"not_picked":["beaked:Daydream","beaked:Redirect","beaked:DigDeep"],"picked":"SKIP","floor":10.0},{"not_picked":["beaked:TuckingFeathers","beaked:Redirect","beaked:BloodForTheGods"],"picked":"SKIP","floor":11.0},{"not_picked":["beaked:Mantra","beaked:Tweet"],"picked":"beaked:BloodRitual","floor":12.0},{"not_picked":["beaked:Recite","beaked:Overexert"],"picked":"beaked:KnowThyFoe","floor":13.0},{"not_picked":["beaked:BraceForImpact","beaked:Redirect"],"picked":"beaked:Foresight","floor":14.0},{"not_picked":["beaked:StickSmack","beaked:Windmill","beaked:LiftOff+1"],"picked":"SKIP","floor":15.0},{"not_picked":["beaked:Brainwash","beaked:KnowThyFoe"],"picked":"beaked:LiftOff+1","floor":16.0},{"not_picked":["beaked:Replenish","ReplayTheSpireMod:Wings of Steel","beaked:Recite"],"picked":"SKIP","floor":19.0},{"not_picked":["beaked:Windmill","beaked:FeelMyPain","beaked:DigDeep+1"],"picked":"SKIP","floor":20.0},{"not_picked":["beaked:SacrificialDive","beaked:Daydream","beaked:SurvivalInstinct+1"],"picked":"SKIP","floor":21.0},{"not_picked":["beaked:WarriorEssence+1","beaked:TuckingFeathers"],"picked":"beaked:HuntressSpirit","floor":22.0},{"not_picked":["beaked:Cower+1","beaked:SurvivalInstinct"],"picked":"beaked:Evade+1","floor":25.0},{"not_picked":["infinitespire:Starlight","ReplayTheSpireMod:Chaos Vortex"],"picked":"ReplayTheSpireMod:??????????????????????","floor":27.0},{"not_picked":["beaked:Evade+1","beaked:Struggle+1"],"picked":"beaked:CrazyRituals+1","floor":29.0},{"not_picked":["beaked:Evade+1","beaked:FullHouse"],"picked":"beaked:WarriorEssence","floor":30.0},{"not_picked":["beaked:DigDeep","beaked:BraceForImpact","beaked:Daydream"],"picked":"SKIP","floor":31.0},{"not_picked":["beaked:Resilience+1","ReplayTheSpireMod:Prepare the Ceremony","beaked:BraceForImpact"],"picked":"SKIP","floor":32.0},{"not_picked":["beaked:ShadowFade","beaked:WildInstinct"],"picked":"beaked:KnowThyFoe","floor":33.0},{"not_picked":["beaked:CursingBlood+1","beaked:Daydream+1"],"picked":"beaked:HuntressSpirit+1","floor":36.0},{"not_picked":["beaked:StickSmack","beaked:BarbedWire"],"picked":"beaked:LiftOff+1","floor":38.0},{"not_picked":["beaked:Tradeoff+1","beaked:RitualOfBody+1"],"picked":"beaked:WarriorEssence+1","floor":39.0},{"not_picked":["beaked:SurvivalInstinct","beaked:Redirect+1"],"picked":"beaked:MaddeningMurmurs+1","floor":40.0},{"not_picked":["beaked:MimicHuntress+1","beaked:FeelMyPain"],"picked":"beaked:WarriorEssence+1","floor":42.0},{"not_picked":["beaked:TuckingFeathers+1","beaked:DigDeeper"],"picked":"ReplayTheSpireMod:RavenHex+1","floor":43.0},{"not_picked":["beaked:Molting","beaked:VolatileMisfortune+1","beaked:Flinch"],"picked":"SKIP","floor":44.0},{"not_picked":["beaked:MaddeningMurmurs+1","beaked:Poke+1"],"picked":"beaked:Evade+1","floor":45.0},{"not_picked":["beaked:Negation","beaked:FeelMyPain+1"],"picked":"beaked:WarriorSpirit","floor":46.0},{"not_picked":["beaked:Replenish+1","beaked:SurvivalInstinct+1","beaked:DigDeep+1"],"picked":"SKIP","floor":47},{"not_picked":["ReplayTheSpireMod:Prepare the Ceremony","beaked:RitualOfBody+1"],"picked":"beaked:Foresight+1","floor":48},{"not_picked":["beaked:DigDeeper","beaked:TuckingFeathers+1","beaked:Devastation+1"],"picked":"SKIP","floor":49}],"player_experience":1898843,"relics_obtained":[{"floor":7.0,"key":"StuffTheSpire:GrapeVine"},{"floor":8.0,"key":"StuffTheSpire:Mouthbags"},{"floor":10.0,"key":"Mango"},{"floor":13.0,"key":"Pet Ghost"},{"floor":24.0,"key":"DemoMod:DecoyRelic"},{"floor":35.0,"key":"DemoMod:OrangeGuonStone"},{"floor":41.0,"key":"infinitespire:Satchel"},{"floor":44.0,"key":"Girya"},{"floor":47,"key":"HollowMod:LifeEnderRelic"}],"event_choices":[{"damage_healed":0.0,"max_hp_gain":0.0,"max_hp_loss":0.0,"gold_gain":0.0,"event_name":"NoteForYourself","player_choice":"Ignored","floor":37.0,"gold_loss":0.0,"damage_taken":0.0}],"is_beta":false,"boss_relics":[{"not_picked":["reliquary:Craggleroot","reliquary:KinkedSpring"],"picked":"Replay:Grab Bag"},{"not_picked":["aspiration:FutureDiary","conspire:RoyalGoblet"],"picked":"conspire:SlowCooker"},{"not_picked":["hubris:VirtuousBlindfold","halation:IncompleteEncyclopedia"],"picked":"reliquary:RedPaperclip"},{"not_picked":["beaked:BlessedCoat","beaked:SacrificeDoll"],"picked":"beaked:SacredDeck"},{"not_picked":["conspire:RunicOctahedron","Black Star"],"picked":"hubris:Stopwatch"}],"items_purged_floors":[4,30],"is_endless":false,"potions_floor_spawned":[2,9,11,14,16,22,29,31,32,33,39,40,44,45,49],"ascension_level":0}}