{"host":"bf5upntvbdompq33","time":1613147378,"event":{"mods":["BaseMod","Colored Map","Colored Powertips","Curses Come First","Minty Spire (QoL Compilation)","StSLib","The Dragon Tamer","The Hierophant","The Marked","The Mystic","The Servant 0.9.4"],"gold_per_floor":[116,291,291,307,321,321,333,333,387,402,402,437,437,437,437,532,532,548,226,244,159,159,159,159,159],"floor_reached":24,"language":"ENG","playtime":3185,"items_purged":["Strike_G"],"score":316,"play_id":"948603ab-0bd6-4ed5-a42e-e6cd1d97eed4","local_time":"20210212092938","is_ascension_mode":true,"campfire_choices":[{"data":"Backstab","floor":6,"key":"SMITH"},{"data":"Tactician","floor":8,"key":"SMITH"},{"data":"Infinite Blades","floor":13,"key":"SMITH"},{"floor":15,"key":"REST"},{"floor":23,"key":"REST"}],"circlet_count":0,"master_deck":["AscendersBane","Strike_G","Strike_G","Defend_G","Defend_G","Defend_G","Defend_G","Defend_G","Survivor","Neutralize","Sucker Punch","Acrobatics","Backstab+1","Tactician+1","Dagger Throw","Infinite Blades+1","Night Terror","Quick Slash+1","Blade Dance","Ghostly","Ghostly","Ghostly","Ghostly","Ghostly"],"relics":["Ring of the Snake","NeowsBlessing","Strawberry","Art of War","Gremlin Horn","Empty Cage","Pear","Bag of Preparation"],"acts_visited":["Exordium","TheCity"],"potions_floor_usage":[10,10,12],"damage_taken":[{"damage":0,"enemies":"Cultist","floor":1,"turns":1},{"damage":0,"enemies":"2 Louse","floor":4,"turns":1},{"damage":0,"enemies":"Small Slimes","floor":5,"turns":1},{"damage":2,"enemies":"2 Fungi Beasts","floor":7,"turns":4},{"damage":13,"enemies":"Large Slime","floor":10,"turns":7},{"damage":21,"enemies":"Gremlin Nob","floor":12,"turns":5},{"damage":56,"enemies":"The Guardian","floor":16,"turns":18},{"damage":12,"enemies":"3 Byrds","floor":18,"turns":9},{"damage":32,"enemies":"Shell Parasite","floor":20,"turns":8},{"damage":39,"enemies":"Snake Plant","floor":24,"turns":6}],"seed_played":"-8303146475428371629","potions_obtained":[{"floor":5,"key":"Poison Potion"},{"floor":7,"key":"EssenceOfSteel"},{"floor":10,"key":"Block Potion"},{"floor":12,"key":"LiquidMemories"},{"floor":18,"key":"SpeedPotion"}],"is_trial":false,"path_per_floor":["M","?","?","M","M","R","M","R","T","M","?","E","R","?","R","B",null,"M","$","M","?","?","R","M"],"character_chosen":"THE_SILENT","items_purchased":["Pear"],"campfire_rested":2,"item_purchase_floors":[19],"current_hp_per_floor":[63,63,45,45,45,45,43,43,43,30,55,34,34,34,57,1,58,46,56,24,24,24,36,0,0],"gold":159,"neow_bonus":"THREE_ENEMY_KILL","is_daily":false,"chose_seed":false,"campfire_upgraded":3,"win_rate":0.0,"timestamp":1613147378,"path_taken":["M","?","?","M","M","R","M","R","T","M","?","E","R","?","R","BOSS","M","$","M","?","?","R","M"],"items_purchased_type":["Relic"],"build_version":"2020-12-22","purchased_purges":1,"victory":false,"max_hp_per_floor":[70,70,77,77,77,77,77,77,77,77,77,77,77,77,77,77,77,77,87,87,87,43,43,43,43],"card_choices":[{"not_picked":["Finisher","Flying Knee"],"picked":"Sucker Punch","floor":1},{"not_picked":["Bane","Underhanded Strike"],"picked":"Acrobatics","floor":4},{"not_picked":["Flying Knee","Accuracy"],"picked":"Backstab","floor":5},{"not_picked":["Cloak And Dagger","Calculated Gamble"],"picked":"Tactician","floor":7},{"not_picked":["Backstab","Reflex"],"picked":"Dagger Throw","floor":10},{"not_picked":["Accuracy","Sucker Punch"],"picked":"Infinite Blades","floor":12},{"not_picked":["Adrenaline","Tools of the Trade"],"picked":"Night Terror","floor":16},{"not_picked":["Deflect","Blade Dance"],"picked":"Quick Slash+1","floor":18},{"not_picked":["Sucker Punch","Eviscerate+1"],"picked":"Blade Dance","floor":20}],"player_experience":1556160,"relics_obtained":[{"floor":9,"key":"Art of War"},{"floor":12,"key":"Gremlin Horn"}],"event_choices":[{"damage_healed":0,"gold_gain":175,"player_choice":"AGREE","damage_taken":0,"max_hp_gain":0,"max_hp_loss":0,"event_name":"Liars Game","floor":2,"gold_loss":0,"cards_obtained":["Doubt"]},{"damage_healed":0,"gold_gain":0,"player_choice":"Success","damage_taken":25,"relics_obtained":["Strawberry"],"max_hp_gain":0,"max_hp_loss":0,"event_name":"Scrap Ooze","floor":3,"gold_loss":0},{"damage_healed":25,"gold_gain":0,"player_choice":"Banana","damage_taken":0,"max_hp_gain":0,"max_hp_loss":0,"event_name":"Big Fish","floor":11,"gold_loss":0},{"cards_removed":["Doubt"],"damage_healed":0,"gold_gain":0,"player_choice":"Forget","damage_taken":0,"max_hp_gain":0,"max_hp_loss":0,"event_name":"Living Wall","floor":14,"gold_loss":0},{"damage_healed":0,"gold_gain":0,"player_choice":"Obtained Relic","damage_taken":0,"relics_obtained":["Bag of Preparation"],"max_hp_gain":0,"max_hp_loss":0,"event_name":"Addict","floor":21,"gold_loss":85},{"damage_healed":0,"gold_gain":0,"player_choice":"Became a Ghost","damage_taken":0,"max_hp_gain":0,"max_hp_loss":44,"event_name":"Ghosts","floor":22,"gold_loss":0,"cards_obtained":["Ghostly","Ghostly","Ghostly","Ghostly","Ghostly"]}],"is_beta":false,"boss_relics":[{"not_picked":["Ring of the Serpent","Runic Dome"],"picked":"Empty Cage"}],"items_purged_floors":[19],"is_endless":false,"potions_floor_spawned":[5,7,10,12,18],"killed_by":"Snake Plant","ascension_level":10}}