{"host":"bzq0skgbben6khkk","time":1613131238,"event":{"mods":["Act Like it!","Arknights","BaseMod","Minty Spire (QoL Compilation)","StSLib","Swap Starting Deck Mod"],"gold_per_floor":[118,137,87,48,48,86,86,11,11,54,69,69,69,69,69,192,192,216,138,138,138],"floor_reached":20,"language":"ZHS","playtime":3272,"items_purged":["ats:Strike S"],"score":203,"play_id":"d7d6294b-2abd-4233-8779-88da7a3d84f0","local_time":"20210212200038","is_ascension_mode":false,"campfire_choices":[{"data":"ats:Emotion Absorption","floor":7.0,"key":"SMITH"},{"data":"ats:Burning Ground","floor":13.0,"key":"SMITH"},{"floor":15.0,"key":"REST"}],"circlet_count":0,"master_deck":["ats:Strike C","ats:Strike G","ats:Armor Crushing Shot","ats:Defend","ats:Defend","ats:Defend","ats:Defend","ats:Emotion Absorption+1","ats:Cat Scratch","ats:Ignite","ats:Burning Ground+1","ats:Mental Burst","ats:Shell Defense","ats:True Silver Slash","ats:Apocalypse+1"],"relics":["ats:Sanity Plus","NeowsBlessing","Golden Idol","ats:Originium","Toy Ornithopter","Art of War","Regal Pillow","Torii"],"acts_visited":["Exordium","TheCity"],"potions_floor_usage":[],"damage_taken":[{"damage":0.0,"enemies":"Jaw Worm","floor":1.0,"turns":1.0},{"damage":0.0,"enemies":"Small Slimes","floor":2.0,"turns":1.0},{"damage":0.0,"enemies":"3 Sentries","floor":6.0,"turns":1.0},{"damage":26.0,"enemies":"Lagavulin","floor":10.0,"turns":5.0},{"damage":0.0,"enemies":"2 Louse","floor":11.0,"turns":2.0},{"damage":37.0,"enemies":"Hexaghost","floor":16.0,"turns":10.0},{"damage":23.0,"enemies":"Chosen","floor":18.0,"turns":6.0},{"damage":0,"enemies":"2 Thieves","floor":20,"turns":1}],"seed_played":"2803338771034200312","potions_obtained":[{"floor":2.0,"key":"Swift Potion"},{"floor":11.0,"key":"SkillPotion"}],"is_trial":false,"path_per_floor":["M","M","?","$","?","E","R","$","T","E","M","?","R","?","R","B",null,"M","?","M"],"character_chosen":"DOCTOR_CLASS","items_purchased":["ats:Burning Ground"],"campfire_rested":1,"item_purchase_floors":[4],"current_hp_per_floor":[72,72,72,72,54,54,54,54,54,28,28,25,25,25,61,32,72,52,52,52,52],"gold":138,"neow_bonus":"THREE_ENEMY_KILL","is_daily":false,"chose_seed":false,"campfire_upgraded":2,"win_rate":0.0,"timestamp":1613131238,"path_taken":["M","M","?","$","?","E","R","$","T","E","?","?","R","?","R","BOSS","M","?","M"],"items_purchased_type":["Card"],"build_version":"2020-12-22","purchased_purges":1,"victory":false,"max_hp_per_floor":[72,72,72,72,72,72,72,72,72,72,72,72,72,72,72,72,72,72,72,72,72],"card_choices":[{"not_picked":["ats:Flexible Camouflage","ats:Explosion Area Strengthen"],"picked":"ats:Cat Scratch","floor":1.0},{"not_picked":["ats:Encircling Forest","ats:Rapid Magazine"],"picked":"ats:Ignite","floor":2.0},{"not_picked":["ats:Soul Absorption","ats:Healing Strengthening"],"picked":"ats:Mental Burst","floor":6.0},{"not_picked":["ats:Poison Spread","ats:Volcano"],"picked":"ats:Shell Defense","floor":10.0},{"not_picked":["ats:Defend Order","ats:Hammer On","ats:Mental Burst"],"picked":"SKIP","floor":11.0},{"not_picked":["ats:Nebulous Foxfire","ats:Ambush"],"picked":"ats:True Silver Slash","floor":16.0},{"not_picked":["ats:Revitalization","ats:Demon Strength+1"],"picked":"ats:Apocalypse+1","floor":18.0}],"player_experience":465922,"relics_obtained":[{"floor":6.0,"key":"ats:Originium"},{"floor":6.0,"key":"Toy Ornithopter"},{"floor":10.0,"key":"ats:Originium"},{"floor":10.0,"key":"Art of War"}],"event_choices":[{"cards_removed":["ats:Strike V"],"damage_healed":0.0,"max_hp_gain":0.0,"max_hp_loss":0.0,"gold_gain":0.0,"event_name":"The Cleric","player_choice":"Card Removal","floor":3.0,"gold_loss":50.0,"damage_taken":0.0},{"damage_healed":0.0,"max_hp_gain":0.0,"max_hp_loss":0.0,"gold_gain":0.0,"event_name":"Golden Idol","player_choice":"Take Damage","floor":5.0,"gold_loss":0.0,"damage_taken":18.0,"relics_obtained":["Golden Idol"]},{"damage_healed":0.0,"max_hp_gain":0.0,"max_hp_loss":0.0,"gold_gain":0.0,"event_name":"Scrap Ooze","player_choice":"Success","floor":12.0,"gold_loss":0.0,"damage_taken":3.0,"relics_obtained":["Regal Pillow"]},{"damage_healed":0.0,"max_hp_gain":0.0,"max_hp_loss":0.0,"gold_gain":0.0,"event_name":"Liars Game","player_choice":"Ignored","floor":14.0,"gold_loss":0.0,"damage_taken":0.0},{"damage_healed":0,"gold_gain":0,"player_choice":"Paid Gold","damage_taken":0,"relics_obtained":["Torii"],"max_hp_gain":0,"max_hp_loss":0,"event_name":"WeMeetAgain","floor":19,"gold_loss":78}],"is_beta":false,"boss_relics":[{"not_picked":["Fusion Hammer","Runic Pyramid"],"picked":"ats:Sanity Plus"}],"items_purged_floors":[8],"is_endless":false,"potions_floor_spawned":[2,11],"killed_by":"2 Thieves","ascension_level":0}}