{"host":"pj7egx7jkoz18hom","time":1613100147,"event":{"mods":["AchievementEnabler","BaseMod","Keyboard Shortcuts","Minty Spire (QoL Compilation)","SuperFastMode"],"gold_per_floor":[115,132,146,164,179,211,45,45,45,65,81,6,6,23,23,120,120,130,140,140,158,173,208,208,225,225,225,240,257,287,287,287,384,384,404,404,60,60,78,126,1,34,34,48,67,95,110,123,123,123],"floor_reached":51,"language":"KOR","playtime":2636,"items_purged":["Bloodletting","Bash","Bite"],"score":807,"play_id":"7695592e-1f57-4185-9785-61f52c6bb4c4","local_time":"20210212122227","is_ascension_mode":false,"campfire_choices":[{"data":"Body Slam","floor":8,"key":"SMITH"},{"data":"Rage","floor":15,"key":"SMITH"},{"data":"Juggernaut","floor":24,"key":"SMITH"},{"data":"Rage","floor":27,"key":"SMITH"},{"data":"Entrench","floor":32,"key":"SMITH"},{"data":"Iron Wave","floor":49,"key":"SMITH"}],"circlet_count":0,"master_deck":["Defend_R","Defend_R","Defend_R","Defend_R","Cleave","Iron Wave","Ghostly Armor","Second Wind","Body Slam+1","Rage+1","Iron Wave+1","Rage+1","Juggernaut+1","Bite","Bite","Bite","Bite","Power Through+1","Flex+1","Body Slam+1","Entrench+1","Ghostly Armor+1","Good Instincts","Panache","Shrug It Off+1","Body Slam+1"],"relics":["Burning Blood","Orichalcum","Brimstone","Shuriken","Velvet Choker","PreservedInsect","Pantograph","Calipers","MutagenicStrength","Black Star","Self Forming Clay","Incense Burner","Regal Pillow","Gambling Chip","Dream Catcher","Charon\u0027s Ashes","Mummified Hand"],"acts_visited":["Exordium","TheCity","TheBeyond"],"potions_floor_usage":[6,33,33,40,40,50,50,50],"damage_taken":[{"damage":1,"enemies":"Cultist","floor":1,"turns":4},{"damage":6,"enemies":"2 Louse","floor":2,"turns":4},{"damage":7,"enemies":"Small Slimes","floor":3,"turns":3},{"damage":15,"enemies":"Exordium Thugs","floor":4,"turns":4},{"damage":9,"enemies":"2 Fungi Beasts","floor":5,"turns":4},{"damage":39,"enemies":"Lagavulin","floor":6,"turns":7},{"damage":2,"enemies":"Looter","floor":10,"turns":3},{"damage":0,"enemies":"Blue Slaver","floor":11,"turns":2},{"damage":0,"enemies":"2 Fungi Beasts","floor":14,"turns":3},{"damage":25,"enemies":"The Guardian","floor":16,"turns":7},{"damage":0,"enemies":"Chosen","floor":18,"turns":3},{"damage":16,"enemies":"Shell Parasite","floor":19,"turns":4},{"damage":18,"enemies":"Shelled Parasite and Fungi","floor":21,"turns":4},{"damage":9,"enemies":"Cultist and Chosen","floor":22,"turns":4},{"damage":27,"enemies":"Book of Stabbing","floor":23,"turns":4},{"damage":4,"enemies":"Snake Plant","floor":25,"turns":2},{"damage":0,"enemies":"3 Cultists","floor":28,"turns":3},{"damage":23,"enemies":"Chosen and Byrds","floor":29,"turns":5},{"damage":16,"enemies":"Slavers","floor":30,"turns":2},{"damage":58,"enemies":"Champ","floor":33,"turns":8},{"damage":0,"enemies":"3 Shapes","floor":35,"turns":4},{"damage":23,"enemies":"3 Darklings","floor":39,"turns":4},{"damage":21,"enemies":"2 Orb Walkers","floor":40,"turns":4},{"damage":7,"enemies":"Nemesis","floor":42,"turns":5},{"damage":0,"enemies":"Maw","floor":44,"turns":6},{"damage":20,"enemies":"Writhing Mass","floor":45,"turns":4},{"damage":0,"enemies":"Reptomancer","floor":46,"turns":5},{"damage":0,"enemies":"Jaw Worm Horde","floor":47,"turns":3},{"damage":0,"enemies":"Sphere and 2 Shapes","floor":48,"turns":3},{"damage":67,"enemies":"Awakened One","floor":50,"turns":11}],"seed_played":"2541075701129656009","potions_obtained":[{"floor":2,"key":"Energy Potion"},{"floor":4,"key":"CultistPotion"},{"floor":11,"key":"SmokeBomb"},{"floor":18,"key":"Swift Potion"},{"floor":19,"key":"SteroidPotion"},{"floor":29,"key":"Energy Potion"},{"floor":35,"key":"Weak Potion"},{"floor":39,"key":"FearPotion"},{"floor":42,"key":"BlessingOfTheForge"},{"floor":45,"key":"LiquidBronze"}],"is_trial":false,"path_per_floor":["M","M","M","M","M","E","$","R","T","M","M","$","?","M","R","B",null,"M","M","?","M","M","E","R","M","T","R","M","M","E","?","R","B",null,"M","?","$","?","M","?","$","E","T","M","M","E","M","M","R","B",null],"character_chosen":"IRONCLAD","items_purchased":["Body Slam","Brimstone","Self Forming Clay"],"campfire_rested":0,"item_purchase_floors":[7,7,37],"current_hp_per_floor":[80,80,79,70,67,34,34,34,34,38,44,44,44,50,50,31,80,80,70,56,52,55,39,39,49,49,49,56,46,42,42,42,11,56,56,51,51,51,38,31,31,38,38,52,44,56,56,56,56,14],"gold":123,"neow_bonus":"","is_daily":false,"chose_seed":false,"campfire_upgraded":6,"win_rate":0.0,"timestamp":1613100147,"path_taken":["M","M","M","M","M","E","$","R","T","M","?","$","?","M","R","BOSS","M","M","?","M","M","E","R","M","T","R","M","M","E","?","R","BOSS","M","?","$","?","M","?","?","E","T","M","M","E","M","M","R","BOSS"],"items_purchased_type":["Card","Relic","Relic"],"build_version":"2020-12-22","purchased_purges":3,"victory":true,"max_hp_per_floor":[80,80,80,80,80,80,80,80,80,80,80,80,80,80,80,80,80,80,80,56,56,56,56,56,56,56,56,56,56,56,56,56,56,56,56,56,56,56,56,56,56,56,56,56,56,56,56,56,56,56],"card_choices":[{"not_picked":["Clash","True Grit"],"picked":"Cleave","floor":1},{"not_picked":["Pommel Strike","Body Slam"],"picked":"Anger","floor":2},{"not_picked":["Pommel Strike","Body Slam"],"picked":"Bloodletting","floor":3},{"not_picked":["Sword Boomerang","Flex"],"picked":"Iron Wave","floor":4},{"not_picked":["Sever Soul","Sword Boomerang"],"picked":"Ghostly Armor","floor":5},{"not_picked":["Sword Boomerang","Combust"],"picked":"Second Wind","floor":6},{"not_picked":["Sword Boomerang","Iron Wave"],"picked":"Rage","floor":10},{"not_picked":["Berserk","Clash","Twin Strike"],"picked":"SKIP","floor":11},{"not_picked":["Infernal Blade","Iron Wave"],"picked":"Rage","floor":14},{"not_picked":["Demon Form","Fiend Fire"],"picked":"Juggernaut","floor":16},{"not_picked":["Flame Barrier","True Grit","Sword Boomerang"],"picked":"SKIP","floor":18},{"not_picked":["Iron Wave","Seeing Red","Clash+1"],"picked":"SKIP","floor":19},{"not_picked":["Clash","Shrug It Off"],"picked":"Power Through+1","floor":21},{"not_picked":["Sword Boomerang","Thunderclap"],"picked":"Flex+1","floor":22},{"not_picked":["Rampage","True Grit","Headbutt"],"picked":"SKIP","floor":23},{"not_picked":["Sword Boomerang+1","Searing Blow+1","Thunderclap"],"picked":"SKIP","floor":25},{"not_picked":["Disarm","Armaments"],"picked":"Body Slam+1","floor":28},{"not_picked":["Bludgeon","Cleave+1"],"picked":"Entrench","floor":29},{"not_picked":["Sever Soul+1","Corruption","Uppercut+1"],"picked":"SKIP","floor":30},{"not_picked":["Rage+1","Inflame"],"picked":"Ghostly Armor+1","floor":35},{"not_picked":["Thinking Ahead","HandOfGreed"],"picked":"Good Instincts","floor":36},{"not_picked":["Mind Blast","Forethought"],"picked":"Panache","floor":36},{"not_picked":["Clash+1","Infernal Blade","Sword Boomerang+1"],"picked":"SKIP","floor":39},{"not_picked":["Combust+1","Twin Strike"],"picked":"Shrug It Off+1","floor":40},{"not_picked":["Burning Pact+1","Clash","Reckless Charge"],"picked":"SKIP","floor":42},{"not_picked":["Blood for Blood","Pommel Strike"],"picked":"Body Slam+1","floor":44},{"not_picked":["Clothesline+1","Searing Blow+1","Carnage"],"picked":"SKIP","floor":45},{"not_picked":["Bludgeon","Pummel","True Grit+1"],"picked":"SKIP","floor":46},{"not_picked":["Seeing Red","Anger+1","Second Wind+1"],"picked":"SKIP","floor":47},{"not_picked":["Headbutt","Cleave+1","Disarm"],"picked":"SKIP","floor":48}],"player_experience":0,"relics_obtained":[{"floor":6,"key":"Orichalcum"},{"floor":9,"key":"Shuriken"},{"floor":23,"key":"PreservedInsect"},{"floor":26,"key":"Pantograph"},{"floor":30,"key":"Calipers"},{"floor":40,"key":"Incense Burner"},{"floor":42,"key":"Regal Pillow"},{"floor":42,"key":"Gambling Chip"},{"floor":43,"key":"Dream Catcher"},{"floor":46,"key":"Charon\u0027s Ashes"},{"floor":46,"key":"Mummified Hand"}],"event_choices":[{"cards_removed":["Strike_R"],"damage_healed":0,"gold_gain":0,"player_choice":"Took Card","damage_taken":0,"max_hp_gain":0,"max_hp_loss":0,"event_name":"NoteForYourself","floor":13,"gold_loss":0,"cards_obtained":["Iron Wave"]},{"damage_healed":0,"gold_gain":0,"player_choice":"Became a vampire","damage_taken":0,"max_hp_gain":0,"max_hp_loss":24,"event_name":"Vampires","floor":20,"gold_loss":0,"cards_obtained":["Bite","Bite","Bite","Bite","Bite"]},{"damage_healed":0,"gold_gain":0,"player_choice":"Inject Mutagens","damage_taken":0,"relics_obtained":["MutagenicStrength"],"max_hp_gain":0,"max_hp_loss":0,"event_name":"Drug Dealer","floor":31,"gold_loss":0},{"damage_healed":0,"gold_gain":0,"player_choice":"Memory 2","damage_taken":5,"max_hp_gain":0,"max_hp_loss":0,"event_name":"SensoryStone","floor":36,"gold_loss":0},{"cards_removed":["Anger"],"damage_healed":0,"gold_gain":0,"player_choice":"Removed Attack","damage_taken":0,"max_hp_gain":0,"max_hp_loss":0,"event_name":"Falling","floor":38,"gold_loss":0},{"damage_healed":0,"gold_gain":0,"player_choice":"Fight","damage_taken":0,"max_hp_gain":0,"max_hp_loss":0,"event_name":"Mysterious Sphere","floor":40,"gold_loss":0}],"is_beta":false,"boss_relics":[{"not_picked":["Runic Pyramid","Coffee Dripper"],"picked":"Velvet Choker"},{"not_picked":["Runic Dome","Busted Crown"],"picked":"Black Star"}],"items_purged_floors":[12,37,41],"is_endless":false,"potions_floor_spawned":[2,4,11,18,19,29,35,39,42,45,48],"ascension_level":0}}