{"host":"0kk91h4bq4kgfj0u","time":1613091688,"event":{"mods":["BaseMod","Bestiary","Block Reminder","Colored Map","Colored Powertips","Curses Come First","Downfall","Highlight Path","Minty Spire (QoL Compilation)","Relic Stats","StSLib"],"gold_per_floor":[99,99,114,133,39,59,112,145,145,165,181,181,196,208,222,321,321,321,335,349,362,19,19,19,38,72,72,22,41,58,76,93,93,93,93],"floor_reached":33,"language":"ENG","playtime":1582,"items_purged":[],"score":277,"play_id":"6f8ac4a3-6b1f-4c64-b7b7-49c968e3fb0c","local_time":"20210211200128","is_ascension_mode":false,"campfire_choices":[{"data":"bronze:Goto","floor":1,"key":"SMITH"},{"data":"bronze:BuggyMess","floor":9,"key":"SMITH"},{"floor":12,"key":"REST"},{"data":"bronze:Optimize","floor":18,"key":"SMITH"},{"floor":23,"key":"REST"},{"floor":27,"key":"REST"}],"circlet_count":0,"master_deck":["bronze:Strike","bronze:Strike","bronze:Strike","bronze:Strike","bronze:Defend","bronze:Defend","bronze:Defend","bronze:Defend","bronze:Replicate","bronze:Goto+1","bronze:DelayedSlice","bronze:CutThrough","bronze:Frontload","bronze:Optimize+1","bronze:HyperBeam","bronze:BuggyMess+1","bronze:Flail","bronze:Separator","bronze:BronzeOrb","bronze:FineTuning","bronze:Iterate","bronze:ThunderWave","CurseOfTheBell","bronze:BuggyMess+1","bronze:Terminator","bronze:BitShift+1","bronze:BugBarrage","expansioncontent:QuickStudy","bronze:SpaghettiCode","bronze:Allocate+1","bronze:Turbo"],"relics":["bronze:BronzeCore","Oddly Smooth Stone","StrikeDummy","Calling Bell","Boot","Matryoshka","Dead Branch","Anchor","Ornamental Fan","White Beast Statue","Smiling Mask"],"acts_visited":["Exordium","TheCity"],"potions_floor_usage":[16,26,30,33],"damage_taken":[{"damage":0,"enemies":"2 Louse","floor":3,"turns":4},{"damage":0,"enemies":"Cultist","floor":4,"turns":2},{"damage":5,"enemies":"downfall:FleeingMerchant","floor":5,"turns":4},{"damage":0,"enemies":"Jaw Worm","floor":6,"turns":2},{"damage":25,"enemies":"Gremlin Nob","floor":8,"turns":5},{"damage":0,"enemies":"3 Louse","floor":10,"turns":3},{"damage":0,"enemies":"Large Slime","floor":11,"turns":2},{"damage":11,"enemies":"Gremlin Gang","floor":13,"turns":2},{"damage":0,"enemies":"Exordium Wildlife","floor":14,"turns":1},{"damage":7,"enemies":"3 Louse","floor":15,"turns":2},{"damage":36,"enemies":"IC_STATUS_ARCHETYPE","floor":16,"turns":10},{"damage":0,"enemies":"3 Byrds","floor":19,"turns":2},{"damage":0,"enemies":"Spheric Guardian","floor":20,"turns":3},{"damage":30,"enemies":"Snake Plant","floor":21,"turns":5},{"damage":1,"enemies":"downfall:FleeingMerchant","floor":22,"turns":4},{"damage":0,"enemies":"3 Cultists","floor":25,"turns":4},{"damage":17,"enemies":"Gremlin Leader","floor":26,"turns":4},{"damage":4,"enemies":"Centurion and Healer","floor":29,"turns":3},{"damage":0,"enemies":"Shelled Parasite and Fungi","floor":30,"turns":2},{"damage":16,"enemies":"Chosen and Byrds","floor":31,"turns":6},{"damage":38,"enemies":"Snake Plant","floor":32,"turns":5},{"damage":14,"enemies":"SI_MIRROR_ARCHETYPE","floor":33,"turns":3}],"seed_played":"-5656564130079761076","potions_obtained":[{"floor":0,"key":"FearPotion"},{"floor":0,"key":"bronze:BuildAFunctionPotion"},{"floor":0,"key":"LiquidMemories"},{"floor":4,"key":"bronze:CleanCodePotion"},{"floor":14,"key":"Guardian:BlockOnCardUsePotion"},{"floor":16,"key":"ColorlessPotion"},{"floor":26,"key":"DistilledChaos"},{"floor":30,"key":"Ancient Potion"}],"is_trial":false,"path_per_floor":["R","?","M","M","$","M","T","E","R","M","M","R","M","M","M","B",null,"R","M","M","M","$","R","T","M","E","R","?","M","M","M","M","B"],"character_chosen":"THE_AUTOMATON","items_purchased":["bronze:Optimize","expansioncontent:QuickStudy","Anchor"],"campfire_rested":3,"item_purchase_floors":[5,22,22],"current_hp_per_floor":[70,70,70,70,65,65,65,40,40,40,40,61,50,50,43,7,70,70,70,70,40,39,60,60,60,43,64,70,66,66,50,12,0,0,0],"gold":93,"neow_bonus":"THREE_SMALL_POTIONS","is_daily":false,"chose_seed":false,"campfire_upgraded":3,"win_rate":0.0,"timestamp":1613091688,"path_taken":["R","?","M","?","?","M","T","E","R","M","M","R","M","?","M","BOSS","R","M","M","M","$","R","T","M","E","R","?","M","M","M","M","BOSS"],"items_purchased_type":["Card","Card","Relic"],"build_version":"2020-12-22","purchased_purges":0,"victory":false,"max_hp_per_floor":[70,70,70,70,70,70,70,70,70,70,70,70,70,70,70,70,70,70,70,70,70,70,70,70,70,70,70,70,70,70,70,70,70,70,70],"relic_stats":{"counters":[22,78],"Ornamental Fan":[60],"Dead Branch":[40],"Boot":[192],"Smiling Mask":0,"obtain_stats":[{"Calling Bell":17,"Anchor":22,"bronze:BronzeCore":0,"Matryoshka":17,"Ornamental Fan":24,"Dead Branch":17,"Oddly Smooth Stone":7,"StrikeDummy":8,"Boot":17,"Smiling Mask":26,"White Beast Statue":24},{"Calling Bell":11,"Anchor":15,"bronze:BronzeCore":0,"Matryoshka":11,"Ornamental Fan":15,"Dead Branch":11,"Oddly Smooth Stone":4,"StrikeDummy":5,"Boot":11,"Smiling Mask":17,"White Beast Statue":15},{"Calling Bell":37,"Anchor":51,"bronze:BronzeCore":0,"Matryoshka":37,"Ornamental Fan":51,"Dead Branch":37,"Oddly Smooth Stone":12,"StrikeDummy":17,"Boot":37,"Smiling Mask":59,"White Beast Statue":51}]},"card_choices":[{"not_picked":["bronze:Repair","bronze:FollowUp"],"picked":"bronze:DelayedSlice","floor":3},{"not_picked":["bronze:FineTuning","bronze:Branch"],"picked":"bronze:CutThrough","floor":4},{"not_picked":["bronze:WildBeam","bronze:FineTuning"],"picked":"bronze:Frontload","floor":5},{"not_picked":["bronze:BugBarrage","bronze:Separator"],"picked":"bronze:HyperBeam","floor":6},{"not_picked":["bronze:NullPointer","bronze:Backtrace"],"picked":"bronze:BuggyMess","floor":8},{"not_picked":["bronze:DarkDash","bronze:FineTuning"],"picked":"bronze:Flail","floor":10},{"not_picked":["bronze:Overheat","bronze:BitShift"],"picked":"bronze:Separator","floor":11},{"not_picked":["bronze:DelayedSlice","bronze:Shield"],"picked":"bronze:BronzeOrb","floor":13},{"not_picked":["bronze:DelayedSlice","bronze:BuggyMess"],"picked":"bronze:FineTuning","floor":14},{"not_picked":["bronze:DarkDash","bronze:Backtrace"],"picked":"bronze:Iterate","floor":15},{"not_picked":["bronze:Assembly","bronze:RecursiveStrike"],"picked":"bronze:ThunderWave","floor":16},{"not_picked":["bronze:Shield","bronze:Turbo"],"picked":"bronze:BuggyMess+1","floor":19},{"not_picked":["bronze:ClassDefault+1","bronze:Turbo"],"picked":"bronze:Terminator","floor":20},{"not_picked":["bronze:Frontload","bronze:Invalidate"],"picked":"bronze:BitShift+1","floor":21},{"not_picked":["bronze:CleanCode","bronze:Fortify"],"picked":"bronze:BugBarrage","floor":22},{"not_picked":["bronze:CutThrough+1","bronze:Iterate","bronze:Repulsor+1"],"picked":"SKIP","floor":25},{"not_picked":["bronze:BitShift","bronze:ClassDefault","bronze:Frontload"],"picked":"SKIP","floor":26},{"not_picked":["bronze:NullPointer","bronze:Iterate+1","bronze:BuggyMess"],"picked":"SKIP","floor":29},{"not_picked":["bronze:Deprecate","bronze:Frontload"],"picked":"bronze:SpaghettiCode","floor":30},{"not_picked":["bronze:MaxOutput","bronze:Branch"],"picked":"bronze:Allocate+1","floor":31},{"not_picked":["bronze:Branch","bronze:DigitalCarnage"],"picked":"bronze:Turbo","floor":32}],"player_experience":923458,"relics_obtained":[{"floor":7,"key":"Oddly Smooth Stone"},{"floor":8,"key":"StrikeDummy"},{"floor":17,"key":"Boot"},{"floor":17,"key":"Matryoshka"},{"floor":17,"key":"Dead Branch"},{"floor":24,"key":"Ornamental Fan"},{"floor":24,"key":"White Beast Statue"},{"floor":26,"key":"Smiling Mask"}],"event_choices":[{"damage_healed":0,"gold_gain":0,"player_choice":"Ignored","damage_taken":0,"max_hp_gain":0,"max_hp_loss":0,"event_name":"NoteForYourself","floor":2,"gold_loss":0}],"is_beta":false,"boss_relics":[{"not_picked":["Philosopher\u0027s Stone","Coffee Dripper"],"picked":"Calling Bell"}],"items_purged_floors":[],"is_endless":false,"potions_floor_spawned":[4,13,14,15,16,20,25,26,29,30,31,32],"killed_by":"SI_MIRROR_ARCHETYPE","ascension_level":0}}