{"host":"mydft8i2zzydgggw","time":1613092888,"event":{"mods":["AchievementEnabler","BaseMod","Colored Map","Colored Powertips","DeckTracker","Keyboard Shortcuts","Minty Spire (QoL Compilation)","Rare Cards Sparkle","StSLib","SuperFastMode","everything is the same but u backflip on backflip"],"gold_per_floor":[109,8,21,21,21,21,49,49,49,5,29,29,104,29,29,108,108,120,120,120,120,35,35,35,35,35,50,76,76,88,98,98,175,175,190,205,40,52,0,0,31,31,82,96,115,129,164,164,164,164],"floor_reached":51,"language":"KOR","playtime":1404,"items_purged":["Rainbow"],"score":1324,"play_id":"0dfd4cd9-7ab2-4323-9d28-21e59e0ba61a","local_time":"20210212102128","is_ascension_mode":true,"campfire_choices":[{"data":"Self Repair","floor":6.0,"key":"SMITH"},{"data":"Biased Cognition","floor":8.0,"key":"SMITH"},{"data":"Defragment","floor":15.0,"key":"SMITH"},{"floor":23.0,"key":"REST"},{"data":"Glacier","floor":25.0,"key":"SMITH"},{"data":"Ghostly","floor":29.0,"key":"SMITH"},{"data":"Ghostly","floor":32.0,"key":"SMITH"},{"data":"Glacier","floor":40.0,"key":"SMITH"},{"floor":49,"key":"REST"}],"circlet_count":0,"master_deck":["AscendersBane","Zap+1","Dualcast+1","Self Repair+1","Compile Driver+1","Biased Cognition+1","Defragment+1","Streamline+1","Core Surge+1","Ghostly+1","Ghostly+1","Ghostly+1","Leap+1","Glacier+1","Reinforced Body+1","Beam Cell+1","Seek+1","Storm+1","Biased Cognition+1","Undo+1","Cold Snap+1","Glacier+1","Loop+1","Echo Form+1","Heatsinks+1","Turbo+1"],"relics":["Cracked Core","NeowsBlessing","Calipers","Juzu Bracelet","Eternal Feather","Odd Mushroom","Pen Nib","Pantograph","Nuclear Battery","Dream Catcher","Shuriken","Gremlin Horn","Pandora\u0027s Box","Red Mask","Art of War","Letter Opener","Mark of the Bloom"],"acts_visited":["Exordium","TheCity","TheBeyond"],"potions_floor_usage":[50,50],"damage_taken":[{"damage":0.0,"enemies":"Jaw Worm","floor":1.0,"turns":1.0},{"damage":0.0,"enemies":"Cultist","floor":3.0,"turns":1.0},{"damage":0.0,"enemies":"Gremlin Nob","floor":7.0,"turns":1.0},{"damage":29.0,"enemies":"The Mushroom Lair","floor":11.0,"turns":4.0},{"damage":64.0,"enemies":"Hexaghost","floor":16.0,"turns":9.0},{"damage":23.0,"enemies":"Spheric Guardian","floor":18.0,"turns":4.0},{"damage":34.0,"enemies":"2 Thieves","floor":27.0,"turns":5.0},{"damage":4.0,"enemies":"Book of Stabbing","floor":28.0,"turns":8.0},{"damage":0.0,"enemies":"Snecko","floor":30.0,"turns":7.0},{"damage":3.0,"enemies":"Sentry and Sphere","floor":31.0,"turns":7.0},{"damage":25.0,"enemies":"Automaton","floor":33.0,"turns":20.0},{"damage":0.0,"enemies":"3 Shapes","floor":35.0,"turns":7.0},{"damage":9.0,"enemies":"3 Darklings","floor":36.0,"turns":8.0},{"damage":0.0,"enemies":"Maw","floor":38.0,"turns":10.0},{"damage":37.0,"enemies":"Reptomancer","floor":41.0,"turns":9.0},{"damage":0.0,"enemies":"Jaw Worm Horde","floor":44.0,"turns":10.0},{"damage":11.0,"enemies":"Writhing Mass","floor":45.0,"turns":7.0},{"damage":2.0,"enemies":"3 Darklings","floor":46.0,"turns":8.0},{"damage":1.0,"enemies":"Nemesis","floor":47.0,"turns":13.0},{"damage":18,"enemies":"Awakened One","floor":50,"turns":20}],"seed_played":"-2861996737458008666","potions_obtained":[{"floor":3.0,"key":"Explosive Potion"},{"floor":28.0,"key":"DistilledChaos"},{"floor":31.0,"key":"FocusPotion"},{"floor":35.0,"key":"Energy Potion"},{"floor":38.0,"key":"Explosive Potion"},{"floor":42.0,"key":"FocusPotion"},{"floor":42.0,"key":"Dexterity Potion"},{"floor":44.0,"key":"LiquidMemories"}],"is_trial":false,"path_per_floor":["M","?","M","?","$","R","E","R","T","$","?","?","T","?","R","B",null,"M","?","?","?","?","R","?","R","T","M","E","R","M","M","R","B",null,"M","M","$","M","?","R","E","?","T","M","M","M","E","?","R","B",null],"character_chosen":"DEFECT","items_purchased":["Defragment","Loop"],"campfire_rested":2,"item_purchase_floors":[10,37],"current_hp_per_floor":[64,64,64,69,69,69,76,76,76,76,57,57,57,57,66,22,63,50,50,38,38,38,38,38,38,38,14,10,22,32,38,38,23,34,38,38,38,38,38,38,11,11,11,31,30,38,38,38,38,20],"gold":164,"neow_bonus":"THREE_ENEMY_KILL","is_daily":false,"chose_seed":false,"campfire_upgraded":7,"win_rate":0.0,"timestamp":1613092888,"path_taken":["M","?","?","?","$","R","E","R","T","?","?","?","?","?","R","BOSS","M","?","?","?","?","R","?","R","T","M","E","R","M","M","R","BOSS","M","M","$","M","?","R","E","?","T","M","M","M","E","?","R","BOSS"],"items_purchased_type":["Card","Card"],"build_version":"2020-12-22","purchased_purges":1,"victory":true,"max_hp_per_floor":[71,71,71,76,76,76,76,76,76,76,76,76,76,76,76,76,76,76,76,38,38,38,38,38,38,38,38,38,38,38,38,38,38,38,38,38,38,38,38,38,38,38,38,38,38,38,38,38,38,38],"card_choices":[{"not_picked":["Steam","Conserve Battery"],"picked":"Self Repair","floor":1.0},{"not_picked":["Hologram","Steam"],"picked":"Compile Driver","floor":3.0},{"not_picked":["All For One","Stack"],"picked":"Biased Cognition","floor":7.0},{"not_picked":["Barrage","Compile Driver"],"picked":"Streamline","floor":11.0},{"not_picked":["Multi-Cast","Machine Learning"],"picked":"Core Surge","floor":16.0},{"not_picked":["Stack","Force Field","Darkness"],"picked":"SKIP","floor":18.0},{"not_picked":["Steam","Conserve Battery"],"picked":"Leap+1","floor":23.0},{"not_picked":["Streamline+1","Consume","Steam"],"picked":"SKIP","floor":27.0},{"not_picked":["Redo","Streamline"],"picked":"Reinforced Body","floor":28.0},{"not_picked":["Streamline","Cold Snap","Steam+1"],"picked":"SKIP","floor":30.0},{"not_picked":["Compile Driver","Reprogram"],"picked":"Beam Cell","floor":31.0},{"not_picked":["Hyperbeam","Amplify"],"picked":"Seek","floor":33.0},{"not_picked":["Turbo+1","Leap"],"picked":"Glacier","floor":35.0},{"not_picked":["Compile Driver","Gash+1","Auto Shields"],"picked":"SKIP","floor":36.0},{"not_picked":["Gash","Leap","Compile Driver"],"picked":"SKIP","floor":38.0},{"not_picked":["Go for the Eyes","Ball Lightning"],"picked":"Echo Form","floor":41.0},{"not_picked":["Gash","Defragment"],"picked":"Heatsinks","floor":44.0},{"not_picked":["Hologram+1","Rebound","Redo"],"picked":"SKIP","floor":45.0},{"not_picked":["Sweeping Beam","Conserve Battery+1"],"picked":"Turbo","floor":46.0},{"not_picked":["Conserve Battery","Defragment","Consume"],"picked":"SKIP","floor":47.0}],"player_experience":265989,"relics_obtained":[{"floor":7.0,"key":"Juzu Bracelet"},{"floor":9.0,"key":"Eternal Feather"},{"floor":11.0,"key":"Odd Mushroom"},{"floor":13.0,"key":"Pantograph"},{"floor":26.0,"key":"Shuriken"},{"floor":28.0,"key":"Gremlin Horn"},{"floor":41.0,"key":"Art of War"},{"floor":47.0,"key":"Letter Opener"}],"event_choices":[{"damage_healed":0.0,"max_hp_gain":0.0,"max_hp_loss":0.0,"gold_gain":0.0,"event_name":"WeMeetAgain","player_choice":"Paid Gold","floor":2.0,"gold_loss":101.0,"damage_taken":0.0,"relics_obtained":["Calipers"]},{"damage_healed":0.0,"max_hp_gain":5.0,"max_hp_loss":0.0,"gold_gain":0.0,"event_name":"Big Fish","player_choice":"Donut","floor":4.0,"gold_loss":0.0,"damage_taken":0.0},{"damage_healed":0.0,"max_hp_gain":0.0,"max_hp_loss":0.0,"gold_gain":0.0,"event_name":"Mushrooms","player_choice":"Fought Mushrooms","floor":11.0,"gold_loss":0.0,"damage_taken":0.0},{"damage_healed":0.0,"max_hp_gain":0.0,"max_hp_loss":0.0,"gold_gain":0.0,"event_name":"Dead Adventurer","player_choice":"Searched \u00272\u0027 times","floor":12.0,"gold_loss":0.0,"damage_taken":0.0,"relics_obtained":["Pen Nib"]},{"cards_removed":["Strike_B"],"damage_healed":0.0,"max_hp_gain":0.0,"max_hp_loss":0.0,"gold_gain":0.0,"event_name":"The Cleric","player_choice":"Card Removal","floor":14.0,"gold_loss":75.0,"damage_taken":0.0},{"cards_removed":["Strike_B"],"damage_healed":0.0,"max_hp_gain":0.0,"max_hp_loss":0.0,"gold_gain":0.0,"event_name":"Back to Basics","player_choice":"Elegance","floor":19.0,"gold_loss":0.0,"damage_taken":0.0},{"damage_healed":0.0,"max_hp_gain":0.0,"max_hp_loss":38.0,"gold_gain":0.0,"event_name":"Ghosts","player_choice":"Became a Ghost","floor":20.0,"gold_loss":0.0,"damage_taken":0.0,"cards_obtained":["Ghostly","Ghostly","Ghostly"]},{"cards_removed":["Strike_B"],"damage_healed":0.0,"max_hp_gain":0.0,"max_hp_loss":0.0,"gold_gain":0.0,"event_name":"Bonfire Elementals","player_choice":"Offered Basic","floor":21.0,"gold_loss":0.0,"damage_taken":0.0},{"damage_healed":0.0,"max_hp_gain":0.0,"max_hp_loss":0.0,"gold_gain":0.0,"event_name":"Addict","player_choice":"Obtained Relic","floor":22.0,"gold_loss":85.0,"damage_taken":0.0,"relics_obtained":["Dream Catcher"]},{"damage_healed":0.0,"max_hp_gain":0.0,"max_hp_loss":0.0,"gold_gain":0.0,"event_name":"The Library","player_choice":"Read","floor":24.0,"gold_loss":0.0,"damage_taken":0.0,"cards_obtained":["Glacier"]},{"damage_healed":0.0,"max_hp_gain":0.0,"max_hp_loss":0.0,"gold_gain":0.0,"event_name":"Tomb of Lord Red Mask","player_choice":"Paid","floor":39.0,"gold_loss":52.0,"damage_taken":0.0,"relics_obtained":["Red Mask"]},{"damage_healed":0.0,"max_hp_gain":0.0,"max_hp_loss":0.0,"gold_gain":0.0,"event_name":"Lab","player_choice":"Got Potions","floor":42.0,"gold_loss":0.0,"damage_taken":0.0},{"damage_healed":0.0,"max_hp_gain":0.0,"max_hp_loss":0.0,"gold_gain":0.0,"event_name":"MindBloom","player_choice":"Upgrade","floor":48.0,"gold_loss":0.0,"damage_taken":0.0,"cards_upgraded":["Zap","Dualcast","Compile Driver","Streamline","Core Surge","Ghostly","Reinforced Body","Beam Cell","Seek","Storm","Biased Cognition","Undo","Cold Snap","Loop","Echo Form","Heatsinks","Turbo"],"relics_obtained":["Mark of the Bloom"]}],"is_beta":false,"boss_relics":[{"not_picked":["Cursed Key","Busted Crown"],"picked":"Nuclear Battery"},{"not_picked":["Snecko Eye","Empty Cage"],"picked":"Pandora\u0027s Box"}],"items_purged_floors":[37],"is_endless":false,"potions_floor_spawned":[3,28,31,35,38,44,45,47],"ascension_level":16}}