{"host":"m9osufisr3agwk96","time":1613149120,"event":{"mods":["AchievementEnabler","Aspiration","BaseMod","Colored Map","Colored Powertips","Downfall","Friendly Minions","Hermit","Highlight Path","Hubris","Minty Spire (QoL Compilation)","Rare Cards Sparkle","Reliquary","Replay The Spire","Shop Mod","StSLib"],"gold_per_floor":[109,120,184,198,259,259,275,275,275,295,295,311,311,321,321,422,422,442,152,120,120,120,120],"floor_reached":22,"language":"ENG","playtime":739,"items_purged":[],"score":203,"play_id":"24fb6988-f62d-4561-978c-8cd3d95e7803","local_time":"20210212085840","is_ascension_mode":false,"campfire_choices":[{"floor":6,"key":"REST"},{"floor":11,"key":"REST"},{"data":"Eruption","floor":15,"key":"SMITH"}],"circlet_count":0,"master_deck":["Defend_P","Defend_P","Defend_P","Defend_P","Eruption+1","Vigilance","Brilliance","Crescendo","Evaluate","WaveOfTheHand","Replay:Battleflow","Replay:Vibes","FlurryOfBlows","Worship","WindmillStrike","MasterReality","Prostrate","Adaptation+1","Bite","Bite","Bite","Bite","Bite"],"relics":["PureWater","Mercury Hourglass","reliquary:TridentHead","hubris:Towel","Ice Cream"],"acts_visited":["Exordium","TheCity"],"potions_floor_usage":[10,16,18,18,22],"damage_taken":[{"damage":1,"enemies":"Jaw Worm","floor":1,"turns":4},{"damage":0,"enemies":"Small Slimes","floor":2,"turns":2},{"damage":0,"enemies":"2 Louse","floor":4,"turns":2},{"damage":2,"enemies":"Looter","floor":7,"turns":3},{"damage":1,"enemies":"2 Fungi Beasts","floor":10,"turns":3},{"damage":4,"enemies":"Blue Slaver","floor":12,"turns":3},{"damage":0,"enemies":"Lots of Slimes","floor":14,"turns":3},{"damage":16,"enemies":"The Guardian","floor":16,"turns":8},{"damage":26,"enemies":"Shell Parasite","floor":18,"turns":4},{"damage":31,"enemies":"2 Thieves","floor":20,"turns":5},{"damage":27,"enemies":"Snecko","floor":22,"turns":3}],"seed_played":"675563593319647478","potions_obtained":[{"floor":5,"key":"CultistPotion"},{"floor":7,"key":"GamblersBrew"},{"floor":10,"key":"Fruit Juice"},{"floor":16,"key":"Swift Potion"},{"floor":20,"key":"EssenceOfSteel"}],"is_trial":false,"path_per_floor":["M","M","?","M","?","R","M","?","T","M","R","M","?","M","R","B",null,"M","$","M","?","M"],"character_chosen":"WATCHER","items_purchased":["Ice Cream"],"campfire_rested":2,"item_purchase_floors":[19],"current_hp_per_floor":[71,71,71,71,43,64,62,48,48,52,75,71,71,71,71,55,77,51,51,20,20,0,0],"gold":120,"neow_bonus":"ONE_RANDOM_RARE_CARD","is_daily":false,"chose_seed":false,"campfire_upgraded":1,"win_rate":0.0,"timestamp":1613149120,"path_taken":["M","M","?","M","?","R","M","?","T","M","R","M","?","M","R","BOSS","M","$","M","?","M"],"items_purchased_type":["Relic"],"build_version":"2020-12-22","purchased_purges":0,"victory":false,"max_hp_per_floor":[72,72,72,72,72,72,72,72,72,77,77,77,77,77,77,77,77,77,77,77,53,53,53],"card_choices":[{"not_picked":["Halt","EmptyBody"],"picked":"Crescendo","floor":1},{"not_picked":["EmptyBody","Crescendo"],"picked":"Evaluate","floor":2},{"not_picked":["Protect","Study"],"picked":"WaveOfTheHand","floor":4},{"not_picked":["JustLucky","Replay:Cycle"],"picked":"Replay:Battleflow","floor":5},{"not_picked":["Evaluate","Replay:Hum"],"picked":"Replay:Vibes","floor":7},{"not_picked":["Evaluate","MentalFortress"],"picked":"FlurryOfBlows","floor":10},{"not_picked":["CrushJoints","Replay:AllIn"],"picked":"Worship","floor":12},{"not_picked":["Replay:AtTheReady","EmptyBody"],"picked":"WindmillStrike","floor":14},{"not_picked":["Judgement","ConjureBlade"],"picked":"MasterReality","floor":16},{"not_picked":["Fasting2","SashWhip"],"picked":"Prostrate","floor":18},{"not_picked":["EmptyBody+1","CutThroughFate"],"picked":"Adaptation+1","floor":20}],"player_experience":464755,"relics_obtained":[{"floor":5,"key":"Mercury Hourglass"},{"floor":9,"key":"reliquary:TridentHead"}],"event_choices":[{"damage_healed":0,"gold_gain":64,"player_choice":"Gained Gold","damage_taken":0,"max_hp_gain":0,"max_hp_loss":0,"event_name":"Golden Wing","floor":3,"gold_loss":0},{"damage_healed":0,"gold_gain":0,"player_choice":"Entered Light","damage_taken":14,"max_hp_gain":0,"max_hp_loss":0,"event_name":"Shining Light","floor":8,"gold_loss":0,"cards_upgraded":["Strike_P","Strike_P"]},{"damage_healed":0,"gold_gain":0,"player_choice":"Became a vampire","damage_taken":0,"max_hp_gain":0,"max_hp_loss":24,"event_name":"Vampires","floor":21,"gold_loss":0,"cards_obtained":["Bite","Bite","Bite","Bite","Bite"]}],"is_beta":false,"boss_relics":[{"not_picked":["ReplayTheSpireMod:DimensionalGlitch","Replay:Wanted Poster","aspiration:RitualDagger"]}],"items_purged_floors":[],"is_endless":false,"potions_floor_spawned":[7,10,16,20],"killed_by":"Snecko","ascension_level":0}}