{"host":"kdt6w7ix8lwe69i9","time":1613146448,"event":{"mods":["100% Spire Juice","BaseMod","ChefMod","Evolution","Koishi","Minty Spire (QoL Compilation)","Poor People Problems","Reimu（博丽灵梦）","Robot Space Explorer","Shade Mod","StSLib","The Druid","The Gatherer","The Poker Player","The Servant 0.9.4","TheSurvivalist"],"gold_per_floor":[119,145,145,170,30,30,30,369,369,392,121,142,142,164,164,269,269,291,300,322,322,322,322,348,33,33,55,76,120,120,120,120,229,256,281,281,37,37,56,93,93,136,136,195,222,222,245,245,245,245],"floor_reached":51,"language":"ENG","playtime":41321,"items_purged":[],"score":798,"play_id":"f5aa00f2-e140-44ac-a4b8-744af23d8500","local_time":"20210212111408","is_ascension_mode":false,"campfire_choices":[{"data":"Koishi:GrowingPain","floor":6,"key":"SMITH"},{"floor":13,"key":"RECALL"},{"data":"Koishi:SubterraneanRose","floor":15,"key":"SMITH"},{"data":"Koishi:GhostParty","floor":23,"key":"SMITH"},{"data":"Koishi:SilentAndRestless","floor":30,"key":"SMITH"},{"data":"Koishi:MassHysteria","floor":32,"key":"SMITH"},{"floor":41,"key":"REST"},{"data":"Koishi:GrowingPain","floor":46,"key":"SMITH"},{"data":"Koishi:ReleaseOfTheId","floor":49,"key":"SMITH"}],"circlet_count":0,"master_deck":["Koishi:RacingHeart","Koishi:RacingHeart","Koishi:UnconsciousUprising","Koishi:UnconsciousUprising","Koishi:UnconsciousUprising","Koishi:Provoke","Koishi:HauntingSlash","Koishi:Jaunt","Koishi:GhostParty+1","Koishi:GrowingPain+1","Koishi:ParalyzingFear+1","Koishi:MassHysteria+1","Koishi:UnconsciousUprising","Koishi:SubterraneanRose+1","Koishi:TerrifyingSpectre+1","Koishi:SubterraneanRose+1","Shame","Koishi:MindNumbingTerror","Koishi:DreadfulBlow+1","Koishi:VengefulSpirit+1","Koishi:Bloodlust+1","Koishi:TremblingHands+1","Koishi:SilentAndRestless+1","Koishi:GrowingPain+1","Koishi:DNAsFlaw+1","Koishi:Heartbroken+1","Koishi:MassHysteria+1","Koishi:ReleaseOfTheId","Koishi:YoukaiPolygraph+1","Koishi:ReleaseOfTheId+1","Koishi:CatchAndRose+1","Koishi:SubterraneanRose+1","Dramatic Entrance","Swift Strike","Bandage Up","Koishi:DreadfulBlow+1"],"relics":["Koishi:ImaginaryFriend","EVO:Axolotl","CeramicFish","Koishi:TeethAndClaws","Old Coin","Tea:ReiMu","Frozen Egg 2","Runic Pyramid","Du-Vu Doll","Koishi:BloodstainedWhiteRose","Gremlin Horn","Akabeko","Blue Candle","Astrolabe","Shuriken","PureWhite:ReiMu","CrazyTorch:ReiMu","Whetstone","Turnip"],"acts_visited":["Exordium","TheCity","TheBeyond"],"potions_floor_usage":[16,16,29,29,33,33,40,40,50],"damage_taken":[{"damage":0,"enemies":"Jaw Worm","floor":1,"turns":5},{"damage":0,"enemies":"Cultist","floor":2,"turns":4},{"damage":0,"enemies":"2 Louse","floor":4,"turns":3},{"damage":2,"enemies":"Lagavulin","floor":8,"turns":10},{"damage":2,"enemies":"2 Fungi Beasts","floor":10,"turns":10},{"damage":0,"enemies":"Blue Slaver","floor":12,"turns":6},{"damage":0,"enemies":"Lots of Slimes","floor":14,"turns":4},{"damage":2,"enemies":"Hexaghost","floor":16,"turns":15},{"damage":10,"enemies":"3 Byrds","floor":18,"turns":7},{"damage":12,"enemies":"Shell Parasite","floor":20,"turns":6},{"damage":1,"enemies":"Shelled Parasite and Fungi","floor":24,"turns":9},{"damage":0,"enemies":"Centurion and Healer","floor":27,"turns":10},{"damage":0,"enemies":"Snecko","floor":28,"turns":5},{"damage":0,"enemies":"Gremlin Leader","floor":29,"turns":7},{"damage":52,"enemies":"Champ","floor":33,"turns":17},{"damage":0,"enemies":"3 Shapes","floor":35,"turns":4},{"damage":5,"enemies":"Orb Walker","floor":39,"turns":3},{"damage":37,"enemies":"Giant Head","floor":40,"turns":10},{"damage":13,"enemies":"Reptomancer","floor":42,"turns":4},{"damage":1,"enemies":"Mind Bloom Boss Battle","floor":44,"turns":5},{"damage":0,"enemies":"Transient","floor":47,"turns":5},{"damage":14,"enemies":"Awakened One","floor":50,"turns":13}],"seed_played":"-8561831558717767408","potions_obtained":[{"floor":4,"key":"DuplicationPotion"},{"floor":8,"key":"EssenceOfSteel"},{"floor":10,"key":"Swift Potion"},{"floor":14,"key":"DistilledChaos"},{"floor":20,"key":"PowerPotion"},{"floor":28,"key":"FairyPotion"},{"floor":29,"key":"GrandPatriotsElixir:ReiMu"},{"floor":31,"key":"EssenceOfSteel"},{"floor":33,"key":"ColorlessPotion"},{"floor":35,"key":"Energy Potion"},{"floor":44,"key":"EssenceOfSteel"}],"is_trial":false,"path_per_floor":["M","M","?","M","$","R","T","E","T","M","$","M","R","M","R","B",null,"M","?","M","?","T","R","M","$","T","M","M","E","R","?","R","B",null,"M","?","$","?","M","E","R","E","T","?","?","R","M","?","R","B",null],"character_chosen":"KOISHI","items_purchased":["Koishi:GrowingPain","Koishi:UnconsciousUprising","Frozen Egg 2","Gremlin Horn","Koishi:VengefulSpirit+1","Shuriken"],"campfire_rested":1,"item_purchase_floors":[5,11,11,25,25,37],"current_hp_per_floor":[60,60,60,60,60,60,60,60,60,60,60,60,60,60,60,60,60,56,56,46,46,46,46,57,57,57,60,60,60,60,60,60,11,60,60,60,60,60,60,35,53,49,49,53,43,43,58,58,58,60],"gold":245,"neow_bonus":"RANDOM_COMMON_RELIC","is_daily":false,"chose_seed":false,"campfire_upgraded":7,"win_rate":0.0,"timestamp":1613146448,"path_taken":["M","M","?","?","$","R","?","E","T","?","?","M","R","?","R","BOSS","M","?","M","?","?","R","?","$","T","M","M","E","R","?","R","BOSS","M","?","$","?","?","E","R","E","T","?","?","R","M","?","R","BOSS"],"items_purchased_type":["Card","Card","Relic","Relic","Card","Relic"],"build_version":"2020-12-22","purchased_purges":0,"victory":true,"max_hp_per_floor":[60,60,60,60,60,60,60,60,60,60,60,60,60,60,60,60,60,60,60,60,60,60,60,60,60,60,60,60,60,60,60,60,60,60,60,60,60,60,60,60,60,60,60,60,60,60,60,60,60,60],"card_choices":[{"not_picked":["Koishi:StingingMind","Koishi:JumpScare"],"picked":"Koishi:ParalyzingFear","floor":1},{"not_picked":["Koishi:SpiritedAway","Koishi:VengefulSpirit"],"picked":"Koishi:Jaunt","floor":2},{"not_picked":["Koishi:LastRemote","Koishi:EmbryosDream"],"picked":"Koishi:GhostParty","floor":4},{"not_picked":["Koishi:StingingMind","Koishi:TraumaticStroke"],"picked":"Koishi:ParalyzingFear","floor":8},{"not_picked":["Koishi:HeartfeltFancy","Koishi:MindStellarRelief"],"picked":"Koishi:MassHysteria","floor":10},{"not_picked":["Koishi:ReflexRadar","Koishi:StrangeCloudFist"],"picked":"Koishi:SubterraneanRose","floor":12},{"not_picked":["Koishi:UnansweredLove","Koishi:RacingHeart"],"picked":"Koishi:JumpScare","floor":14},{"not_picked":["Koishi:GrowingPain","Koishi:Ego+1"],"picked":"Koishi:TerrifyingSpectre+1","floor":16},{"not_picked":["Koishi:GhostParty","Koishi:HeartAttack+1"],"picked":"Koishi:SubterraneanRose+1","floor":18},{"not_picked":["Koishi:HeartfeltFancy","Koishi:CatchAndRose"],"picked":"Koishi:MindNumbingTerror","floor":20},{"not_picked":["Koishi:PhantomBarrier+1","Koishi:UnconsciousUprising"],"picked":"Koishi:DreadfulBlow+1","floor":24},{"not_picked":["Koishi:Prune","Koishi:MindStellarRelief"],"picked":"Koishi:Bloodlust+1","floor":27},{"not_picked":["Koishi:SubconsciousSweep","Koishi:UnansweredLove"],"picked":"Koishi:TremblingHands","floor":28},{"not_picked":["Koishi:JumpScare","Koishi:PhantomStrike"],"picked":"Koishi:SilentAndRestless","floor":29},{"not_picked":["Koishi:PerfectMindControl","Koishi:MindStellarRelief"],"picked":"Koishi:GrowingPain","floor":33},{"not_picked":["Koishi:RacingHeart","Koishi:PhantomStrike"],"picked":"Koishi:ReleaseOfTheId","floor":35},{"not_picked":["Koishi:HeartfeltFancy","Koishi:PhantomBarrier"],"picked":"Koishi:YoukaiPolygraph+1","floor":39},{"not_picked":["Koishi:SilentAndRestless","Koishi:SpiritedAway"],"picked":"Koishi:ReleaseOfTheId","floor":40},{"not_picked":["Koishi:RacingHeart","Koishi:UnansweredLove"],"picked":"Koishi:CatchAndRose+1","floor":42},{"not_picked":["Koishi:CatchAndRose","Koishi:PhantomStrike+1"],"picked":"Koishi:SubterraneanRose+1","floor":44},{"not_picked":["Bandage Up","Panacea"],"picked":"Dramatic Entrance","floor":45},{"not_picked":["Thinking Ahead","Good Instincts"],"picked":"Swift Strike","floor":45},{"not_picked":["Trip","Good Instincts"],"picked":"Bandage Up","floor":45},{"not_picked":["Koishi:SpiritedAway+1","Koishi:UnansweredLove"],"picked":"Koishi:DreadfulBlow+1","floor":47}],"player_experience":1515925,"relics_obtained":[{"floor":7,"key":"Koishi:TeethAndClaws"},{"floor":8,"key":"Old Coin"},{"floor":9,"key":"Tea:ReiMu"},{"floor":22,"key":"Koishi:BloodstainedWhiteRose"},{"floor":26,"key":"Akabeko"},{"floor":29,"key":"Blue Candle"},{"floor":40,"key":"PureWhite:ReiMu"},{"floor":42,"key":"CrazyTorch:ReiMu"},{"floor":43,"key":"Whetstone"},{"floor":44,"key":"Turnip"}],"event_choices":[{"damage_healed":0,"gold_gain":0,"player_choice":"Ignored","damage_taken":0,"max_hp_gain":0,"max_hp_loss":0,"event_name":"NoteForYourself","floor":3,"gold_loss":0},{"damage_healed":0,"gold_gain":0,"player_choice":"Stole Relic","damage_taken":0,"relics_obtained":["Du-Vu Doll"],"max_hp_gain":0,"max_hp_loss":0,"event_name":"Addict","floor":19,"gold_loss":0,"cards_obtained":["Shame"]},{"damage_healed":0,"gold_gain":0,"player_choice":"Ignored","damage_taken":0,"max_hp_gain":0,"max_hp_loss":0,"event_name":"Beggar","floor":21,"gold_loss":0},{"damage_healed":0,"gold_gain":0,"player_choice":"Got Potions","damage_taken":0,"max_hp_gain":0,"max_hp_loss":0,"event_name":"Lab","floor":31,"gold_loss":0},{"damage_healed":0,"gold_gain":0,"player_choice":"Ignored","damage_taken":0,"max_hp_gain":0,"max_hp_loss":0,"event_name":"Tomb of Lord Red Mask","floor":36,"gold_loss":0},{"cards_removed":["Koishi:ParalyzingFear"],"damage_healed":5,"gold_gain":0,"player_choice":"Offered Common","damage_taken":0,"max_hp_gain":0,"max_hp_loss":0,"event_name":"Bonfire Elementals","floor":38,"gold_loss":0},{"cards_removed":["Koishi:ParalyzingFear"],"damage_healed":5,"gold_gain":0,"player_choice":"Offered Special","damage_taken":0,"max_hp_gain":0,"max_hp_loss":0,"event_name":"Bonfire Elementals","floor":38,"gold_loss":0},{"damage_healed":0,"gold_gain":0,"player_choice":"Fight","damage_taken":0,"max_hp_gain":0,"max_hp_loss":0,"event_name":"MindBloom","floor":44,"gold_loss":0},{"damage_healed":0,"gold_gain":0,"player_choice":"Memory 3","damage_taken":10,"max_hp_gain":0,"max_hp_loss":0,"event_name":"SensoryStone","floor":45,"gold_loss":0},{"cards_removed":["Koishi:JumpScare"],"damage_healed":0,"gold_gain":0,"player_choice":"Removed Skill","damage_taken":0,"max_hp_gain":0,"max_hp_loss":0,"event_name":"Falling","floor":48,"gold_loss":0}],"is_beta":false,"boss_relics":[{"not_picked":["Ectoplasm","Sozu"],"picked":"Runic Pyramid"},{"not_picked":["Busted Crown","Koishi:ColorfulDays"],"picked":"Astrolabe"}],"items_purged_floors":[],"is_endless":false,"potions_floor_spawned":[4,8,10,14,20,28,29,33,35,44],"ascension_level":0}}