{"host":"11728qvdvolffudn","time":1613155885,"event":{"mods":["BaseMod","Block Reminder","Colored Powertips","Curses Come First","Custom Start","Displayed Cursed Tome","Highlight Path","Minty Spire (QoL Compilation)","Permanent Neow","Quick Restart","Rare Cards Sparkle","Relic Stats","StSLib","Weighted Paths"],"gold_per_floor":[112,123,142,92,92,92,24,24,70,82,104,135,147,159,171,287,299,301,159,179,198,123,142,142,177,177,189,189,189,189,199,199,296,296,314,332,351,251,271,271,282,192,192,48,63,63,77,95,95,95,95],"floor_reached":50,"language":"ENG","playtime":7998,"items_purged":["Pain","Strike_R"],"score":580,"play_id":"bcc7f8bc-97fe-476e-ae4a-1ef981eb62a3","local_time":"20210212185125","is_ascension_mode":true,"campfire_choices":[{"data":"Flex","floor":6.0,"key":"SMITH"},{"data":"Whirlwind","floor":8.0,"key":"SMITH"},{"data":"Defend_R","floor":10.0,"key":"SMITH"},{"data":"Defend_R","floor":13.0,"key":"SMITH"},{"data":"Defend_R","floor":15.0,"key":"SMITH"},{"data":"Limit Break","floor":24,"key":"SMITH"},{"data":"Limit Break","floor":28,"key":"SMITH"},{"floor":29,"key":"REST"},{"data":"Defend_R","floor":30,"key":"SMITH"},{"floor":32,"key":"REST"},{"data":"Immolate","floor":40,"key":"SMITH"},{"floor":46,"key":"REST"},{"floor":49,"key":"REST"}],"circlet_count":0,"master_deck":["Strike_R+1","Defend_R+1","Defend_R+1","Defend_R+1","Defend_R+1","Bash","Flex+1","Whirlwind+1","Clash","Limit Break+1","Limit Break+1","Immolate+1","Shrug It Off+1","Ghostly Armor+1"],"relics":["Burning Blood","Gambling Chip","WarpedTongs","MawBank","Brimstone","WingedGreaves","Ginger","Sozu","Bottled Lightning","Anchor"],"acts_visited":["Exordium","TheCity","TheBeyond"],"potions_floor_usage":[25,41,50,50],"damage_taken":[{"damage":10.0,"enemies":"Cultist","floor":1.0,"turns":4.0},{"damage":0.0,"enemies":"Small Slimes","floor":2.0,"turns":3.0},{"damage":9.0,"enemies":"Jaw Worm","floor":3.0,"turns":5.0},{"damage":1.0,"enemies":"Lots of Slimes","floor":11.0,"turns":1.0},{"damage":13.0,"enemies":"Blue Slaver","floor":12.0,"turns":3.0},{"damage":47.0,"enemies":"Slime Boss","floor":16.0,"turns":10.0},{"damage":21.0,"enemies":"2 Thieves","floor":18.0,"turns":4.0},{"damage":21,"enemies":"Shell Parasite","floor":20,"turns":5},{"damage":28,"enemies":"Snake Plant","floor":21,"turns":3},{"damage":14,"enemies":"Centurion and Healer","floor":23,"turns":4},{"damage":3,"enemies":"Book of Stabbing","floor":25,"turns":3},{"damage":0,"enemies":"Snecko","floor":27,"turns":2},{"damage":0,"enemies":"Cultist and Chosen","floor":31,"turns":3},{"damage":43,"enemies":"Champ","floor":33,"turns":5},{"damage":23,"enemies":"Orb Walker","floor":35,"turns":3},{"damage":0,"enemies":"3 Darklings","floor":36,"turns":2},{"damage":39,"enemies":"Writhing Mass","floor":37,"turns":3},{"damage":0,"enemies":"Sphere and 2 Shapes","floor":39,"turns":2},{"damage":8,"enemies":"Transient","floor":41,"turns":5},{"damage":8,"enemies":"3 Darklings","floor":45,"turns":2},{"damage":32,"enemies":"Spire Growth","floor":47,"turns":4},{"damage":31,"enemies":"Writhing Mass","floor":48,"turns":4},{"damage":64,"enemies":"Awakened One","floor":50,"turns":5}],"seed_played":"1093185508164106846","potions_obtained":[{"floor":11.0,"key":"LiquidBronze"},{"floor":16.0,"key":"EntropicBrew"},{"floor":21,"key":"ElixirPotion"},{"floor":23,"key":"Strength Potion"},{"floor":27,"key":"SkillPotion"}],"is_trial":false,"path_per_floor":["M","M","M","?","?","R","$","R","T","R","M","M","R","?","R","B",null,"M","$","M","M","$","M","R","E","T","M","R","R","R","M","R","B",null,"M","M","M","$","M","R","M","?","T","$","M","R","M","M","R","B"],"character_chosen":"IRONCLAD","items_purchased":["Whirlwind","Brimstone","Anchor"],"campfire_rested":4,"item_purchase_floors":[7,19,44],"current_hp_per_floor":[52,58,55,55,55,55,55,55,55,55,60,53,53,53,53,12,80,65,65,50,28,28,20,20,23,23,29,29,53,53,59,80,43,80,63,69,36,36,42,42,40,40,40,40,38,62,36,11,35,0,0],"gold":95,"neow_bonus":"ONE_RARE_RELIC","is_daily":false,"chose_seed":false,"campfire_upgraded":9,"win_rate":0.0,"timestamp":1613155885,"path_taken":["M","M","?","?","?","R","$","R","T","R","M","?","R","?","R","BOSS","M","?","M","M","$","M","R","E","T","M","R","R","R","M","R","BOSS","M","M","M","$","?","R","M","?","T","?","M","R","M","M","R","BOSS"],"items_purchased_type":["Card","Relic","Relic"],"build_version":"2020-12-22","purchased_purges":2,"victory":false,"max_hp_per_floor":[80,80,80,80,80,80,80,80,80,80,80,80,80,80,80,80,80,80,80,80,80,80,80,80,80,80,80,80,80,80,80,80,80,80,80,80,80,80,80,80,80,80,80,80,80,80,80,80,80,80,80],"relic_stats":{"Sozu":8,"counters":[23,85],"Gambling Chip":[53],"Ginger":[2],"MawBank":120,"obtain_stats":[{"Sozu":34,"Anchor":44,"Brimstone":19,"Gambling Chip":0,"WingedGreaves":25,"Ginger":26,"Bottled Lightning":43,"MawBank":9,"Burning Blood":0,"WarpedTongs":5},{"Sozu":14,"Anchor":19,"Brimstone":7,"Gambling Chip":0,"WingedGreaves":11,"Ginger":11,"Bottled Lightning":19,"MawBank":3,"Burning Blood":0,"WarpedTongs":3},{"Sozu":55,"Anchor":70,"Brimstone":30,"Gambling Chip":0,"WingedGreaves":45,"Ginger":45,"Bottled Lightning":70,"MawBank":12,"Burning Blood":0,"WarpedTongs":12}],"Burning Blood":132,"WarpedTongs":[59]},"card_choices":[{"not_picked":["Pommel Strike","Armaments","Evolve"],"picked":"SKIP","floor":1.0},{"not_picked":["Ghostly Armor","Sword Boomerang","Armaments"],"picked":"SKIP","floor":2.0},{"not_picked":["Combust","Clothesline"],"picked":"Flex","floor":3.0},{"not_picked":["Entrench","Pommel Strike","Havoc"],"picked":"SKIP","floor":11.0},{"not_picked":["Wild Strike","Iron Wave","Perfected Strike"],"picked":"SKIP","floor":12.0},{"not_picked":["Double Tap","Brutality"],"picked":"Limit Break","floor":16.0},{"not_picked":["Anger","Cleave","Disarm"],"picked":"SKIP","floor":18},{"not_picked":["Pommel Strike","Shrug It Off","Sentinel"],"picked":"SKIP","floor":20},{"not_picked":["Warcry","Anger","Perfected Strike+1"],"picked":"SKIP","floor":21},{"not_picked":["Twin Strike","Armaments+1","Iron Wave"],"picked":"SKIP","floor":23},{"not_picked":["Heavy Blade+1","Clothesline"],"picked":"Limit Break","floor":25},{"not_picked":["Clothesline","Perfected Strike","Feel No Pain"],"picked":"SKIP","floor":27},{"not_picked":["Heavy Blade","Armaments+1","Inflame+1"],"picked":"SKIP","floor":31},{"not_picked":["Reaper","Berserk"],"picked":"Immolate","floor":33},{"not_picked":["Cleave","True Grit+1","Thunderclap+1"],"picked":"SKIP","floor":35},{"not_picked":["Warcry","Carnage","Thunderclap"],"picked":"SKIP","floor":36},{"not_picked":["Burning Pact+1","Infernal Blade+1"],"picked":"Shrug It Off+1","floor":37},{"not_picked":["Double Tap","Combust","Intimidate"],"picked":"SKIP","floor":39},{"not_picked":["Headbutt+1","Fire Breathing+1","Perfected Strike+1"],"picked":"SKIP","floor":41},{"not_picked":["Bloodletting+1","Armaments","Clothesline+1"],"picked":"SKIP","floor":45},{"not_picked":["Headbutt","Cleave+1"],"picked":"Ghostly Armor+1","floor":47},{"not_picked":["Hemokinesis+1","Iron Wave","Clothesline"],"picked":"SKIP","floor":48}],"player_experience":203834,"relics_obtained":[{"floor":9.0,"key":"MawBank"},{"floor":25,"key":"WingedGreaves"},{"floor":26,"key":"Ginger"},{"floor":43,"key":"Bottled Lightning"}],"event_choices":[{"cards_removed":["Strike_R"],"damage_healed":0.0,"max_hp_gain":0.0,"max_hp_loss":0.0,"gold_gain":0.0,"event_name":"The Cleric","player_choice":"Card Removal","floor":4.0,"gold_loss":50.0,"damage_taken":0.0},{"damage_healed":0.0,"max_hp_gain":0.0,"max_hp_loss":0.0,"gold_gain":0.0,"event_name":"Accursed Blacksmith","player_choice":"Rummage","floor":5.0,"gold_loss":0.0,"damage_taken":0.0,"relics_obtained":["WarpedTongs"],"cards_obtained":["Pain"]},{"damage_healed":0.0,"max_hp_gain":0.0,"max_hp_loss":0.0,"gold_gain":0.0,"cards_transformed":["Strike_R"],"event_name":"Transmorgrifier","player_choice":"Transformed","floor":14.0,"gold_loss":0.0,"damage_taken":0.0,"cards_obtained":["Clash"]},{"cards_removed":["Strike_R"],"damage_healed":0,"gold_gain":0,"player_choice":"Upgrade and Remove","damage_taken":0,"max_hp_gain":0,"max_hp_loss":0,"event_name":"Designer","floor":42,"gold_loss":90,"cards_upgraded":["Strike_R"]}],"is_beta":false,"boss_relics":[{"not_picked":["Busted Crown","Coffee Dripper","Astrolabe"]},{"not_picked":["Runic Pyramid","Black Star"],"picked":"Sozu"}],"items_purged_floors":[22,38],"is_endless":false,"potions_floor_spawned":[11,16,21,23,27,31,37,39,41,47,48],"killed_by":"Awakened One","ascension_level":4}}