{"host":"yrtk68ixj64vhhh3","time":1613089365,"event":{"mods":["2.2 Compatiblity","AchievementEnabler","Aspiration","BaseMod","Better Altar","Better Match","Better Note","Better Silent Start","Better Skull","Better Third Choice","Colored Map","Colored Powertips","Conspire","Dio Mod","Downfall","Energized Spire","Hubris","Infinite Spire","Marisa????????","Minty Spire (QoL Compilation)","Prisma Mod","RNG Fix","Random Character Button","Random Character Mod","Reliquary","StSLib","Steal the Spire","Td1madao Mod","The Alterego","The Animator","The Bug Knight","The Mystic","The Poker Player","The Wild Card","TheHero"],"gold_per_floor":[111,11,0,0,26,26,61,61,84,84,101,10,46,89,89,122,122],"floor_reached":16,"language":"ENG","playtime":1065,"items_purged":[],"score":131,"play_id":"f15476f2-d526-4a0f-9cd4-b714931d0102","local_time":"20210212132245","is_ascension_mode":false,"campfire_choices":[{"data":"Enlightenment","floor":6,"key":"SMITH"},{"floor":8,"key":"REST"},{"floor":10,"key":"RECALL"},{"floor":15,"key":"REST"}],"circlet_count":0,"master_deck":["alterego_mod:Strike","alterego_mod:Strike+1","alterego_mod:Strike+1","alterego_mod:Strike","alterego_mod:Defend","alterego_mod:Defend","alterego_mod:Defend","alterego_mod:Defend","alterego_mod:Impale","alterego_mod:BigMeatyClaws","alterego_mod:BrynhildrsRune","alterego_mod:Valentines","conspire:SpireCoStock","conspire:SpireCoStock","Enlightenment+1","alterego_mod:DiscoLights","alterego_mod:Cycle","alterego_mod:Mirror","alterego_mod:PerceptionDisorder","alterego_mod:1TonWallop","alterego_mod:Cooking"],"relics":["alterego_mod:MasochisticConstitution","Whetstone","reliquary:ExpiredCoupon","Mummified Hand"],"acts_visited":["Exordium"],"potions_floor_usage":[7,7,7,7,16,16,16],"damage_taken":[{"damage":15,"enemies":"Cultist","floor":1,"turns":5},{"damage":34,"enemies":"Gremlin Nob","floor":7,"turns":4},{"damage":4,"enemies":"2 Louse","floor":11,"turns":4},{"damage":17,"enemies":"Jaw Worm","floor":13,"turns":5},{"damage":46,"enemies":"Lagavulin","floor":14,"turns":6},{"damage":58,"enemies":"Hexaghost","floor":16,"turns":9}],"seed_played":"2333616261104044727","potions_obtained":[{"floor":4,"key":"champ:CounterPotion"},{"floor":4,"key":"EntropicBrew"},{"floor":4,"key":"DistilledChaos"},{"floor":7,"key":"EssenceOfSteel"},{"floor":11,"key":"Block Potion"}],"is_trial":false,"path_per_floor":["M","?","?","?","T","R","E","R","T","R","M","$","M","E","R","B"],"character_chosen":"The_Alterego","items_purchased":["alterego_mod:Mirror","alterego_mod:PerceptionDisorder"],"campfire_rested":2,"item_purchase_floors":[12,12],"current_hp_per_floor":[70,70,76,76,76,76,50,75,75,75,72,72,63,25,51,0,0],"gold":122,"neow_bonus":"TEN_PERCENT_HP_BONUS","is_daily":false,"chose_seed":false,"campfire_upgraded":1,"win_rate":0.0,"timestamp":1613089365,"path_taken":["M","?","?","?","?","R","E","R","T","R","?","$","M","E","R","BOSS"],"items_purchased_type":["Card","Card"],"build_version":"2020-12-22","purchased_purges":0,"victory":false,"max_hp_per_floor":[78,78,84,84,84,84,85,85,85,85,86,86,87,88,88,88,88],"card_choices":[{"not_picked":["alterego_mod:SakuraFive","alterego_mod:RocketPunch"],"picked":"alterego_mod:Valentines","floor":1},{"not_picked":["alterego_mod:SakuraPetals","alterego_mod:MagicResistance"],"picked":"alterego_mod:DiscoLights","floor":7},{"not_picked":["alterego_mod:PerceptionDisorder","alterego_mod:Punishment"],"picked":"alterego_mod:Cycle","floor":11},{"not_picked":["alterego_mod:Pet","alterego_mod:BustOut"],"picked":"alterego_mod:1TonWallop","floor":13},{"not_picked":["alterego_mod:Belle","alterego_mod:Birthday"],"picked":"alterego_mod:Cooking","floor":14}],"player_experience":847316,"relics_obtained":[{"floor":5,"key":"Whetstone"},{"floor":7,"key":"reliquary:ExpiredCoupon"},{"floor":14,"key":"Mummified Hand"}],"event_choices":[{"damage_healed":0,"gold_gain":0,"player_choice":"Invest 2","damage_taken":0,"max_hp_gain":0,"max_hp_loss":0,"event_name":"conspire:Investor","floor":2,"gold_loss":0},{"damage_healed":0,"gold_gain":0,"player_choice":"RENOUNCE","damage_taken":11,"max_hp_gain":0,"max_hp_loss":0,"event_name":"betterThird:BetterSerpent","floor":3,"gold_loss":11,"cards_obtained":["Enlightenment"]},{"damage_healed":0,"gold_gain":0,"player_choice":"Got Potions","damage_taken":0,"max_hp_gain":0,"max_hp_loss":0,"event_name":"Lab","floor":4,"gold_loss":0}],"is_beta":false,"boss_relics":[],"items_purged_floors":[],"is_endless":false,"potions_floor_spawned":[7,11,14],"killed_by":"Hexaghost","ascension_level":0}}