{"host":"z42sc0n2dozsmk72","time":1613131475,"event":{"mods":["AchievementEnabler","BaseMod","Better Third Choice","Colored Map","Curses Come First","Highlight Path","Minty Spire (QoL Compilation)","Permanent Neow","Quick Restart","Relic Stats","Shop Mod","StSLib","egg","slay the spire mod where everything is the same but ironclad has a cowboy hat"],"gold_per_floor":[115,131,131,152,166,166,166,197,221,221,237,237,202,223,223,346,346,365,365,388,403,328,372,372,372,372,372,386,404,404,4,4,124,124,140,140,161,175,188,229,229,245,245,281,281,281,321,339,339,339,339,339,38,74,74],"floor_reached":56,"language":"ENG","playtime":4597,"items_purged":["Strike_B"],"score":1456,"play_id":"d5f5dfd8-23a4-4e62-934c-759045c484ed","local_time":"20210213010435","is_ascension_mode":true,"campfire_choices":[{"data":"Streamline","floor":6.0,"key":"SMITH"},{"data":"Zap","floor":10.0,"key":"SMITH"},{"data":"Conserve Battery","floor":12.0,"key":"SMITH"},{"data":"Ball Lightning","floor":15.0,"key":"SMITH"},{"floor":25.0,"key":"REST"},{"data":"Creative AI","floor":27.0,"key":"SMITH"},{"data":"Recycle","floor":30.0,"key":"SMITH"},{"data":"Rainbow","floor":32.0,"key":"SMITH"},{"data":"Chaos","floor":41.0,"key":"SMITH"},{"data":"Seek","floor":46.0,"key":"SMITH"},{"floor":49.0,"key":"RECALL"},{"data":"Ghostly","floor":52.0,"key":"SMITH"}],"circlet_count":0,"master_deck":["Strike_B","Defend_B","Defend_B","Defend_B","Defend_B","Zap+1","Dualcast","Conserve Battery+1","Streamline+1","Conserve Battery","Ball Lightning+1","Creative AI+1","Ghostly+1","Ghostly","Ghostly","Ghostly","Ghostly","Chaos+1","Conserve Battery","Rainbow+1","Recycle+1","Capacitor","Seek+1","Capacitor","Electrodynamics","Storm+1","Force Field+1","Steam Power+1"],"relics":["SacredBark","Golden Idol","Omamori","Pen Nib","Bag of Preparation","Cursed Key","Lantern","CultistMask","Bird Faced Urn","Coffee Dripper","Ancient Tea Set","Shuriken","Du-Vu Doll","Anchor","TheAbacus","Pantograph"],"acts_visited":["Exordium","TheCity","TheBeyond","TheEnding"],"potions_floor_usage":[55,55,55],"damage_taken":[{"damage":7.0,"enemies":"Jaw Worm","floor":1.0,"turns":3.0},{"damage":4.0,"enemies":"Small Slimes","floor":2.0,"turns":3.0},{"damage":0.0,"enemies":"2 Louse","floor":4.0,"turns":3.0},{"damage":0.0,"enemies":"2 Fungi Beasts","floor":5.0,"turns":3.0},{"damage":17.0,"enemies":"Gremlin Nob","floor":8.0,"turns":5.0},{"damage":0.0,"enemies":"Lots of Slimes","floor":11.0,"turns":2.0},{"damage":1.0,"enemies":"Exordium Wildlife","floor":14.0,"turns":4.0},{"damage":23.0,"enemies":"Slime Boss","floor":16.0,"turns":9.0},{"damage":29.0,"enemies":"2 Thieves","floor":18.0,"turns":4.0},{"damage":2.0,"enemies":"Chosen","floor":20.0,"turns":6.0},{"damage":0.0,"enemies":"Snake Plant","floor":21.0,"turns":6.0},{"damage":33.0,"enemies":"Slavers","floor":23.0,"turns":8.0},{"damage":0.0,"enemies":"Snecko","floor":28.0,"turns":6.0},{"damage":1.0,"enemies":"3 Cultists","floor":29.0,"turns":7.0},{"damage":3.0,"enemies":"Automaton","floor":33.0,"turns":8.0},{"damage":0.0,"enemies":"Orb Walker","floor":35.0,"turns":6.0},{"damage":5.0,"enemies":"3 Darklings","floor":37.0,"turns":6.0},{"damage":1.0,"enemies":"Writhing Mass","floor":38.0,"turns":7.0},{"damage":0.0,"enemies":"Transient","floor":39.0,"turns":5.0},{"damage":8.0,"enemies":"Nemesis","floor":40.0,"turns":6.0},{"damage":0.0,"enemies":"Sphere and 2 Shapes","floor":42.0,"turns":4.0},{"damage":0.0,"enemies":"Reptomancer","floor":44.0,"turns":6.0},{"damage":23.0,"enemies":"Nemesis","floor":47.0,"turns":7.0},{"damage":24.0,"enemies":"Maw","floor":48.0,"turns":7.0},{"damage":35.0,"enemies":"Time Eater","floor":50.0,"turns":10.0},{"damage":0.0,"enemies":"Shield and Spear","floor":54.0,"turns":7.0},{"damage":32,"enemies":"The Heart","floor":55,"turns":11}],"seed_played":"906134970957007027","potions_obtained":[{"floor":2.0,"key":"AttackPotion"},{"floor":5.0,"key":"Weak Potion"},{"floor":20.0,"key":"SneckoOil"},{"floor":21.0,"key":"DistilledChaos"},{"floor":28.0,"key":"SkillPotion"},{"floor":29.0,"key":"SneckoOil"},{"floor":35.0,"key":"Strength Potion"},{"floor":40.0,"key":"DistilledChaos"},{"floor":48.0,"key":"LiquidMemories"},{"floor":54.0,"key":"Swift Potion"}],"is_trial":false,"path_per_floor":["M","M","?","M","M","R","?","E","T","R","M","R","?","M","R","B",null,"M","?","M","M","?","E","?","R","T","R","M","M","R","$","R","B",null,"M","?","M","M","M","E","R","M","T","E","T","R","E","M","R","B",null,"R","$","E","B",null],"character_chosen":"DEFECT","items_purchased":["Bird Faced Urn","Capacitor","Anchor","TheAbacus"],"campfire_rested":1,"item_purchase_floors":[31,31,53,53],"current_hp_per_floor":[68,64,46,46,46,46,34,17,17,17,17,17,35,34,34,11,75,46,37,35,35,35,2,2,13,13,13,13,12,12,12,12,29,37,37,37,37,37,37,31,31,37,37,37,37,37,21,11,11,4,37,37,37,37,37],"gold":74,"neow_bonus":"BOSS_RELIC","is_daily":false,"chose_seed":false,"campfire_upgraded":10,"win_rate":0.0,"timestamp":1613131475,"path_taken":["M","M","?","M","M","R","?","E","T","R","M","R","?","M","R","BOSS","M","?","M","M","?","E","?","R","T","R","?","M","R","$","R","BOSS","M","?","M","M","M","E","R","?","T","E","?","R","E","M","R","BOSS","R","$","E","BOSS"],"items_purchased_type":["Relic","Card","Relic","Relic"],"build_version":"2020-12-22","purchased_purges":1,"victory":true,"max_hp_per_floor":[75,75,75,75,75,75,75,75,75,75,75,75,75,75,75,75,75,75,37,37,37,37,37,37,37,37,37,37,37,37,37,37,37,37,37,37,37,37,37,37,37,37,37,37,37,37,37,37,37,37,37,37,37,37,37],"relic_stats":{"TheAbacus":[24],"counters":[27,159],"Golden Idol":198,"Shuriken":[1],"Bird Faced Urn":[115],"Pantograph":0,"Pen Nib":[11],"Bag of Preparation":[44],"Cursed Key":1,"obtain_stats":[{"Lantern":23,"Golden Idol":3,"SacredBark":0,"Pen Nib":8,"Omamori":7,"Bag of Preparation":9,"Cursed Key":17,"Ancient Tea Set":40,"Du-Vu Doll":47,"Anchor":53,"TheAbacus":53,"Shuriken":44,"Bird Faced Urn":31,"Pantograph":54,"CultistMask":24,"Coffee Dripper":34,"Cracked Core":0},{"Lantern":12,"Golden Idol":2,"SacredBark":0,"Pen Nib":5,"Omamori":4,"Bag of Preparation":5,"Cursed Key":8,"Ancient Tea Set":20,"Du-Vu Doll":23,"Anchor":25,"TheAbacus":25,"Shuriken":22,"Bird Faced Urn":14,"Pantograph":26,"CultistMask":12,"Coffee Dripper":15,"Cracked Core":0},{"Lantern":56,"Golden Idol":6,"SacredBark":0,"Pen Nib":17,"Omamori":12,"Bag of Preparation":17,"Cursed Key":32,"Ancient Tea Set":107,"Du-Vu Doll":124,"Anchor":141,"TheAbacus":141,"Shuriken":117,"Bird Faced Urn":69,"Pantograph":148,"CultistMask":56,"Coffee Dripper":77,"Cracked Core":0}]},"card_choices":[{"not_picked":["Barrage","Storm"],"picked":"Conserve Battery","floor":1.0},{"not_picked":["Streamline","Barrage","Blizzard"],"picked":"SKIP","floor":2.0},{"not_picked":["Chill","Sunder"],"picked":"Streamline","floor":4.0},{"not_picked":["Redo","Storm"],"picked":"Conserve Battery","floor":5.0},{"not_picked":["Aggregate","Stack","Hello World"],"picked":"SKIP","floor":8.0},{"not_picked":["Steam","Rebound","Compile Driver"],"picked":"SKIP","floor":11.0},{"not_picked":["Rip and Tear","Stack"],"picked":"Ball Lightning","floor":14.0},{"not_picked":["Machine Learning","Meteor Strike"],"picked":"Creative AI","floor":16.0},{"not_picked":["Tempest","Gash","Go for the Eyes"],"picked":"SKIP","floor":18.0},{"not_picked":["FTL","Compile Driver"],"picked":"Chaos","floor":20.0},{"not_picked":["Double Energy","Chaos"],"picked":"Conserve Battery","floor":21.0},{"not_picked":["Hello World+1","Leap"],"picked":"Rainbow","floor":23.0},{"not_picked":["Leap","Fusion"],"picked":"Recycle","floor":28.0},{"not_picked":["Darkness","Fusion","Tempest+1"],"picked":"SKIP","floor":29.0},{"not_picked":["Rainbow","Reboot"],"picked":"Seek","floor":33.0},{"not_picked":["Beam Cell","Cold Snap+1","Static Discharge+1"],"picked":"SKIP","floor":35.0},{"not_picked":["Stack+1","Beam Cell+1"],"picked":"Capacitor","floor":37.0},{"not_picked":["Fusion+1","Ball Lightning+1"],"picked":"Electrodynamics","floor":38.0},{"not_picked":["Go for the Eyes+1","Sweeping Beam"],"picked":"Storm+1","floor":39.0},{"not_picked":["Ball Lightning","Turbo","Compile Driver"],"picked":"SKIP","floor":40.0},{"not_picked":["Conserve Battery+1","Chill","Streamline"],"picked":"SKIP","floor":42.0},{"not_picked":["Auto Shields+1","Seek"],"picked":"Force Field+1","floor":44.0},{"not_picked":["Sunder","Leap+1","BootSequence"],"picked":"SKIP","floor":47.0},{"not_picked":["Ball Lightning","Turbo+1","Auto Shields+1"],"picked":"SKIP","floor":48.0},{"not_picked":["Doom and Gloom","Melter+1"],"picked":"Steam Power+1","floor":54.0}],"player_experience":935956,"relics_obtained":[{"floor":8.0,"key":"Pen Nib"},{"floor":9.0,"key":"Bag of Preparation"},{"floor":23.0,"key":"Lantern"},{"floor":40.0,"key":"Ancient Tea Set"},{"floor":44.0,"key":"Shuriken"},{"floor":47.0,"key":"Du-Vu Doll"},{"floor":54.0,"key":"Pantograph"}],"event_choices":[{"damage_healed":0.0,"max_hp_gain":0.0,"max_hp_loss":0.0,"gold_gain":0.0,"event_name":"Golden Idol","player_choice":"Take Damage","floor":3.0,"gold_loss":0.0,"damage_taken":18.0,"relics_obtained":["Golden Idol"]},{"damage_healed":0.0,"max_hp_gain":0.0,"max_hp_loss":0.0,"gold_gain":0.0,"event_name":"betterThird:BetterScrap","player_choice":"Relic ","floor":7.0,"gold_loss":0.0,"damage_taken":12.0,"cards_obtained":["Calculated Gamble"]},{"damage_healed":18.0,"max_hp_gain":0.0,"max_hp_loss":0.0,"gold_gain":0.0,"event_name":"The Cleric","player_choice":"Healed","floor":13.0,"gold_loss":35.0,"damage_taken":0.0},{"damage_healed":0.0,"max_hp_gain":0.0,"max_hp_loss":38.0,"gold_gain":0.0,"event_name":"Ghosts","player_choice":"Became a Ghost","floor":19.0,"gold_loss":0.0,"damage_taken":0.0,"cards_obtained":["Ghostly","Ghostly","Ghostly","Ghostly","Ghostly"]},{"cards_removed":["Strike_B"],"damage_healed":0.0,"max_hp_gain":0.0,"max_hp_loss":0.0,"gold_gain":0.0,"event_name":"Beggar","player_choice":"Gave Gold","floor":22.0,"gold_loss":75.0,"damage_taken":0.0},{"damage_healed":0.0,"max_hp_gain":0.0,"max_hp_loss":0.0,"gold_gain":0.0,"event_name":"FaceTrader","player_choice":"Trade","floor":24.0,"gold_loss":0.0,"damage_taken":0.0,"relics_obtained":["CultistMask"]},{"cards_removed":["Strike_B"],"damage_healed":0.0,"max_hp_gain":0.0,"max_hp_loss":0.0,"gold_gain":0.0,"event_name":"Bonfire Elementals","player_choice":"Offered Basic","floor":36.0,"gold_loss":0.0,"damage_taken":0.0}],"is_beta":false,"boss_relics":[{"not_picked":["Inserter","Tiny House"],"picked":"Cursed Key"},{"not_picked":["Empty Cage","Runic Dome"],"picked":"Coffee Dripper"}],"items_purged_floors":[31],"is_endless":false,"potions_floor_spawned":[2,5,20,21,28,29,35,40,42,48,54],"ascension_level":4}}