{"host":"fc5kl670efuhtomy","time":1613103813,"event":{"mods":["AchievementEnabler","Act Like it!","Arknights","BaseMod","Colored Powertips","Downfall","Marisa£®ÏF”Í°°ƒß¿Ì…≥£©","Minty Spire (QoL Compilation)","Quick Restart","Reimu£®≤©¿ˆ¡È√Œ£©","Relic Stats","Replay The Spire","Spicy Shops","StSLib","The Bug Knight","The Construct","The Cursed","The Servant 0.9.4","WarShipGirlsR/’ΩΩ¢…Ÿ≈ÆR mod"],"gold_per_floor":[109,109,109,122,134,134,151,167,167,181,30,30,55,72,72,72,72],"floor_reached":16,"language":"ZHS","playtime":684,"items_purged":[],"score":93,"play_id":"faccb95d-d558-4644-be6f-4159499a92a5","local_time":"20210212122333","is_ascension_mode":false,"campfire_choices":[{"data":"construct:Zapper","floor":6,"key":"SMITH"},{"floor":12,"key":"REST"},{"data":"construct:Antimatter","floor":15,"key":"SMITH"}],"circlet_count":0,"master_deck":["construct:Strike_Gold","construct:Strike_Gold","construct:Strike_Gold","construct:Defend_Gold","construct:Defend_Gold+1","construct:AttackMode","construct:DefenseMode","Delirium","construct:SyphonStrike","construct:SweepLaser","construct:Zapper+1","construct:ModeShift","construct:FierceBash","construct:Reinforce","construct:Antimatter+1"],"relics":["Kintsugi","Spirit Poop","Vajra","HandDrill","Art of War"],"acts_visited":["Exordium"],"potions_floor_usage":[],"damage_taken":[{"damage":17,"enemies":"Small Slimes","floor":1,"turns":6},{"damage":8,"enemies":"Cultist","floor":4,"turns":5},{"damage":6,"enemies":"Jaw Worm","floor":5,"turns":3},{"damage":26,"enemies":"Red Slaver","floor":7,"turns":6},{"damage":7,"enemies":"Looter","floor":8,"turns":5},{"damage":4,"enemies":"3 Louse","floor":10,"turns":3},{"damage":13,"enemies":"Blue Slaver","floor":14,"turns":3},{"damage":31,"enemies":"The Guardian","floor":16,"turns":2}],"seed_played":"-5279235388368710962","potions_obtained":[{"floor":7,"key":"Guardian:BlockOnCardUsePotion"},{"floor":8,"key":"Fire Potion"},{"floor":14,"key":"Energy Potion"}],"is_trial":false,"path_per_floor":["M","?","?","M","M","R","M","M","T","M","$","R","T","M","R","B"],"character_chosen":"THE_CONSTRUCT_MOD","items_purchased":["HandDrill"],"campfire_rested":1,"item_purchase_floors":[11],"current_hp_per_floor":[68,68,68,60,54,54,28,21,21,17,17,42,42,29,29,0,0],"gold":72,"neow_bonus":"BOSS_RELIC","is_daily":false,"chose_seed":false,"campfire_upgraded":2,"win_rate":0.0,"timestamp":1613103813,"path_taken":["M","?","?","M","?","R","M","M","T","M","$","R","?","M","R","BOSS"],"items_purchased_type":["Relic"],"build_version":"2020-12-22","purchased_purges":0,"victory":false,"max_hp_per_floor":[85,85,85,85,85,85,85,85,85,85,85,85,85,85,85,85,85],"relic_stats":{"counters":[8,33],"HandDrill":[2],"Art of War":[0],"obtain_stats":[{"construct:Cogwheel":0,"Spirit Poop":3,"Vajra":9,"HandDrill":11,"Art of War":13,"Kintsugi":0},{"construct:Cogwheel":0,"Spirit Poop":1,"Vajra":5,"HandDrill":6,"Art of War":6,"Kintsugi":0},{"construct:Cogwheel":0,"Spirit Poop":6,"Vajra":25,"HandDrill":28,"Art of War":28,"Kintsugi":0}]},"card_choices":[{"not_picked":["construct:Dampening","construct:Accumulate"],"picked":"construct:SyphonStrike","floor":1},{"not_picked":["construct:Reinforce","construct:Autoturret"],"picked":"construct:SweepLaser","floor":4},{"not_picked":["construct:Autoturret","construct:Boost"],"picked":"construct:Zapper","floor":5},{"not_picked":["construct:ClockworkEgg","construct:ClusterMines"],"picked":"construct:ModeShift","floor":7},{"not_picked":["construct:Backfire","construct:HeavyBolt"],"picked":"construct:FierceBash","floor":8},{"not_picked":["construct:GuardCore","construct:Missile"],"picked":"construct:Reinforce","floor":10},{"not_picked":["construct:SyphonStrike","construct:FierceBash"],"picked":"construct:Antimatter","floor":14}],"player_experience":234031,"relics_obtained":[{"floor":9,"key":"Vajra"},{"floor":13,"key":"Art of War"}],"event_choices":[{"cards_removed":["Looming Evil"],"damage_healed":0,"gold_gain":0,"player_choice":"Offered Curse","damage_taken":0,"relics_obtained":["Spirit Poop"],"max_hp_gain":0,"max_hp_loss":0,"event_name":"Bonfire Elementals","floor":3,"gold_loss":0}],"is_beta":false,"boss_relics":[],"items_purged_floors":[],"is_endless":false,"potions_floor_spawned":[7,8,14],"killed_by":"The Guardian","ascension_level":0}}