{"host":"2q4w55ev63ot6isg","time":1613111064,"event":{"mods":["Aspiration","BaseMod","Downfall","Hubris","Marisa????????","Minty Spire (QoL Compilation)","Replay The Spire","StSLib","The Cursed","The Jungle","The Servant 0.9.4"],"gold_per_floor":[119,119,323,334,352,352,46,66,66,18,18,49,49,64,64,164,164,154,10,25,41,56,56,74,74,122,163,175,216,247,31,31,128,128,142,154,154,164,64,64,98,113,113,113,127,141,51,71,71,71],"floor_reached":51,"language":"ENG","playtime":2201,"items_purged":[],"score":1005,"play_id":"39ee5d49-17a9-4f3c-aa89-96bb641c594e","local_time":"20210211222424","is_ascension_mode":true,"campfire_choices":[{"floor":6,"key":"REST"},{"floor":11,"key":"REST"},{"data":"Midas Touch","floor":15,"key":"SMITH"},{"floor":23,"key":"REST"},{"floor":25,"key":"REST"},{"data":"Defragment","floor":28,"key":"SMITH"},{"floor":32,"key":"REST"},{"floor":40,"key":"REST"},{"floor":44,"key":"REST"},{"data":"Creative AI","floor":49,"key":"SMITH"}],"circlet_count":0,"master_deck":["Strike_B","Strike_B","Defend_B","Defend_B","Defend_B","Zap","Dualcast","Midas Touch+1","Defragment+1","Coolheaded","BootSequence","Coolheaded","Echo Form","Conserve Battery","Mirror Shield","Leap","Cold Snap","Steam Power+1","FTL+1","Conserve Battery","Rainbow","Creative AI+1","BootSequence","Ball Lightning+1","Hologram","Core Surge","Core Surge","Self Repair+1","Conserve Battery+1","Tempest+1","Streamline+1","Undo+1","Force Field+1","FIFO Queue","ReplayTheSpireMod:Private Reserves","Conserve Battery+1","ReplayTheSpireMod:Calculation Training+1"],"relics":["Cracked Core","hubris:OldNail","Sling","aspiration:ChemicalBlood","Lizard Tail","Painkiller Herb","Replay:Baseball","MawBank","Blood Vial","Prayer Wheel","Happy Flower","Toolbox","expansioncontent:StudyCardRelic","Ancient Tea Set","Carrot"],"acts_visited":["Exordium","TheCity","TheBeyond"],"potions_floor_usage":[12,16,16,18,22,24,27,27,29,29,29,33,33,33,38,41,41,41,42,48,48,50,50,50],"damage_taken":[{"damage":7,"enemies":"Jaw Worm","floor":1,"turns":3},{"damage":2,"enemies":"2 Louse","floor":4,"turns":2},{"damage":13,"enemies":"Cultist","floor":5,"turns":4},{"damage":0,"enemies":"Exordium Thugs","floor":8,"turns":4},{"damage":0,"enemies":"3 Sentries","floor":12,"turns":2},{"damage":13,"enemies":"Blue Slaver","floor":14,"turns":3},{"damage":10,"enemies":"Hexaghost","floor":16,"turns":17},{"damage":12,"enemies":"2 Thieves","floor":18,"turns":5},{"damage":2,"enemies":"Spheric Guardian","floor":20,"turns":5},{"damage":0,"enemies":"Snecko","floor":21,"turns":5},{"damage":22,"enemies":"Centurion and Healer","floor":22,"turns":3},{"damage":25,"enemies":"Snake Plant","floor":24,"turns":5},{"damage":13,"enemies":"Gremlin Leader","floor":27,"turns":6},{"damage":22,"enemies":"Slavers","floor":29,"turns":5},{"damage":13,"enemies":"Cultist and Chosen","floor":30,"turns":9},{"damage":33,"enemies":"hubris:MusketHawk","floor":33,"turns":8},{"damage":7,"enemies":"3 Darklings","floor":35,"turns":4},{"damage":10,"enemies":"3 Shapes","floor":36,"turns":4},{"damage":33,"enemies":"Transient","floor":38,"turns":5},{"damage":51,"enemies":"Nemesis","floor":41,"turns":9},{"damage":0,"enemies":"Maw","floor":42,"turns":4},{"damage":0,"enemies":"Jaw Worm Horde","floor":45,"turns":3},{"damage":0,"enemies":"Transient","floor":46,"turns":5},{"damage":20,"enemies":"Writhing Mass","floor":48,"turns":5},{"damage":64,"enemies":"Awakened One","floor":50,"turns":9}],"seed_played":"1133725826560563795","potions_obtained":[{"floor":4,"key":"GamblersBrew"},{"floor":8,"key":"Swift Potion"},{"floor":14,"key":"Guardian:BlockOnCardUsePotion"},{"floor":18,"key":"Fruit Juice"},{"floor":21,"key":"PowerPotion"},{"floor":22,"key":"Milkshake"},{"floor":22,"key":"BlessingOfTheForge"},{"floor":29,"key":"Milkshake"},{"floor":30,"key":"PowerPotion"},{"floor":38,"key":"Weak Potion"},{"floor":42,"key":"Venom Potion"},{"floor":48,"key":"FocusPotion"},{"floor":50,"key":"Guardian:BlockOnCardUsePotion"}],"is_trial":false,"path_per_floor":["M","?","?","M","M","R","$","M","T","$","R","E","?","M","R","B",null,"?","T","?","?","?","T","?","T","T","E","T","E","?","T","T","B",null,"?","?","?","?","NS","T","E","?","T","T","?","?","T","?","T","B",null],"character_chosen":"DEFECT","items_purchased":["hubris:OldNail","Sling","PowerPotion","Replay:Baseball","Toolbox","Core Surge","ReplayTheSpireMod:Private Reserves"],"campfire_rested":7,"item_purchase_floors":[7,7,10,19,31,31,47],"current_hp_per_floor":[61,46,28,26,13,35,35,35,35,35,57,57,57,44,44,34,65,58,58,56,56,34,58,33,57,57,44,44,24,13,13,37,6,62,57,59,59,28,28,52,13,35,35,59,61,73,73,65,65,3],"gold":71,"neow_bonus":"RANDOM_COLORLESS_2","is_daily":false,"chose_seed":false,"campfire_upgraded":3,"win_rate":0.0,"timestamp":1613111064,"path_taken":["M","?","?","M","?","R","?","M","T","?","R","E","?","M","R","BOSS","?","T","?","?","?","T","?","T","T","E","T","E","?","T","T","BOSS","?","?","?","?","NS","T","E","?","T","T","?","?","T","?","T","BOSS"],"items_purchased_type":["Relic","Relic","Potion","Relic","Relic","Card","Card"],"build_version":"2020-12-22","purchased_purges":0,"victory":true,"max_hp_per_floor":[75,75,75,75,75,75,75,75,75,75,75,75,75,75,75,75,75,80,80,80,80,80,80,80,80,80,80,80,80,80,80,80,80,80,80,80,80,80,80,80,80,80,80,80,80,80,80,80,80,80],"card_choices":[{"not_picked":["hubris:EnhanceAbility","Chrysalis"],"picked":"Midas Touch","floor":0},{"not_picked":["Cold Snap","ReplayGash"],"picked":"Defragment","floor":1},{"not_picked":["Barrage","ReplayTheSpireMod:GoodbyeWorld"],"picked":"Coolheaded","floor":3},{"not_picked":["Hello World","Go for the Eyes"],"picked":"BootSequence","floor":4},{"not_picked":["Conserve Battery","Rebound"],"picked":"Coolheaded","floor":5},{"not_picked":["Turbo","Redo","BasicCrystalCard"],"picked":"SKIP","floor":8},{"not_picked":["Hologram","Compile Driver"],"picked":"Echo Form","floor":12},{"not_picked":["Ball Lightning","Force Field"],"picked":"Conserve Battery","floor":14},{"not_picked":["Thunder Strike","hubris:Prefetch"],"picked":"Mirror Shield","floor":16},{"not_picked":["Coolheaded","Static Discharge"],"picked":"Leap","floor":18},{"not_picked":["Steam","Beam Cell"],"picked":"Cold Snap","floor":20},{"not_picked":["BasicCrystalCard","Ball Lightning"],"picked":"Steam Power+1","floor":21},{"not_picked":["Cold Snap","Leap"],"picked":"FTL+1","floor":22},{"not_picked":["Hologram","Sunder"],"picked":"Conserve Battery","floor":24},{"not_picked":["Cold Snap","Rebound"],"picked":"Rainbow","floor":27},{"not_picked":["hubris:Prefetch","Go for the Eyes+1"],"picked":"BootSequence","floor":29},{"not_picked":["Cold Snap","Gash"],"picked":"Ball Lightning+1","floor":30},{"not_picked":["Turbo+1","Gash"],"picked":"Hologram","floor":30},{"not_picked":["Rainbow","Meteor Strike"],"picked":"Core Surge","floor":33},{"not_picked":["Barrage","Gash+1"],"picked":"Self Repair+1","floor":35},{"not_picked":["Gash+1","Tempest"],"picked":"Conserve Battery+1","floor":35},{"not_picked":["Reprogram","Gash+1","BasicCrystalCard"],"picked":"SKIP","floor":36},{"not_picked":["Go for the Eyes","Cold Snap+1","Turbo"],"picked":"SKIP","floor":36},{"not_picked":["Go for the Eyes+1","Storm"],"picked":"Tempest+1","floor":38},{"not_picked":["hubris:DoWhile","Cold Snap","Beam Cell"],"picked":"SKIP","floor":38},{"not_picked":["Panic Button","Hologram"],"picked":"Streamline+1","floor":41},{"not_picked":["Steam","Rebound+1","ReplaySort+1"],"picked":"SKIP","floor":42},{"not_picked":["Go for the Eyes+1","ReplayGash","Turbo+1"],"picked":"SKIP","floor":42},{"not_picked":["Self Repair","Multi-Cast"],"picked":"Undo+1","floor":45},{"not_picked":["Rip and Tear+1","Stack","Redo"],"picked":"SKIP","floor":45},{"not_picked":["Barrage+1","Panic Button+1"],"picked":"Force Field+1","floor":46},{"not_picked":["Gash","Lockon"],"picked":"FIFO Queue","floor":46},{"not_picked":["Leap","Compile Driver"],"picked":"Conserve Battery+1","floor":48},{"not_picked":["Steam+1","Skim"],"picked":"ReplayTheSpireMod:Calculation Training+1","floor":48}],"player_experience":244008,"relics_obtained":[{"floor":9,"key":"aspiration:ChemicalBlood"},{"floor":12,"key":"Lizard Tail"},{"floor":26,"key":"MawBank"},{"floor":27,"key":"Blood Vial"},{"floor":29,"key":"Happy Flower"},{"floor":41,"key":"Ancient Tea Set"},{"floor":43,"key":"Carrot"}],"event_choices":[{"damage_healed":0,"gold_gain":0,"player_choice":"Entered Light","damage_taken":15,"max_hp_gain":0,"max_hp_loss":0,"event_name":"Shining Light","floor":2,"gold_loss":0,"cards_upgraded":["Strike_B","Defend_B"]},{"cards_removed":["Writhe"],"damage_healed":0,"gold_gain":0,"player_choice":"Purged","damage_taken":0,"max_hp_gain":0,"max_hp_loss":0,"event_name":"Purifier","floor":13,"gold_loss":0},{"cards_removed":["Strike_B"],"damage_healed":0,"gold_gain":0,"player_choice":"Purged","damage_taken":0,"max_hp_gain":0,"max_hp_loss":0,"event_name":"Purifier","floor":37,"gold_loss":0}],"is_beta":false,"boss_relics":[{"not_picked":["ReplayTheSpireMod:DimensionalGlitch","hubris:VirtuousBlindfold"],"picked":"Painkiller Herb"},{"not_picked":["Pandora\u0027s Box","Inserter"],"picked":"expansioncontent:StudyCardRelic"}],"items_purged_floors":[],"is_endless":false,"potions_floor_spawned":[4,8,14,18,21,22,29,30,38,42,45],"ascension_level":6}}