{"host":"0kwl2uefibxd2nsv","time":1613091331,"event":{"mods":["Act Like it!","Aspiration","BaseMod","Better Note","BetterRewards","DeckTracker","Googly Eyes","Minty Spire (QoL Compilation)","Reliquary","Shop Mod","StS++","StSLib"],"gold_per_floor":[118,134,134,56,56,56,86,105,105,123,141,158,168,201,201,299,299,319,594,613,626,55,55,90,109,133,133,33,43,43,71,71,170,170,190,208,235,251,251,251,270,305,305,338,338,56,69,104,104,104],"floor_reached":51,"language":"ENG","playtime":2340,"items_purged":["Regret","Injury","Strike_G"],"score":1421,"play_id":"975dc9f3-38d2-476e-93d0-d3981b92f472","local_time":"20210212015531","is_ascension_mode":true,"campfire_choices":[{"data":"Sucker Punch","floor":6,"key":"SMITH"},{"data":"Neutralize","floor":15,"key":"SMITH"},{"floor":23,"key":"REST"},{"data":"After Image","floor":27,"key":"SMITH"},{"floor":32,"key":"REST"},{"data":"A Thousand Cuts","floor":40,"key":"SMITH"},{"data":"After Image","floor":45,"key":"SMITH"},{"data":"Masterful Stab","floor":49,"key":"SMITH"}],"circlet_count":0,"master_deck":["AscendersBane","Strike_G","Strike_G","Defend_G","Defend_G","Defend_G","Defend_G","Defend_G","Survivor","Neutralize+1","Sucker Punch+1","Masterful Stab+1","Acrobatics+1","Blade Dance+1","Backflip+1","Terror+1","Prepared+1","Cloak And Dagger+1","After Image+1","Deflect+1","Prepared+1","After Image+1","Deflect+1","StSpp:Throw+1","Blade Dance+1","StSpp:Dive+1","Deflect+1","A Thousand Cuts+1","Footwork","Cloak And Dagger+1","Good Instincts+1","Prepared+1","Backflip+1","Deflect+1","Panacea+1","Acrobatics+1"],"relics":["Ring of the Snake","NeowsBlessing","Toxic Egg 2","Regal Pillow","Letter Opener","StSpp:SailingBoat","reliquary:WritOfMandamus","DollysMirror","Tingsha","Blood Vial","reliquary:PorcupineQuills","Bronze Scales","WristBlade","Art of War","Vajra","reliquary:TridentHead","MealTicket","aspiration:FetidBarrel"],"acts_visited":["Exordium","TheCity","TheBeyond"],"potions_floor_usage":[13,14,16,20,24,24,24,24,25,29,44,50,50],"damage_taken":[{"damage":0,"enemies":"2 Louse","floor":1,"turns":1},{"damage":0,"enemies":"Jaw Worm","floor":2,"turns":1},{"damage":0,"enemies":"Lagavulin","floor":7,"turns":1},{"damage":0,"enemies":"Cultist","floor":8,"turns":2},{"damage":0,"enemies":"3 Louse","floor":10,"turns":3},{"damage":0,"enemies":"Looter","floor":11,"turns":3},{"damage":0,"enemies":"2 Fungi Beasts","floor":12,"turns":2},{"damage":0,"enemies":"Lots of Slimes","floor":13,"turns":1},{"damage":22,"enemies":"Gremlin Nob","floor":14,"turns":4},{"damage":19,"enemies":"The Guardian","floor":16,"turns":10},{"damage":17,"enemies":"Spheric Guardian","floor":18,"turns":4},{"damage":13,"enemies":"2 Thieves","floor":20,"turns":4},{"damage":21,"enemies":"Shelled Parasite and Fungi","floor":21,"turns":6},{"damage":6,"enemies":"Book of Stabbing","floor":24,"turns":5},{"damage":0,"enemies":"Snecko","floor":25,"turns":5},{"damage":0,"enemies":"3 Cultists","floor":29,"turns":5},{"damage":6,"enemies":"Slavers","floor":31,"turns":5},{"damage":14,"enemies":"Automaton","floor":33,"turns":10},{"damage":0,"enemies":"Orb Walker","floor":35,"turns":2},{"damage":5,"enemies":"3 Shapes","floor":36,"turns":2},{"damage":0,"enemies":"Transient","floor":38,"turns":5},{"damage":0,"enemies":"Maw","floor":41,"turns":5},{"damage":3,"enemies":"Nemesis","floor":42,"turns":5},{"damage":0,"enemies":"Giant Head","floor":44,"turns":7},{"damage":0,"enemies":"4 Shapes","floor":47,"turns":2},{"damage":0,"enemies":"Reptomancer","floor":48,"turns":5},{"damage":0,"enemies":"Awakened One","floor":50,"turns":8}],"seed_played":"8134905927753907179","potions_obtained":[{"floor":7,"key":"StSpp:ScatteredWeakPotion"},{"floor":10,"key":"Weak Potion"},{"floor":12,"key":"ColorlessPotion"},{"floor":13,"key":"Energy Potion"},{"floor":14,"key":"Ancient Potion"},{"floor":16,"key":"FearPotion"},{"floor":21,"key":"SteroidPotion"},{"floor":24,"key":"SkillPotion"},{"floor":31,"key":"StSpp:SecondWindPotion"},{"floor":41,"key":"Block Potion"},{"floor":44,"key":"PowerPotion"},{"floor":48,"key":"StSpp:InhibitionPotion"}],"is_trial":false,"path_per_floor":["M","M","?","$","?","R","E","M","T","M","M","M","M","E","R","B",null,"M","?","M","M","$","R","E","M","T","R","$","M","?","E","R","B",null,"M","M","T","M","?","R","M","E","T","E","R","$","M","E","R","B",null],"character_chosen":"THE_SILENT","items_purchased":["Masterful Stab","DollysMirror","Tingsha","Deflect+1","Backflip+1","Deflect+1","Panacea+1"],"campfire_rested":2,"item_purchase_floors":[4,22,22,22,46,46,46],"current_hp_per_floor":[63,63,63,63,63,63,63,63,63,63,63,63,63,41,41,22,58,41,41,28,7,7,43,37,39,39,39,39,41,41,37,70,56,67,69,65,65,67,67,67,69,67,67,69,69,70,70,70,70,70],"gold":104,"neow_bonus":"THREE_ENEMY_KILL","is_daily":false,"chose_seed":false,"campfire_upgraded":6,"win_rate":0.0,"timestamp":1613091331,"path_taken":["M","M","?","$","?","R","E","M","T","M","M","M","M","E","R","BOSS","M","?","M","M","$","R","E","M","T","R","$","M","?","E","R","BOSS","M","?","?","M","?","R","M","E","T","E","R","$","M","E","R","BOSS"],"items_purchased_type":["Card","Relic","Relic","Card","Card","Card","Card"],"build_version":"2020-12-22","purchased_purges":3,"victory":true,"max_hp_per_floor":[70,70,70,70,70,70,70,70,70,70,70,70,70,70,70,70,70,70,70,70,70,70,70,70,70,70,70,70,70,70,70,70,70,70,70,70,70,70,70,70,70,70,70,70,70,70,70,70,70,70],"card_choices":[{"not_picked":["Outmaneuver","Calculated Gamble","StSpp:TimeParadox"],"picked":"SKIP","floor":1},{"not_picked":["Deflect","Caltrops"],"picked":"Sucker Punch","floor":2},{"not_picked":["Dagger Spray","Acrobatics+1"],"picked":"Blade Dance+1","floor":7},{"not_picked":["Dagger Throw","Slice","Distraction+1"],"picked":"SKIP","floor":8},{"not_picked":["Dagger Throw","aspiration:Lunge"],"picked":"Backflip+1","floor":10},{"not_picked":["Acrobatics+1","Dagger Throw"],"picked":"Terror+1","floor":11},{"not_picked":["StSpp:FiercePoison+1","Finisher","StSpp:PoisonousPunch"],"picked":"SKIP","floor":12},{"not_picked":["StSpp:ChainedTrap+1","Sucker Punch"],"picked":"Prepared+1","floor":13},{"not_picked":["Well Laid Plans","Bane"],"picked":"Cloak And Dagger+1","floor":14},{"not_picked":["Night Terror+1","Malaise+1"],"picked":"After Image","floor":16},{"not_picked":["Setup+1","Outmaneuver+1","Bane"],"picked":"SKIP","floor":18},{"not_picked":["Bane","Quick Slash"],"picked":"Deflect+1","floor":20},{"not_picked":["StSpp:SpareBlade+1","Heel Hook"],"picked":"Prepared+1","floor":21},{"not_picked":["Bane","StSpp:FiercePoison+1"],"picked":"StSpp:Throw+1","floor":24},{"not_picked":["Escape Plan+1","Flechettes+1"],"picked":"Blade Dance+1","floor":25},{"not_picked":["All Out Attack","Flying Knee"],"picked":"StSpp:Dive+1","floor":29},{"not_picked":["Heel Hook","Well Laid Plans"],"picked":"Deflect+1","floor":31},{"not_picked":["StSpp:SwitchWeapon","StSpp:AbandonFlesh+1"],"picked":"A Thousand Cuts","floor":33},{"not_picked":["Quick Slash+1","Dodge and Roll+1"],"picked":"Footwork","floor":35},{"not_picked":["Underhanded Strike+1","Dodge and Roll+1","Dagger Throw+1"],"picked":"SKIP","floor":36},{"not_picked":["Concentrate+1","Distraction+1"],"picked":"Cloak And Dagger+1","floor":38},{"not_picked":["Enlightenment+1","Chrysalis+1"],"picked":"Good Instincts+1","floor":39},{"not_picked":["Slice+1","StSpp:StrikeFirst+1","Underhanded Strike"],"picked":"SKIP","floor":41},{"not_picked":["Accuracy+1","Poisoned Stab","Distraction+1"],"picked":"SKIP","floor":42},{"not_picked":["Outmaneuver+1","Deadly Poison+1"],"picked":"Prepared+1","floor":44},{"not_picked":["StSpp:CorrosivePoison+1","Deadly Poison+1","Noxious Fumes"],"picked":"SKIP","floor":47},{"not_picked":["Crippling Poison+1","Expertise+1"],"picked":"Acrobatics+1","floor":48}],"player_experience":2027420,"relics_obtained":[{"floor":7,"key":"Regal Pillow"},{"floor":9,"key":"Letter Opener"},{"floor":14,"key":"StSpp:SailingBoat"},{"floor":24,"key":"Blood Vial"},{"floor":26,"key":"reliquary:PorcupineQuills"},{"floor":31,"key":"Bronze Scales"},{"floor":37,"key":"Art of War"},{"floor":42,"key":"Vajra"},{"floor":43,"key":"reliquary:TridentHead"},{"floor":44,"key":"MealTicket"},{"floor":48,"key":"aspiration:FetidBarrel"}],"event_choices":[{"damage_healed":0,"gold_gain":0,"cards_transformed":["Strike_G"],"player_choice":"Transformed","damage_taken":0,"max_hp_gain":0,"max_hp_loss":0,"event_name":"Transmorgrifier","floor":5,"gold_loss":0,"cards_obtained":["Acrobatics"]},{"damage_healed":0,"gold_gain":275,"player_choice":"Desecrate","damage_taken":0,"max_hp_gain":0,"max_hp_loss":0,"event_name":"Golden Shrine","floor":19,"gold_loss":0,"cards_obtained":["Regret"]},{"cards_removed":["Strike_G"],"damage_healed":0,"gold_gain":0,"player_choice":"Purged","damage_taken":0,"max_hp_gain":0,"max_hp_loss":0,"event_name":"Purifier","floor":30,"gold_loss":0},{"damage_healed":0,"gold_gain":0,"player_choice":"Memory 1","damage_taken":0,"max_hp_gain":0,"max_hp_loss":0,"event_name":"SensoryStone","floor":39,"gold_loss":0}],"is_beta":false,"boss_relics":[{"not_picked":["reliquary:RedCape","Pandora\u0027s Box"],"picked":"reliquary:WritOfMandamus"},{"not_picked":["aspiration:PoetsPen_weak","aspiration:SecretTechniqueScroll"],"picked":"WristBlade"}],"items_purged_floors":[22,28,46],"is_endless":false,"potions_floor_spawned":[7,10,12,13,14,16,21,24,31,41,44,48],"ascension_level":10}}