{"host":"rspt8ghchagqewrq","time":1613147771,"event":{"mods":["AchievementEnabler","BaseMod","Colored Map","Colored Powertips","Minty Spire (QoL Compilation)","Quick Restart"],"gold_per_floor":[109,109,35,51,51,95,270,284,329,343,343,343,343],"floor_reached":12,"language":"FRA","playtime":502,"items_purged":[],"score":86,"play_id":"cf3d3964-99a4-4f97-84f9-f6e2061385e6","local_time":"20210212173611","is_ascension_mode":true,"campfire_choices":[{"data":"Demon Form","floor":11,"key":"SMITH"}],"circlet_count":0,"master_deck":["Strike_R","Strike_R","Strike_R","Strike_R+1","Strike_R","Defend_R","Defend_R","Defend_R","Defend_R","Bash","Demon Form+1","Ghostly Armor+1","Flex","Anger","Anger","Injury","Flex","Doubt","Headbutt","Clash"],"relics":["Burning Blood","Golden Idol","Boot","Smiling Mask"],"acts_visited":["Exordium"],"potions_floor_usage":[8,10],"damage_taken":[{"damage":8,"enemies":"Jaw Worm","floor":1,"turns":4},{"damage":1,"enemies":"2 Louse","floor":4,"turns":2},{"damage":31,"enemies":"Gremlin Nob","floor":6,"turns":5},{"damage":1,"enemies":"Cultist","floor":8,"turns":3},{"damage":23,"enemies":"Gremlin Gang","floor":10,"turns":7},{"damage":31,"enemies":"Lagavulin","floor":12,"turns":5}],"seed_played":"2182797239828223098","potions_obtained":[{"floor":1,"key":"AttackPotion"},{"floor":4,"key":"LiquidMemories"},{"floor":8,"key":"Dexterity Potion"}],"is_trial":false,"path_per_floor":["M","?","$","M","?","E","?","M","T","M","R","E"],"character_chosen":"IRONCLAD","items_purchased":["Flex","Anger"],"campfire_rested":0,"item_purchase_floors":[3,3],"current_hp_per_floor":[78,62,62,67,67,42,42,47,47,30,30,0,0],"gold":343,"neow_bonus":"ONE_RANDOM_RARE_CARD","is_daily":false,"chose_seed":false,"campfire_upgraded":1,"win_rate":0.0,"timestamp":1613147771,"path_taken":["M","?","$","M","?","E","?","M","T","M","R","E"],"items_purchased_type":["Card","Card"],"build_version":"2020-12-22","purchased_purges":0,"victory":false,"max_hp_per_floor":[80,80,80,80,80,80,80,80,80,80,80,80,80],"card_choices":[{"not_picked":["Hemokinesis","True Grit"],"picked":"Ghostly Armor","floor":1},{"not_picked":["Armaments","Reckless Charge"],"picked":"Anger","floor":4},{"not_picked":["Shrug It Off","Juggernaut"],"picked":"Flex","floor":6},{"not_picked":["Perfected Strike","Wild Strike"],"picked":"Headbutt","floor":8},{"not_picked":["Thunderclap","Body Slam"],"picked":"Clash","floor":10}],"player_experience":85495,"relics_obtained":[{"floor":6,"key":"Boot"},{"floor":9,"key":"Smiling Mask"}],"event_choices":[{"damage_healed":0,"gold_gain":0,"player_choice":"Entered Light","damage_taken":16,"max_hp_gain":0,"max_hp_loss":0,"event_name":"Shining Light","floor":2,"gold_loss":0,"cards_upgraded":["Ghostly Armor","Strike_R"]},{"damage_healed":0,"gold_gain":0,"player_choice":"Take Wound","damage_taken":0,"relics_obtained":["Golden Idol"],"max_hp_gain":0,"max_hp_loss":0,"event_name":"Golden Idol","floor":5,"gold_loss":0,"cards_obtained":["Injury"]},{"damage_healed":0,"gold_gain":175,"player_choice":"AGREE","damage_taken":0,"max_hp_gain":0,"max_hp_loss":0,"event_name":"Liars Game","floor":7,"gold_loss":0,"cards_obtained":["Doubt"]}],"is_beta":false,"boss_relics":[],"items_purged_floors":[],"is_endless":false,"potions_floor_spawned":[1,4,8],"killed_by":"Lagavulin","ascension_level":2}}