{"host":"0mk07bycsqo1qk03","time":1613149274,"event":{"mods":["BaseMod","Downfall","Hermit","Hubris","Minty Spire (QoL Compilation)","Reliquary","Replay The Spire","StSLib","The Cursed"],"gold_per_floor":[117,117,117,117,137,170,170,183,238,238,279,279,279],"floor_reached":12,"language":"ENG","playtime":263,"items_purged":[],"score":114,"play_id":"8531a199-d12c-48f3-a188-a365040ece86","local_time":"20210212180114","is_ascension_mode":true,"campfire_choices":[{"data":"Survey Options","floor":7,"key":"SMITH"},{"data":"Blind","floor":10,"key":"SMITH"}],"circlet_count":0,"master_deck":["AscendersBane","Strike_B","Strike_B","Strike_B","Strike_B","Defend_B","Defend_B","Defend_B","Defend_B+1","Zap","Dualcast+1","Survey Options+1","Tempest","Zap","Blind+1","Core Surge","Hologram","Barrage","ReplayTheSpireMod:Splinters","Leap"],"relics":["Cracked Core","ReplayTheSpireMod:Lightbulb","reliquary:TuningFork","Nunchaku"],"acts_visited":["Exordium"],"potions_floor_usage":[12],"damage_taken":[{"damage":5,"enemies":"Small Slimes","floor":1,"turns":3},{"damage":0,"enemies":"2 Louse","floor":5,"turns":2},{"damage":24,"enemies":"Lagavulin","floor":6,"turns":9},{"damage":0,"enemies":"Jaw Worm","floor":8,"turns":2},{"damage":30,"enemies":"Gremlin Nob","floor":12,"turns":4}],"seed_played":"-775684803500880974","potions_obtained":[{"floor":8,"key":"FocusPotion"},{"floor":11,"key":"SneckoOil"}],"is_trial":false,"path_per_floor":["M","?","?","?","M","E","R","M","T","R","?","E"],"character_chosen":"DEFECT","items_purchased":[],"campfire_rested":0,"item_purchase_floors":[],"current_hp_per_floor":[63,48,48,48,48,24,24,24,24,24,24,0,0],"gold":279,"neow_bonus":"RANDOM_COLORLESS","is_daily":false,"chose_seed":false,"campfire_upgraded":2,"win_rate":0.0,"timestamp":1613149274,"path_taken":["M","?","?","?","M","E","R","?","T","R","?","E"],"items_purchased_type":[],"build_version":"2020-12-22","purchased_purges":0,"victory":false,"max_hp_per_floor":[75,75,75,75,75,75,75,75,75,75,75,75,75],"card_choices":[{"not_picked":["ReplayTheSpireMod:Trickstab","Flash of Steel"],"picked":"Survey Options","floor":0},{"not_picked":["Melter","Sweeping Beam"],"picked":"Tempest","floor":1},{"not_picked":["Static Discharge","Sweeping Beam"],"picked":"Hologram","floor":5},{"not_picked":["Meteor Strike","Sweeping Beam"],"picked":"Barrage","floor":6},{"not_picked":["Stack","Streamline","Chaos"],"picked":"SKIP","floor":8},{"not_picked":["Turbo","Heatsinks"],"picked":"Leap","floor":11}],"player_experience":1047533,"relics_obtained":[{"floor":6,"key":"ReplayTheSpireMod:Lightbulb"},{"floor":9,"key":"reliquary:TuningFork"},{"floor":11,"key":"Nunchaku"}],"event_choices":[{"damage_healed":0,"gold_gain":0,"player_choice":"Entered Light","damage_taken":15,"max_hp_gain":0,"max_hp_loss":0,"event_name":"Shining Light","floor":2,"gold_loss":0,"cards_upgraded":["Defend_B","Dualcast"]},{"damage_healed":0,"gold_gain":0,"player_choice":"Ignored","damage_taken":0,"max_hp_gain":0,"max_hp_loss":0,"event_name":"Liars Game","floor":3,"gold_loss":0},{"damage_healed":0,"gold_gain":0,"player_choice":"3 cards matched","damage_taken":0,"max_hp_gain":0,"max_hp_loss":0,"event_name":"Match and Keep!","floor":4,"gold_loss":0,"cards_obtained":["Zap","Blind","Core Surge"]}],"is_beta":false,"boss_relics":[],"items_purged_floors":[],"is_endless":false,"potions_floor_spawned":[8],"killed_by":"Gremlin Nob","ascension_level":10}}