{"host":"d73an99q9oevilk5","time":1613143938,"event":{"mods":["2.2 Compatiblity","AchievementEnabler","Act Like it!","Aspiration","BaseMod","Beaked The Cultist","Better Third Choice","BetterRewards","Colored Map","Colored Powertips","Conspire","Downfall","GifTheSpireLib","GungeonMod","Halation","Hubris","Infinite Spire","Marisa????????","Mimic Mod","Minty Spire (QoL Compilation)","Quick Restart","Relic Sorter","Reliquary","Replay The Spire","Shop Mod","Spikes Relics","StSLib","Stuff the Spire","The Bug Knight","The Cursed","The Jungle","The Necromancer","The Saiyan","Waifu the Spire","egg","slay the spire mod where everything is the same but ironclad has a cowboy hat"],"gold_per_floor":[111,131,306,316,266,266,300,313,313,198,211,130,158,175,175,279,279,293,293,293,310,328,328,328],"floor_reached":23,"language":"ENG","playtime":809,"items_purged":[],"score":303,"play_id":"5dc32d35-9c04-4d07-acb9-00d63372770b","local_time":"20210212083218","is_ascension_mode":false,"campfire_choices":[{"data":"Apotheosis","floor":6.0,"key":"SMITH"},{"data":"beaked:FeelMyPain","floor":15.0,"key":"SMITH"}],"circlet_count":0,"master_deck":["beaked:Strike_Y","beaked:Strike_Y","beaked:Strike_Y","beaked:Strike_Y","beaked:Strike_Y","beaked:Defend_Y","beaked:Defend_Y","beaked:Defend_Y","beaked:Defend_Y","beaked:Ceremony","beaked:Ceremony","beaked:Ceremony","Apotheosis+1","beaked:FeelMyPain+1","beaked:ScreechingChant","beaked:Foresight","beaked:WarriorSpirit","beaked:Brace","Mayhem+1","beaked:CrazyRituals+1","beaked:Devastation+1","beaked:Pecker","ReplayTheSpireMod:RavenHex+1"],"relics":["beaked:MendingPlumage","StuffTheSpire:GrapeVine","halation:BlackBeret","MealTicket","Chameleon Ring","DemoMod:GnawedKey","Omamori","Astrolabe","theJungle:WildStrawberry"],"acts_visited":["Exordium","Exordium"],"potions_floor_usage":[],"damage_taken":[{"damage":2.0,"enemies":"2 Louse","floor":1.0,"turns":5.0},{"damage":12.0,"enemies":"Jaw Worm","floor":2.0,"turns":5.0},{"damage":24.0,"enemies":"Cultist","floor":4.0,"turns":6.0},{"damage":22.0,"enemies":"Replay:BlueRogue","floor":7.0,"turns":4.0},{"damage":15.0,"enemies":"Exordium Wildlife","floor":8.0,"turns":5.0},{"damage":23.0,"enemies":"Blue Slaver","floor":11.0,"turns":3.0},{"damage":32.0,"enemies":"HollowMod:MossKnight","floor":13.0,"turns":5.0},{"damage":4.0,"enemies":"Looter","floor":14.0,"turns":3.0},{"damage":16.0,"enemies":"Slime Boss","floor":16.0,"turns":8.0},{"damage":23.0,"enemies":"theJungle:MUSHROOMGANG","floor":18.0,"turns":6.0},{"damage":25.0,"enemies":"theJungle:5_Spyders","floor":21.0,"turns":8.0},{"damage":50.0,"enemies":"theJungle:2_Flameangoes","floor":22.0,"turns":6.0},{"damage":27,"enemies":"theJungle:MamaSnecko","floor":23,"turns":4}],"seed_played":"-4125862029199795668","potions_obtained":[{"floor":2.0,"key":"PowerPotion"},{"floor":4.0,"key":"Swift Potion"},{"floor":8.0,"key":"champ:CounterPotion"},{"floor":18.0,"key":"LiquidBronze"}],"is_trial":false,"path_per_floor":["M","M","?","M","?","R","E","M","T","$","M","$","E","M","R","B",null,"M","?","?","M","M","E"],"character_chosen":"BEAKED_THE_CULTIST","items_purchased":["StuffTheSpire:GrapeVine","Apotheosis","DemoMod:GnawedKey","Discovery"],"campfire_rested":0,"item_purchase_floors":[0,0,10,12],"current_hp_per_floor":[50,48,48,33,33,33,21,19,19,34,20,35,22,26,26,33,50,45,38,38,40,8,0,0],"gold":328,"neow_bonus":"","is_daily":false,"chose_seed":false,"campfire_upgraded":2,"win_rate":0.0,"timestamp":1613143938,"path_taken":["M","M","?","M","?","R","E","M","T","$","M","?","E","?","R","BOSS","M","?","?","M","?","E"],"items_purchased_type":["Relic","Card","Relic","Card"],"build_version":"2020-12-22","purchased_purges":0,"victory":false,"max_hp_per_floor":[50,50,50,50,50,50,50,50,50,50,50,50,50,50,50,50,50,50,57,57,57,57,57,57],"card_choices":[{"not_picked":["beaked:Daydream","beaked:BarbedWire","beaked:DigDeeper"],"picked":"SKIP","floor":1.0},{"not_picked":["beaked:MaddeningMurmurs","beaked:Redirect"],"picked":"beaked:FeelMyPain","floor":2.0},{"not_picked":["beaked:Redirect","beaked:Poke","beaked:Flinch"],"picked":"SKIP","floor":4.0},{"not_picked":["beaked:SurvivalInstinct","beaked:Tradeoff","beaked:BarbedWire"],"picked":"SKIP","floor":7.0},{"not_picked":["beaked:BraceForImpact","beaked:Daydream"],"picked":"beaked:ScreechingChant","floor":8.0},{"not_picked":["beaked:Hexing","beaked:Windmill"],"picked":"beaked:Foresight","floor":11.0},{"not_picked":["beaked:StunningBlow","beaked:RuinSticks"],"picked":"beaked:WarriorSpirit","floor":13.0},{"not_picked":["beaked:DigDeeper","beaked:Insight"],"picked":"beaked:Brace","floor":14.0},{"not_picked":["beaked:FakeOut","beaked:VolatileMisfortune"],"picked":"beaked:LiftOff","floor":16.0},{"not_picked":["beaked:Poke+1","beaked:Brace","beaked:Flinch"],"picked":"SKIP","floor":18.0},{"not_picked":["beaked:Windmill","beaked:VolatileMisfortune"],"picked":"beaked:Pecker","floor":21.0},{"not_picked":["beaked:Brace","beaked:RitualOfBody"],"picked":"ReplayTheSpireMod:RavenHex+1","floor":22.0}],"player_experience":1904357,"relics_obtained":[{"floor":7.0,"key":"MealTicket"},{"floor":9.0,"key":"Chameleon Ring"},{"floor":13.0,"key":"Omamori"}],"event_choices":[{"damage_healed":0.0,"max_hp_gain":0.0,"max_hp_loss":0.0,"gold_gain":175.0,"event_name":"betterThird:BetterSerpent","player_choice":"AGREE","floor":3.0,"gold_loss":0.0,"damage_taken":131.0},{"cards_removed":["Doubt"],"damage_healed":0.0,"max_hp_gain":0.0,"max_hp_loss":0.0,"gold_gain":0.0,"event_name":"The Cleric","player_choice":"Card Removal","floor":5.0,"gold_loss":50.0,"damage_taken":0.0},{"damage_healed":0.0,"max_hp_gain":0.0,"max_hp_loss":0.0,"gold_gain":0.0,"event_name":"The Woman in Blue","player_choice":"Bought 0 Potions","floor":20.0,"gold_loss":0.0,"damage_taken":0.0}],"is_beta":false,"boss_relics":[{"not_picked":["hubris:RunicObelisk","conspire:RunicOctahedron"],"picked":"Astrolabe"}],"items_purged_floors":[],"is_endless":false,"potions_floor_spawned":[2,4,8,14,16,18],"killed_by":"theJungle:MamaSnecko","ascension_level":0}}