{"host":"57rytaa21d5yl0hy","time":1613126962,"event":{"mods":["Act Like it!","BaseMod","Challenge The Spire","Friendly Minions","Gensokyo","Infinite Spire","KinomotoSakuraMod(木之本樱)","Kiyohime（清姬）","Lobotomy","LobotomyExtend","Minty Spire (QoL Compilation)","Poem Panic","Replay The Spire","RumiaBox-露米娅的神秘盒子","StSLib","The Senshi","Waifu the Spire","Yuri Mod"],"gold_per_floor":[114,114,114,62,89,89,135,135,135,135,201,288,56,109,109,265,265,335,335,40,40,40,40,53,53,104,174,0,0,0,0,0,166,166,203,203,203,203,203,285,345,425,462,506,570,582,604,632,644,671,683],"floor_reached":52,"language":"ZHS","playtime":2203,"items_purged":[],"score":1223,"play_id":"33c98087-9ac7-495e-a401-4878aa0227bd","local_time":"20210212184922","is_ascension_mode":true,"campfire_choices":[{"data":"yuri:StealPen","floor":6,"key":"SMITH"},{"floor":8,"key":"REST"},{"floor":15,"key":"REST"},{"data":"Gensokyo:TurboGranny","floor":23,"key":"SMITH"},{"data":"yuri:BookGreen","floor":25,"key":"SMITH"},{"floor":32,"key":"REST"},{"floor":46,"key":"REST"},{"floor":49,"key":"REST"}],"circlet_count":0,"master_deck":["yuri:yuriStrike","yuri:yuriStrike","yuri:yuriStrike","yuri:yuriStrike","yuri:yuriStrike","yuri:yuriDefend","yuri:yuriDefend","yuri:yuriDefend","yuri:yuriDefend","yuri:yuriDefend","yuri:Oolong","yuri:yuriStab","yuri:WickedSlash+1","yuri:UntestedCode+1","yuri:StealPen+1","yuri:StealPen","yuri:HeavierStrike","yuri:BookGreen+1","yuri:SelfHarm","yuri:NoEscape","yuri:Skip","yuri:HeavierStrike","Gensokyo:TurboGranny+1","yuri:yuriQuickStrike","yuri:ArmBrace","yuri:DragonForm","yuri:BookGreen+1","yuri:HeavierStrike","Gensokyo:Taser","yuri:Stalk+1","yuri:ThrowingKnives+1","yuri:HeavierStrike+1","yuri:BookGreen"],"relics":["yuri:yuriKnife","RabbitCall","Baka","LetterFromLob","yuri:PortableGlitches","SSSystem","Gremlin Horn","infinitespire:EmpoweringShard","Blue Doll","ChewingGum","Gensokyo:ConquerorOfFear","infinitespire:WardingShard","Gensokyo:ChorusOfJoy","Juzu Bracelet","Simple Rune","yuri:BookOfBooks","MawBank","Pen Nib","Strawberry","PreservedInsect"],"acts_visited":["Exordium","Gensokyo:Gensokyoer","Gensokyo:Gensokyoest"],"potions_floor_usage":[16,16,50,50,50],"damage_taken":[{"damage":7,"enemies":"Jaw Worm","floor":1,"turns":3},{"damage":4,"enemies":"Cultist","floor":5,"turns":3},{"damage":42,"enemies":"Gremlin Nob","floor":7,"turns":4},{"damage":4,"enemies":"Small Slimes","floor":11,"turns":2},{"damage":24,"enemies":"3 Sentries","floor":12,"turns":4},{"damage":15,"enemies":"Blue Slaver","floor":14,"turns":3},{"damage":15,"enemies":"Slime Boss","floor":16,"turns":4},{"damage":5,"enemies":"Gensokyo:3_Dogs","floor":18,"turns":4},{"damage":15,"enemies":"Gensokyo:AngelMirror","floor":24,"turns":3},{"damage":16,"enemies":"Gensokyo:Reisen","floor":27,"turns":4},{"damage":22,"enemies":"Gensokyo:Eiki","floor":33,"turns":3},{"damage":0,"enemies":"Gensokyo:3_Boulders","floor":35,"turns":3},{"damage":21,"enemies":"Gensokyo:Doremy","floor":40,"turns":6},{"damage":6,"enemies":"Gensokyo:3_Bats","floor":41,"turns":2},{"damage":40,"enemies":"Gensokyo:Kasen","floor":42,"turns":4},{"damage":0,"enemies":"Gensokyo:Rafflesia","floor":44,"turns":4},{"damage":21,"enemies":"Gensokyo:3_Boulders","floor":47,"turns":4},{"damage":4,"enemies":"Gensokyo:4_Bats","floor":48,"turns":2},{"damage":20,"enemies":"Gensokyo:Scarlet_Devils","floor":50,"turns":6}],"seed_played":"-2475874109884151978","potions_obtained":[{"floor":7,"key":"Elixir"},{"floor":12,"key":"Venom Potion"},{"floor":14,"key":"SpeedPotion"},{"floor":27,"key":"SteroidPotion"},{"floor":33,"key":"SkillPotion"},{"floor":35,"key":"Elixir"},{"floor":48,"key":"ColorlessPotion"}],"is_trial":false,"path_per_floor":["M","?","?","$","M","R","E","R","T","M","M","E","$","M","R","B",null,"M","?","$","?","?","R","M","R","T","E","?","COS","?","AVR","R","B",null,"M","?","?","?","?","E","M","E","T","M","T","R","M","M","R","B",null,null],"character_chosen":"YURI","items_purchased":["yuri:WickedSlash","Blue Doll","yuri:HeavierStrike","yuri:BookGreen","infinitespire:WardingShard","yuri:HeavierStrike"],"campfire_rested":5,"item_purchase_floors":[4,13,13,13,20,20],"current_hp_per_floor":[69,69,57,57,57,57,19,43,43,43,43,23,23,8,32,21,65,67,67,67,67,67,67,52,52,52,36,36,36,36,36,57,41,64,72,72,72,72,72,58,52,16,23,27,27,51,34,30,54,38,38],"gold":695,"neow_bonus":"","is_daily":false,"chose_seed":false,"campfire_upgraded":3,"win_rate":0.0,"timestamp":1613126962,"path_taken":["M","?","?","$","?","R","E","R","T","?","M","E","$","M","R","BOSS","M","?","?","?","?","R","M","R","T","E","?","COS","?","AVR","R","BOSS","M","?","?","?","?","E","M","E","T","M","?","R","M","M","R","BOSS"],"items_purchased_type":["Card","Relic","Card","Card","Relic","Card"],"build_version":"2020-12-22","purchased_purges":0,"victory":true,"max_hp_per_floor":[80,80,80,80,80,80,80,80,80,80,80,80,80,80,80,80,80,80,80,80,80,72,72,72,72,72,72,72,72,72,72,72,72,72,72,72,72,72,72,75,75,75,82,82,82,82,82,82,82,82,82],"card_choices":[{"not_picked":["yuri:ThrowBook","yuri:Stalk"],"picked":"yuri:StealPen","floor":1},{"not_picked":["yuri:yuriQuickStrike","yuri:Stalk"],"picked":"yuri:UntestedCode","floor":5},{"not_picked":["yuri:MultiDip","yuri:CalmingAura"],"picked":"yuri:StealPen","floor":7},{"not_picked":["yuri:GlitchedStrike","yuri:MPose"],"picked":"yuri:StealPen","floor":11},{"not_picked":["yuri:DebugCard","yuri:CorruptHitbox","yuri:GlitchRemove"],"picked":"SKIP","floor":12},{"not_picked":["yuri:InduceGlitch","yuri:DejaVu"],"picked":"yuri:SelfHarm","floor":14},{"not_picked":["yuri:DragonForm","yuri:ExploitStrike"],"picked":"yuri:NoEscape","floor":16},{"not_picked":["yuri:GlitchedStrike","yuri:InsanityDefense"],"picked":"yuri:Skip","floor":18},{"not_picked":["Gensokyo:Doppelganger","Gensokyo:EightFeetTall"],"picked":"Gensokyo:TurboGranny","floor":22},{"not_picked":["yuri:CorruptHitbox","yuri:Skip"],"picked":"yuri:yuriQuickStrike","floor":24},{"not_picked":["yuri:DebugCard","yuri:Skip+1"],"picked":"yuri:ArmBrace","floor":27},{"not_picked":["yuri:RemoveSafetyChecks","yuri:Suicide"],"picked":"yuri:DragonForm","floor":33},{"not_picked":["yuri:BookRed+1","yuri:BookBlue+1","yuri:BookPurple+1"],"picked":"yuri:BookGreen+1","floor":34},{"not_picked":["yuri:Skip+1","yuri:Spin+1"],"picked":"yuri:HeavierStrike","floor":35},{"not_picked":["yuri:ThornRemove+1","yuri:ThrowBook+1"],"picked":"yuri:Stalk+1","floor":40},{"not_picked":["yuri:Parry","yuri:DejaVu"],"picked":"yuri:ThrowingKnives+1","floor":41},{"not_picked":["yuri:ExploitStrike","yuri:ThornRemove"],"picked":"yuri:HeavierStrike+1","floor":42},{"not_picked":["yuri:StealPen","yuri:UnstableStrike","yuri:ReloadGame+1"],"picked":"SKIP","floor":44},{"not_picked":["yuri:DejaVu","yuri:DebugCard"],"picked":"yuri:BookGreen","floor":47},{"not_picked":["yuri:NerfBat+1","yuri:ThrowBook","yuri:Spin+1"],"picked":"SKIP","floor":48}],"player_experience":320622,"relics_obtained":[{"floor":1,"key":"Baka"},{"floor":1,"key":"LetterFromLob"},{"floor":7,"key":"SSSystem"},{"floor":9,"key":"Gremlin Horn"},{"floor":12,"key":"infinitespire:EmpoweringShard"},{"floor":24,"key":"Gensokyo:ConquerorOfFear"},{"floor":26,"key":"Juzu Bracelet"},{"floor":27,"key":"Simple Rune"},{"floor":40,"key":"MawBank"},{"floor":42,"key":"Pen Nib"},{"floor":43,"key":"Strawberry"},{"floor":45,"key":"PreservedInsect"}],"event_choices":[{"damage_healed":0,"gold_gain":0,"player_choice":"Success","damage_taken":12,"relics_obtained":["yuri:PortableGlitches"],"max_hp_gain":0,"max_hp_loss":0,"event_name":"Scrap Ooze","floor":3,"gold_loss":0}],"is_beta":false,"boss_relics":[{"not_picked":["Runic Dome","infinitespire:Cupcake"],"picked":"ChewingGum"},{"not_picked":["Honey Jar","Tiny House"],"picked":"yuri:BookOfBooks"}],"items_purged_floors":[],"is_endless":false,"potions_floor_spawned":[7,12,14,27,33,35,47,48],"ascension_level":8}}