{"host":"dw0lfiijjtrmelew","time":1613153559,"event":{"mods":["BaseMod","Hermit","Minty Spire (QoL Compilation)","Relic Stats","StSLib"],"gold_per_floor":[110,128,138,138,138,138,172,188,256,267,62,62,81,96,96,96,96],"floor_reached":16,"language":"ENG","playtime":650,"items_purged":[],"score":151,"play_id":"d7cc967c-a869-445c-bf94-be7391e0e7d1","local_time":"20210212121239","is_ascension_mode":true,"campfire_choices":[{"data":"hermit:CursedWeapon","floor":6,"key":"SMITH"},{"floor":12,"key":"REST"},{"data":"hermit:FlashPowder","floor":15,"key":"SMITH"}],"circlet_count":0,"master_deck":["hermit:Strike_Hermit","hermit:Strike_Hermit","hermit:Strike_Hermit","hermit:Strike_Hermit","hermit:Defend_Hermit","hermit:Defend_Hermit","hermit:Defend_Hermit","hermit:Defend_Hermit","hermit:Snapshot","hermit:Covet","hermit:Showdown","hermit:CursedWeapon+1","hermit:FlashPowder+1","hermit:BodyArmor","hermit:GoldenBullet"],"relics":["hermit:Momento","Ice Cream","Matryoshka","Nunchaku"],"acts_visited":["Exordium"],"potions_floor_usage":[7,16],"damage_taken":[{"damage":4,"enemies":"Jaw Worm","floor":1,"turns":4},{"damage":1,"enemies":"Cultist","floor":2,"turns":3},{"damage":5,"enemies":"Small Slimes","floor":3,"turns":3},{"damage":25,"enemies":"Gremlin Nob","floor":7,"turns":4},{"damage":23,"enemies":"Exordium Thugs","floor":8,"turns":5},{"damage":7,"enemies":"Lots of Slimes","floor":10,"turns":4},{"damage":3,"enemies":"Gremlin Gang","floor":13,"turns":4},{"damage":2,"enemies":"Looter","floor":14,"turns":3},{"damage":16,"enemies":"Hexaghost","floor":16,"turns":11}],"seed_played":"17683337155770082","potions_obtained":[{"floor":1,"key":"DistilledChaos"},{"floor":3,"key":"Weak Potion"},{"floor":7,"key":"Dexterity Potion"},{"floor":14,"key":"CultistPotion"}],"is_trial":false,"path_per_floor":["M","M","M","$","?","R","E","M","T","M","$","R","M","M","R","B"],"character_chosen":"HERMIT","items_purchased":["hermit:BodyArmor","Nunchaku"],"campfire_rested":1,"item_purchase_floors":[11,11],"current_hp_per_floor":[71,70,65,65,57,57,32,9,9,2,2,26,23,21,21,5,5],"gold":96,"neow_bonus":"TEN_PERCENT_HP_BONUS","is_daily":false,"chose_seed":false,"campfire_upgraded":2,"win_rate":0.0,"timestamp":1613153559,"path_taken":["M","M","M","$","?","R","E","M","T","M","$","R","?","M","R","BOSS"],"items_purchased_type":["Card","Relic"],"build_version":"2020-12-22","purchased_purges":0,"victory":false,"max_hp_per_floor":[82,82,82,82,82,82,82,82,82,82,82,82,82,82,82,82,82],"relic_stats":{"Nunchaku":[4],"counters":[9,41],"obtain_stats":[{"Ice Cream":7,"Nunchaku":11,"Matryoshka":9,"hermit:Momento":0},{"Ice Cream":4,"Nunchaku":6,"Matryoshka":5,"hermit:Momento":0},{"Ice Cream":14,"Nunchaku":23,"Matryoshka":19,"hermit:Momento":0}]},"card_choices":[{"not_picked":["hermit:DeadMansHand","hermit:Enervate"],"picked":"hermit:Showdown","floor":1},{"not_picked":["hermit:BodyArmor","hermit:TakeCover"],"picked":"hermit:CursedWeapon","floor":2},{"not_picked":["hermit:ItchyTrigger","hermit:HoleUp","hermit:Enervate"],"picked":"SKIP","floor":3},{"not_picked":["hermit:Enervate","hermit:TrackingShot","hermit:WideOpen"],"picked":"SKIP","floor":7},{"not_picked":["hermit:Horror","hermit:Deadeye"],"picked":"hermit:FlashPowder","floor":8},{"not_picked":["hermit:Grudge","hermit:ShadowCloak","hermit:Roulette"],"picked":"SKIP","floor":10},{"not_picked":["hermit:Malice","hermit:Combo","hermit:CalledShot"],"picked":"SKIP","floor":13},{"not_picked":["hermit:Desperado","hermit:Manifest"],"picked":"hermit:GoldenBullet","floor":14}],"player_experience":1347159,"relics_obtained":[{"floor":7,"key":"Ice Cream"},{"floor":9,"key":"Matryoshka"}],"event_choices":[{"damage_healed":0,"gold_gain":0,"player_choice":"Damaged","damage_taken":8,"max_hp_gain":0,"max_hp_loss":0,"event_name":"Wheel of Change","floor":5,"gold_loss":0}],"is_beta":false,"boss_relics":[],"items_purged_floors":[],"is_endless":false,"potions_floor_spawned":[1,3,7,14],"killed_by":"Hexaghost","ascension_level":9}}