{"host":"J","time":1613155765,"event":{"mods":["BaseMod","Minty Spire (QoL Compilation)","Reliquary","StSLib","The Marked"],"gold_per_floor":[109,129,129,54,54,54,95,95,119,162,175,175,175,35,35,166,166,187,210,210,210],"floor_reached":20,"language":"ENG","playtime":707,"items_purged":["theMarked:Strike","theMarked:Strike"],"score":189,"play_id":"bca9308e-75bb-4507-b01b-ae0acf5486a4","local_time":"20210212194925","is_ascension_mode":true,"campfire_choices":[{"data":"theMarked:SoldierOfQuellstein","floor":6.0,"key":"SMITH"},{"data":"theMarked:EmpowerWeapon","floor":8.0,"key":"SMITH"},{"data":"theMarked:SwordAndMagic","floor":12.0,"key":"SMITH"},{"data":"theMarked:SelfDefenseTraining","floor":15.0,"key":"SMITH"}],"circlet_count":0,"master_deck":["theMarked:Strike","theMarked:Strike","theMarked:Strike","theMarked:Defend","theMarked:Defend","theMarked:Defend","theMarked:Defend","theMarked:SoldierOfQuellstein+1","theMarked:SwordAndMagic+1","theMarked:EmpowerWeapon+1","theMarked:Standoff","theMarked:SelfDefenseTraining+1","theMarked:Challenge","theMarked:KeepCalmAndFight"],"relics":["theMarked:ArtifactOfAir","Golden Idol","Gremlin Horn","reliquary:PartyBalloon","Dead Branch","SlaversCollar"],"acts_visited":["Exordium","TheCity"],"potions_floor_usage":[],"damage_taken":[{"damage":0.0,"enemies":"2 Louse","floor":1.0,"turns":2.0},{"damage":0.0,"enemies":"Small Slimes","floor":2.0,"turns":3.0},{"damage":26.0,"enemies":"Lagavulin","floor":7.0,"turns":5.0},{"damage":9.0,"enemies":"3 Sentries","floor":10.0,"turns":5.0},{"damage":1.0,"enemies":"Cultist","floor":11.0,"turns":3.0},{"damage":35.0,"enemies":"Hexaghost","floor":16.0,"turns":9.0},{"damage":32,"enemies":"3 Byrds","floor":18,"turns":10},{"damage":5,"enemies":"Shell Parasite","floor":19,"turns":6},{"damage":30,"enemies":"Sentry and Sphere","floor":20,"turns":6}],"seed_played":"3358643005902698935","potions_obtained":[{"floor":0.0,"key":"PowerPotion"},{"floor":0.0,"key":"theMarked:SummonPotion"},{"floor":0.0,"key":"FearPotion"},{"floor":1.0,"key":"FearPotion"},{"floor":11.0,"key":"SkillPotion"}],"is_trial":false,"path_per_floor":["M","M","?","$","?","R","E","R","T","E","M","R","?","$","R","B",null,"M","M","M"],"character_chosen":"THE_DEFAULT","items_purchased":["theMarked:SelfDefenseTraining"],"campfire_rested":0,"item_purchase_floors":[14],"current_hp_per_floor":[70,70,65,65,65,65,39,39,39,30,29,29,50,50,50,15,65,33,28,0,0],"gold":210,"neow_bonus":"THREE_SMALL_POTIONS","is_daily":false,"chose_seed":false,"campfire_upgraded":4,"win_rate":0.0,"timestamp":1613155765,"path_taken":["M","M","?","$","?","R","E","R","T","E","?","R","?","$","R","BOSS","M","M","M"],"items_purchased_type":["Card"],"build_version":"2020-12-18","purchased_purges":2,"victory":false,"max_hp_per_floor":[70,70,65,65,65,65,65,65,65,65,65,65,65,65,65,65,65,65,65,65,65],"card_choices":[{"not_picked":["theMarked:Convert","theMarked:OneWithTheBlade"],"picked":"theMarked:SwordAndMagic","floor":1.0},{"not_picked":["theMarked:Aftermath","theMarked:SwordAndMagic","theMarked:Polarize"],"picked":"SKIP","floor":2.0},{"not_picked":["theMarked:WardOff","theMarked:Frustration"],"picked":"theMarked:EmpowerWeapon","floor":7.0},{"not_picked":["theMarked:ContemptForTheProud","theMarked:Frustration"],"picked":"theMarked:Standoff","floor":10.0},{"not_picked":["theMarked:Polarize","theMarked:TakeCover","theMarked:ElectricStrings"],"picked":"SKIP","floor":11.0},{"not_picked":["theMarked:MagusForm","theMarked:TurnInvisible"],"picked":"theMarked:Challenge","floor":16.0},{"not_picked":["theMarked:TakeCover+1","theMarked:SwordAndMagic+1","theMarked:WastefulAttack+1"],"picked":"SKIP","floor":18},{"not_picked":["theMarked:WastefulAttack","theMarked:RepellingDischarge"],"picked":"theMarked:KeepCalmAndFight","floor":19}],"player_experience":1255408,"relics_obtained":[{"floor":7.0,"key":"Gremlin Horn"},{"floor":9.0,"key":"reliquary:PartyBalloon"},{"floor":10.0,"key":"Dead Branch"}],"event_choices":[{"damage_healed":0.0,"max_hp_gain":0.0,"max_hp_loss":5.0,"gold_gain":0.0,"event_name":"Golden Idol","player_choice":"Lose Max HP","floor":3.0,"gold_loss":0.0,"damage_taken":0.0,"relics_obtained":["Golden Idol"]},{"damage_healed":0.0,"max_hp_gain":0.0,"max_hp_loss":0.0,"gold_gain":0.0,"event_name":"Lab","player_choice":"Got Potions","floor":5.0,"gold_loss":0.0,"damage_taken":0.0},{"damage_healed":21.0,"max_hp_gain":0.0,"max_hp_loss":0.0,"gold_gain":0.0,"event_name":"Big Fish","player_choice":"Banana","floor":13.0,"gold_loss":0.0,"damage_taken":0.0}],"is_beta":true,"boss_relics":[{"not_picked":["reliquary:KinkedSpring","Snecko Eye"],"picked":"SlaversCollar"}],"items_purged_floors":[4,14],"is_endless":false,"potions_floor_spawned":[1,11],"killed_by":"Sentry and Sphere","ascension_level":1}}