{"host":"xi9hztp74zq5zdao","time":1613105350,"event":{"mods":["2.2 Compatiblity","BaseMod","Beaked The Cultist","Colored Map","Googly Eyes","Minty Spire (QoL Compilation)","Relic Sorter","StSLib","The Construct","The Gatherer","everything is the same but u backflip on backflip"],"gold_per_floor":[117,292,304,304,379,379,410,15,15,42,52,114,176,186,186,291,291,311,236,32,42,54,54,54,15,15,15,15,15,33,33,33,33],"floor_reached":31,"language":"ENG","playtime":1339,"items_purged":["Gatherer:Strike_Gatherer","Gatherer:Strike_Gatherer"],"score":290,"play_id":"7e8e7a5e-9437-4dce-91bc-d44799996b81","local_time":"20210211234910","is_ascension_mode":true,"metric_token":721,"campfire_choices":[{"data":"Mayhem","floor":15,"key":"SMITH"},{"floor":23,"key":"REST"},{"data":"Gatherer:BomberForm","floor":29,"key":"SMITH"}],"circlet_count":0,"master_deck":["Gatherer:Defend_Gatherer","Gatherer:Defend_Gatherer","Gatherer:Defend_Gatherer","Gatherer:Defend_Gatherer","Gatherer:Defend_Gatherer","Gatherer:Centralize","Gatherer:FlowerWhip","Gatherer:EchoOfNature","Gatherer:EchoOfNature","Mayhem+1","Gatherer:FlamingBottle","Gatherer:FlowerPower","Gatherer:Liquidism","Gatherer:BomberForm+1","Gatherer:Convert","Gatherer:HeartToFruit","Gatherer:Snatch+1","Bite","Bite","Bite","Bite","Bite","Gatherer:Duplicator"],"relics":["Gatherer:AlchemyBag","Pen Nib","Turnip","Smiling Mask","Omamori","Nunchaku","StrikeDummy","Shuriken","Calling Bell","Potion Belt","Gremlin Horn","FossilizedHelix","Orichalcum","Lantern"],"acts_visited":["Exordium","TheCity"],"potions_floor_usage":[12,14,16,22,30,30],"damage_taken":[{"damage":1,"enemies":"Cultist","floor":1,"turns":5},{"damage":0,"enemies":"Small Slimes","floor":3,"turns":3},{"damage":21,"enemies":"3 Sentries","floor":7,"turns":12},{"damage":10,"enemies":"Lagavulin","floor":10,"turns":5},{"damage":9,"enemies":"2 Louse","floor":11,"turns":2},{"damage":9,"enemies":"3 Sentries","floor":12,"turns":5},{"damage":0,"enemies":"Looter","floor":14,"turns":2},{"damage":7,"enemies":"The Guardian","floor":16,"turns":10},{"damage":30,"enemies":"Spheric Guardian","floor":18,"turns":6},{"damage":15,"enemies":"3 Byrds","floor":21,"turns":3},{"damage":17,"enemies":"Snecko","floor":22,"turns":6},{"damage":8,"enemies":"Snake Plant","floor":30,"turns":4},{"damage":32,"enemies":"Chosen and Byrds","floor":31,"turns":4}],"seed_played":"-4464359591387059445","potions_obtained":[{"floor":1,"key":"Fire Potion"},{"floor":3,"key":"FearPotion"},{"floor":7,"key":"SkillPotion"},{"floor":16,"key":"AttackPotion"},{"floor":21,"key":"Regen Potion"},{"floor":22,"key":"Block Potion"},{"floor":30,"key":"Fire Potion"}],"is_trial":false,"path_per_floor":["M","?","M","?","?","T","E","$","T","E","M","?","?","M","R","B",null,"M","?","$","M","M","R","?","$","T","?","?","R","M","M"],"character_chosen":"THE_GATHERER","items_purchased":["Mayhem","Omamori","Block Potion","CultistPotion","Gatherer:Duplicator"],"campfire_rested":1,"item_purchase_floors":[8,8,20,20,25],"current_hp_per_floor":[71,71,71,71,60,60,39,39,39,29,20,11,11,11,11,4,72,42,42,42,27,10,31,31,31,31,31,25,25,21,0,0,0],"gold":33,"neow_bonus":"RANDOM_COMMON_RELIC","is_daily":false,"chose_seed":false,"campfire_upgraded":2,"win_rate":0.0,"timestamp":1613105350,"path_taken":["M","?","M","?","?","?","E","$","T","E","?","?","?","M","R","BOSS","M","?","$","M","M","R","?","$","T","?","?","R","M","M"],"items_purchased_type":["Card","Relic","Potion","Potion","Card"],"build_version":"2020-12-22","purchased_purges":2,"victory":false,"max_hp_per_floor":[72,72,72,72,72,72,72,72,72,72,72,72,72,72,72,72,72,72,72,72,72,72,72,50,50,50,50,50,50,50,53,53,53],"card_choices":[{"not_picked":["Gatherer:SaveValuables","Gatherer:AcidicSpray"],"picked":"Gatherer:EchoOfNature","floor":1},{"not_picked":["Gatherer:WoolGloves","Gatherer:Herbalism"],"picked":"Gatherer:EchoOfNature","floor":3},{"not_picked":["Gatherer:Snatch","Gatherer:SealedBomb"],"picked":"Gatherer:Misfortune","floor":7},{"not_picked":["Gatherer:Overflowing","Gatherer:Liquidism"],"picked":"Gatherer:FlamingBottle","floor":10},{"not_picked":["Gatherer:TreeGrowth","Gatherer:EnergyBasket"],"picked":"Gatherer:FlowerPower","floor":11},{"not_picked":["Gatherer:FlowerShield","Gatherer:CollectorsShot"],"picked":"Gatherer:Liquidism","floor":12},{"not_picked":["Gatherer:Frenzy","Gatherer:GatherMaterial","Gatherer:Convert"],"picked":"SKIP","floor":14},{"not_picked":["Gatherer:Bulldoze","Gatherer:FinishingStrike"],"picked":"Gatherer:BomberForm","floor":16},{"not_picked":["Gatherer:ScherryThrow","Gatherer:RottenStipe"],"picked":"Gatherer:Convert","floor":18},{"not_picked":["Gatherer:CarefulStrike","Gatherer:PotentialSlash"],"picked":"Gatherer:HeartToFruit","floor":21},{"not_picked":["Gatherer:DrugPower","Gatherer:TacticalStrike"],"picked":"Gatherer:Snatch+1","floor":22},{"not_picked":["Gatherer:ScherryThrow","Gatherer:DrugPower+1","Gatherer:WoolGloves"],"picked":"SKIP","floor":30}],"player_experience":1263214,"relics_obtained":[{"floor":6,"key":"Turnip"},{"floor":7,"key":"Smiling Mask"},{"floor":9,"key":"Nunchaku"},{"floor":10,"key":"StrikeDummy"},{"floor":12,"key":"Shuriken"},{"floor":17,"key":"Potion Belt"},{"floor":17,"key":"Gremlin Horn"},{"floor":17,"key":"FossilizedHelix"},{"floor":26,"key":"Orichalcum"}],"event_choices":[{"damage_healed":0,"gold_gain":175,"player_choice":"AGREE","damage_taken":0,"max_hp_gain":0,"max_hp_loss":0,"event_name":"Liars Game","floor":2,"gold_loss":0,"cards_obtained":["Doubt"]},{"cards_removed":["Doubt"],"damage_healed":0,"gold_gain":0,"player_choice":"Forget","damage_taken":0,"max_hp_gain":0,"max_hp_loss":0,"event_name":"Living Wall","floor":4,"gold_loss":0},{"damage_healed":0,"gold_gain":75,"player_choice":"Gather Gold","damage_taken":11,"max_hp_gain":0,"max_hp_loss":0,"event_name":"World of Goop","floor":5,"gold_loss":0},{"damage_healed":0,"gold_gain":0,"player_choice":"Searched \u00271\u0027 times","damage_taken":0,"max_hp_gain":0,"max_hp_loss":0,"event_name":"Dead Adventurer","floor":12,"gold_loss":0},{"damage_healed":0,"gold_gain":62,"player_choice":"Gained Gold","damage_taken":0,"max_hp_gain":0,"max_hp_loss":0,"event_name":"Golden Wing","floor":13,"gold_loss":0},{"cards_removed":["Gatherer:Misfortune"],"damage_healed":0,"gold_gain":0,"player_choice":"Gave Gold","damage_taken":0,"max_hp_gain":0,"max_hp_loss":0,"event_name":"Beggar","floor":19,"gold_loss":75},{"damage_healed":0,"gold_gain":0,"player_choice":"Became a vampire","damage_taken":0,"max_hp_gain":0,"max_hp_loss":22,"event_name":"Vampires","floor":24,"gold_loss":0,"cards_obtained":["Bite","Bite","Bite","Bite","Bite"]},{"damage_healed":0,"gold_gain":0,"player_choice":"Stole Relic","damage_taken":0,"relics_obtained":["Lantern"],"max_hp_gain":0,"max_hp_loss":0,"event_name":"Addict","floor":27,"gold_loss":0,"cards_obtained":["Shame"]},{"damage_healed":0,"gold_gain":0,"player_choice":"","damage_taken":6,"max_hp_gain":0,"max_hp_loss":0,"event_name":"Knowing Skull","floor":28,"potions_obtained":[],"gold_loss":0,"cards_obtained":[]}],"is_beta":false,"boss_relics":[{"not_picked":["beaked:MawFillet","Fusion Hammer"],"picked":"Calling Bell"}],"items_purged_floors":[8,20],"is_endless":false,"potions_floor_spawned":[1,3,7,16,21,22,30],"killed_by":"Chosen and Byrds","ascension_level":2}}