{"host":"y1oqg7uy0jc6f5mb","time":1613131964,"event":{"mods":["AchievementEnabler","BaseMod","BetterRewards","Colored Map","Colored Powertips","Displayed Cursed Tome","Downfall","Highlight Path","Minty Spire (QoL Compilation)","Permanent Neow","Quick Restart","Relic Stats","Replay The Spire","Shop Mod","Smile Girya","StSLib"],"gold_per_floor":[199,214,226,226,42,61,84,35,53,38,69,85,85,85,104,207,207,107,125,138,154,39,39,63,13,44,44,44,101,1,1,96,275,275,275,413,220,278,278,330,399,299,346,404,105,105,200,250,308,348,348,459,141,141,141,141,141,141],"floor_reached":56,"language":"ENG","playtime":6320,"items_purged":["Pain","Slimebound:Strike_Slimebound","Normality","Writhe","Slimebound:Defend_Slimebound"],"score":950,"play_id":"b9fded7b-3f6f-4d64-92bf-bb695125299e","local_time":"20210212201244","is_ascension_mode":true,"campfire_choices":[{"floor":1.0,"key":"RECALL"},{"data":"Slimebound:Split","floor":13.0,"key":"SMITH"},{"data":"Slimebound:Chomp","floor":18.0,"key":"SMITH"},{"data":"Slimebound:CorrosiveSpit","floor":23.0,"key":"SMITH"},{"data":"Slimebound:Grow","floor":28.0,"key":"SMITH"},{"floor":30.0,"key":"REST"},{"floor":35.0,"key":"DIG"},{"data":"Slimebound:LeadByExample","floor":42.0,"key":"SMITH"},{"data":"ReplayUltimateDefense","floor":46.0,"key":"SMITH"},{"floor":54.0,"key":"REST"}],"circlet_count":0,"master_deck":["Slimebound:Defend_Slimebound","Slimebound:Defend_Slimebound","Slimebound:Defend_Slimebound","Slimebound:Split+1","Slimebound:CorrosiveSpit+1","Slimebound:GoopTackle","Slimebound:SpikyOuterGoop","Slimebound:GoopSpray","Slimebound:ItLooksTasty","Slimebound:Grow+1","Slimebound:Repurpose","Slimebound:AcidTongue","Slimebound:Chomp+1","Slimebound:ComboTackle","Slimebound:Prepare","Slimebound:LeadByExample+1","Slimebound:DisruptingSlam","Slimebound:LivingWall","Slimebound:Recycling","Slimebound:Schlurp+1","Slimebound:RainOfGoop","Slimebound:Recollect+1","Slimebound:LivingWall+1","Slimebound:LevelUp","Slimebound:LevelUp","Slimebound:Nibble+1","Slimebound:ForwardTackle","Slimebound:FinishingTackle+1","Slimebound:OozeBath","Slimebound:CheckThePlaybook+1","Slimebound:SpikyOuterGoop+1","Slimebound:SplitAcid+1","Slimebound:RollThrough+1","Slimebound:Overexert","expansioncontent:DashGenerateEvil","Slimebound:GoopSpray","Slimebound:SlimeTap","Slimebound:Gluttony","CurseOfTheBell","CurseOfTheBell","Slimebound:LeadByExample+1","Slimebound:RainOfGoop","Slimebound:SlimeSpikes","Slimebound:Prepare+1","Master of Strategy","ReplayUltimateDefense+1","Slimebound:ServeAndProtect+1","Slimebound:SplitAcid+1","Slimebound:DouseInSlime","Slimebound:BestDefense+1"],"relics":["Slimebound:AbsorbEndCombat","WarpedTongs","Pet Ghost","Slimebound:AggressiveSlimeRelic","Runic Dome","downfall:HeartBlessingRed","Replay:Rubber Ducky","ReplayTheSpireMod:CursedCoin","Vajra","downfall:KnowingSkull","downfall:HeartBlessingGreen","Anchor","Astrolabe","PreservedInsect","BargainBundle","FossilizedHelix","downfall:ExtraCursedBell","ReplayFunnel","Darkstone Periapt","TungstenRod","downfall:HeartBlessingBlue","Oddly Smooth Stone","ReplayTheSpireMod:ShopPack","Replay:Bottled Flurry","Sundial"],"acts_visited":["Exordium","TheCity","TheBeyond","TheEnding"],"potions_floor_usage":[55,55],"damage_taken":[{"damage":0.0,"enemies":"Small Slimes","floor":2.0,"turns":4.0},{"damage":7.0,"enemies":"Cultist","floor":3.0,"turns":3.0},{"damage":3.0,"enemies":"downfall:FleeingMerchant","floor":5.0,"turns":4.0},{"damage":0.0,"enemies":"2 Louse","floor":6.0,"turns":2.0},{"damage":7.0,"enemies":"downfall:FleeingMerchant","floor":8.0,"turns":4.0},{"damage":6.0,"enemies":"Lots of Slimes","floor":9.0,"turns":3.0},{"damage":6.0,"enemies":"downfall:FleeingMerchant","floor":10.0,"turns":4.0},{"damage":15.0,"enemies":"Lagavulin","floor":11.0,"turns":8.0},{"damage":0.0,"enemies":"2 Fungi Beasts","floor":12.0,"turns":3.0},{"damage":4.0,"enemies":"Red Slaver","floor":15.0,"turns":3.0},{"damage":8.0,"enemies":"DF_ARCHETYPE_STREAMLINE","floor":16.0,"turns":8.0},{"damage":20.0,"enemies":"3 Byrds","floor":19.0,"turns":4.0},{"damage":14.0,"enemies":"Shelled Parasite and Fungi","floor":20.0,"turns":5.0},{"damage":0.0,"enemies":"Cultist and Chosen","floor":21.0,"turns":5.0},{"damage":0.0,"enemies":"downfall:FleeingMerchant","floor":22.0,"turns":4.0},{"damage":1.0,"enemies":"downfall:FleeingMerchant","floor":25.0,"turns":4.0},{"damage":34.0,"enemies":"Gremlin Leader","floor":26.0,"turns":6.0},{"damage":3.0,"enemies":"Snake Plant","floor":29.0,"turns":3.0},{"damage":6.0,"enemies":"Sentry and Sphere","floor":32.0,"turns":6.0},{"damage":8.0,"enemies":"WA_ARCHETYPE_CALM","floor":33.0,"turns":10.0},{"damage":9.0,"enemies":"Orb Walker","floor":36.0,"turns":3.0},{"damage":6.0,"enemies":"downfall:FleeingMerchant","floor":37.0,"turns":3.0},{"damage":0.0,"enemies":"3 Shapes","floor":38.0,"turns":3.0},{"damage":0.0,"enemies":"Transient","floor":40.0,"turns":5.0},{"damage":0.0,"enemies":"Maw","floor":44.0,"turns":7.0},{"damage":24.0,"enemies":"Spire Growth","floor":47.0,"turns":6.0},{"damage":8.0,"enemies":"Sphere and 2 Shapes","floor":48.0,"turns":4.0},{"damage":0.0,"enemies":"3 Darklings","floor":49.0,"turns":4.0},{"damage":28.0,"enemies":"IC_BLOCK_ARCHETYPE","floor":50.0,"turns":10.0},{"damage":50.0,"enemies":"downfall:CharBossMerchant","floor":52.0,"turns":11.0},{"damage":2,"enemies":"downfall:NeowBoss","floor":55,"turns":18},{"damage":115,"enemies":"downfall:NeowBossFinal","floor":56,"turns":8}],"seed_played":"-6592809308090838098","potions_obtained":[{"floor":3.0,"key":"Slimebound:SlimyTonguePotion"},{"floor":9.0,"key":"Slimebound:ThreeZeroPotion"},{"floor":11.0,"key":"ColorlessPotion"},{"floor":14.0,"key":"bronze:BurnAndBuffPotion"},{"floor":16.0,"key":"Slimebound:SlimedPotion"},{"floor":20.0,"key":"Toxic Potion"},{"floor":29.0,"key":"AttackPotion"},{"floor":36.0,"key":"Reflective Coating"},{"floor":43.0,"key":"FairyPotion"}],"is_trial":false,"path_per_floor":["R","M","M","?","$","M","T","$","M","$","E","M","R","?","M","B",null,"R","M","M","M","$","R","T","$","E","?","R","M","R","?","M","B",null,"R_BF","M","$","M","?","M","T","R","?","M","$","R","M","M","M","B",null,"E","$","R","B","B"],"character_chosen":"SLIMEBOUND","items_purchased":["Slimebound:ItLooksTasty","Slimebound:Grow","Slimebound:Chomp","ReplayTheSpireMod:CursedCoin","Slimebound:LevelUp","BargainBundle","expansioncontent:DashGenerateEvil","FossilizedHelix","Slimebound:GoopSpray","EssenceOfSteel","BlessingOfTheForge","Slimebound:SlimeTap","ReplayTheSpireMod:ShopPack","Slimebound:BestDefense+1","Sundial"],"campfire_rested":2,"item_purchase_floors":[5,5,8,25,25,37,37,37,37,37,37,37,45,53,53],"current_hp_per_floor":[65,65,60,60,61,65,65,60,62,60,53,57,57,57,55,55,65,65,49,43,51,53,53,53,58,32,26,26,29,48,48,46,46,65,65,58,56,62,62,65,65,75,75,75,75,75,55,53,61,41,75,31,31,53,59,0,0,0],"gold":141,"neow_bonus":"HUNDRED_GOLD","is_daily":false,"chose_seed":false,"campfire_upgraded":6,"win_rate":0.0,"timestamp":1613131964,"path_taken":["R","M","M","?","$","M","T","?","M","$","E","M","R","?","M","BOSS","R","M","M","M","?","R","T","$","E","?","R","?","R","?","M","BOSS","R_BF","M","$","M","?","M","T","R","?","M","$","R","?","M","M","BOSS","E","$","R","BOSS","BOSS"],"items_purchased_type":["Card","Card","Card","Relic","Card","Relic","Card","Relic","Card","Potion","Potion","Card","Relic","Card","Relic"],"build_version":"2020-12-22","purchased_purges":5,"victory":false,"max_hp_per_floor":[65,65,65,65,65,65,65,65,65,65,65,65,65,65,65,65,65,65,65,65,65,65,65,65,65,65,65,65,65,65,65,65,65,65,65,65,65,65,65,65,65,75,75,75,75,75,75,75,75,75,75,75,75,75,75,75,75,75],"relic_stats":{"Darkstone Periapt":0,"counters":[32,172],"Sundial":[2],"Astrolabe":["Slimebound:CheckThePlaybook","Slimebound:SpikyOuterGoop","Slimebound:SplitAcid"],"PreservedInsect":100,"obtain_stats":[{"ReplayFunnel":39,"Darkstone Periapt":39,"Vajra":26,"downfall:HeartBlessingGreen":30,"Pet Ghost":7,"Replay:Rubber Ducky":24,"downfall:HeartBlessingBlue":42,"Sundial":53,"downfall:KnowingSkull":27,"Replay:Bottled Flurry":52,"downfall:ExtraCursedBell":39,"Slimebound:AggressiveSlimeRelic":11,"BargainBundle":37,"downfall:HeartBlessingRed":18,"ReplayTheSpireMod:CursedCoin":25,"Astrolabe":34,"Oddly Smooth Stone":43,"PreservedInsect":35,"WarpedTongs":4,"Runic Dome":17,"Anchor":31,"Slimebound:AbsorbEndCombat":0,"FossilizedHelix":37,"TungstenRod":39,"ReplayTheSpireMod:ShopPack":45},{"ReplayFunnel":23,"Darkstone Periapt":23,"Vajra":17,"downfall:HeartBlessingGreen":18,"Pet Ghost":4,"Replay:Rubber Ducky":15,"downfall:HeartBlessingBlue":24,"Sundial":30,"downfall:KnowingSkull":17,"Replay:Bottled Flurry":30,"downfall:ExtraCursedBell":23,"Slimebound:AggressiveSlimeRelic":8,"BargainBundle":22,"downfall:HeartBlessingRed":11,"ReplayTheSpireMod:CursedCoin":16,"Astrolabe":20,"Oddly Smooth Stone":24,"PreservedInsect":20,"WarpedTongs":2,"Runic Dome":11,"Anchor":18,"Slimebound:AbsorbEndCombat":0,"FossilizedHelix":22,"TungstenRod":23,"ReplayTheSpireMod:ShopPack":25},{"ReplayFunnel":99,"Darkstone Periapt":99,"Vajra":73,"downfall:HeartBlessingGreen":76,"Pet Ghost":13,"Replay:Rubber Ducky":63,"downfall:HeartBlessingBlue":104,"Sundial":146,"downfall:KnowingSkull":73,"Replay:Bottled Flurry":146,"downfall:ExtraCursedBell":99,"Slimebound:AggressiveSlimeRelic":31,"BargainBundle":97,"downfall:HeartBlessingRed":45,"ReplayTheSpireMod:CursedCoin":67,"Astrolabe":91,"Oddly Smooth Stone":104,"PreservedInsect":91,"WarpedTongs":7,"Runic Dome":45,"Anchor":76,"Slimebound:AbsorbEndCombat":0,"FossilizedHelix":97,"TungstenRod":99,"ReplayTheSpireMod:ShopPack":111}],"TungstenRod":22,"WarpedTongs":[165]},"card_choices":[{"not_picked":["Slimebound:HauntingLick","Slimebound:Dissolve"],"picked":"Slimebound:GoopTackle","floor":2.0},{"not_picked":["Slimebound:SamplingLick","Slimebound:GrowthPunch"],"picked":"Slimebound:SpikyOuterGoop","floor":3.0},{"not_picked":["Slimebound:SlimeBrawl","Slimebound:MinionMaster"],"picked":"Slimebound:GoopSpray","floor":5.0},{"not_picked":["Slimebound:PressTheAttack","Slimebound:GoopSpray"],"picked":"Slimebound:Repurpose","floor":6.0},{"not_picked":["Slimebound:LeechingTouch","Slimebound:Equalize"],"picked":"Slimebound:AcidTongue","floor":8.0},{"not_picked":["Slimebound:Darklings","Slimebound:HauntingLick"],"picked":"Slimebound:ComboTackle","floor":9.0},{"not_picked":["Slimebound:PressTheAttack","Slimebound:SlimeSpikes"],"picked":"Slimebound:Prepare","floor":10.0},{"not_picked":["Slimebound:SplitLeeching","Slimebound:PressTheAttack"],"picked":"Slimebound:LeadByExample","floor":11.0},{"not_picked":["Slimebound:LeechEnergy","Slimebound:FormOfPuddle"],"picked":"Slimebound:DisruptingSlam","floor":12.0},{"not_picked":["Slimebound:GoopSpray","Slimebound:SamplingLick"],"picked":"Slimebound:LivingWall","floor":15.0},{"not_picked":["Slimebound:CheckThePlaybook","Slimebound:Overexert"],"picked":"Slimebound:Recycling","floor":16.0},{"not_picked":["Slimebound:RollThrough","Slimebound:ComboTackle"],"picked":"Slimebound:Schlurp+1","floor":19.0},{"not_picked":["Slimebound:SplitAcid","Slimebound:FormOfPuddle"],"picked":"Slimebound:RainOfGoop","floor":20.0},{"not_picked":["Slimebound:ProtectTheBoss","Slimebound:RainOfGoop"],"picked":"Slimebound:Recollect+1","floor":21.0},{"not_picked":["Slimebound:SplitSpecialist","Slimebound:SplitBruiser","Slimebound:LeechEnergy"],"picked":"SKIP","floor":22.0},{"not_picked":["Slimebound:WasteNot","Slimebound:ForwardTackle"],"picked":"Slimebound:LivingWall+1","floor":25.0},{"not_picked":["Slimebound:GrowthPunch","Slimebound:LivingWall+1"],"picked":"Slimebound:Nibble+1","floor":26.0},{"not_picked":["Slimebound:LivingWall","Slimebound:ComboTackle+1"],"picked":"Slimebound:ForwardTackle","floor":29.0},{"not_picked":["Slimebound:SamplingLick","Slimebound:FormOfPuddle"],"picked":"Slimebound:FinishingTackle+1","floor":32.0},{"not_picked":["Slimebound:CheckThePlaybook","Slimebound:OneTwoCombo"],"picked":"Slimebound:OozeBath","floor":33.0},{"not_picked":["Slimebound:SlimeSpikes+1","Slimebound:ProtectTheBoss+1"],"picked":"Slimebound:RollThrough+1","floor":36.0},{"not_picked":["Slimebound:TongueLash","Slimebound:RejuvenatingLick"],"picked":"Slimebound:Overexert","floor":37.0},{"not_picked":["Slimebound:SlimeBrawl","Slimebound:GoopTackle"],"picked":"Slimebound:Gluttony","floor":38.0},{"not_picked":["Slimebound:ItLooksTasty+1","Slimebound:MegaLick+1"],"picked":"Slimebound:LeadByExample+1","floor":40.0},{"not_picked":["Slimebound:AcidTongue","Slimebound:Gluttony"],"picked":"Slimebound:RainOfGoop","floor":43.0},{"not_picked":["Slimebound:GoopTackle+1","Slimebound:SamplingLick"],"picked":"Slimebound:SlimeSpikes","floor":43.0},{"not_picked":["Slimebound:ComboTackle+1","Slimebound:LeechEnergy"],"picked":"Slimebound:Prepare+1","floor":44.0},{"not_picked":["The Bomb","HandOfGreed"],"picked":"Master of Strategy","floor":45.0},{"not_picked":["Enlightenment","Specialist"],"picked":"ReplayUltimateDefense","floor":45.0},{"not_picked":["Slimebound:AcidTongue+1","Slimebound:Replication"],"picked":"Slimebound:ServeAndProtect+1","floor":47.0},{"not_picked":["Slimebound:GoopTackle","Slimebound:RejuvenatingLick+1"],"picked":"Slimebound:SplitAcid+1","floor":48.0},{"not_picked":["Slimebound:DivideAndConquer","Slimebound:HauntingLick"],"picked":"Slimebound:DouseInSlime","floor":49.0},{"not_picked":["Slimebound:LeechingTouch","Slimebound:ComboTackle","Slimebound:Recycling"],"picked":"SKIP","floor":52.0}],"player_experience":427593,"relics_obtained":[{"floor":7.0,"key":"Pet Ghost"},{"floor":11.0,"key":"Slimebound:AggressiveSlimeRelic"},{"floor":24.0,"key":"Replay:Rubber Ducky"},{"floor":26.0,"key":"Vajra"},{"floor":35.0,"key":"PreservedInsect"},{"floor":39.0,"key":"ReplayFunnel"},{"floor":39.0,"key":"Darkstone Periapt"},{"floor":39.0,"key":"TungstenRod"},{"floor":43.0,"key":"Oddly Smooth Stone"},{"floor":52.0,"key":"Replay:Bottled Flurry"}],"event_choices":[{"damage_healed":0.0,"max_hp_gain":0.0,"max_hp_loss":0.0,"gold_gain":0.0,"event_name":"Accursed Blacksmith","player_choice":"Rummage","floor":4.0,"gold_loss":0.0,"damage_taken":0.0,"relics_obtained":["WarpedTongs"],"cards_obtained":["Pain"]},{"damage_healed":0.0,"max_hp_gain":0.0,"max_hp_loss":0.0,"gold_gain":0.0,"event_name":"Lab","player_choice":"Got Potions","floor":14.0,"gold_loss":0.0,"damage_taken":0.0}],"is_beta":false,"boss_relics":[{"not_picked":["Pandora\u0027s Box","SacredBark"],"picked":"Runic Dome"},{"not_picked":["Replay:Bronze Core","Kintsugi"],"picked":"Astrolabe"}],"items_purged_floors":[5,22,25,37,45],"is_endless":false,"potions_floor_spawned":[3,9,11,15,16,20,21,29,32,36,40,49],"killed_by":"downfall:NeowBossFinal","ascension_level":3}}