{"host":"gk5m6v7zec9neb0j","time":1613096473,"event":{"mods":["AchievementEnabler","AlwaysNeverKeys","BaseMod","BetterRewards","Block Reminder","Minty Spire (QoL Compilation)","Rare Cards Sparkle","Relic Stats","StSLib"],"gold_per_floor":[118,129,143,162,162,162,173,193,193,36,48,63,76,89,89,194,194,208,225,150,65,15,50,68,68,68,68,79,79,29,29,29,129,129,141,91,107,107,118,118,128,153,153,203,203,203,203,223,223,223,223,223,1,34,34,34],"floor_reached":55,"language":"ENG","playtime":1731,"items_purged":["Strike_B","Strike_B","Strike_B","Strike_B"],"score":831,"play_id":"74b6ba76-9a92-422b-8c91-c997e12e3637","local_time":"20210211212113","is_ascension_mode":false,"campfire_choices":[{"data":"Zap","floor":6.0,"key":"SMITH"},{"data":"Defragment","floor":15.0,"key":"SMITH"},{"data":"Loop","floor":27.0,"key":"SMITH"},{"data":"White Noise","floor":29.0,"key":"SMITH"},{"data":"Biased Cognition","floor":32.0,"key":"SMITH"},{"data":"Panacea","floor":40.0,"key":"SMITH"},{"data":"Echo Form","floor":46.0,"key":"SMITH"},{"data":"Dualcast","floor":49.0,"key":"SMITH"},{"data":"Doom and Gloom","floor":52.0,"key":"SMITH"}],"circlet_count":0,"master_deck":["Defend_B","Defend_B","Defend_B","Defend_B","Zap+1","Dualcast+1","Cold Snap","Conserve Battery","Conserve Battery","Self Repair","Conserve Battery","Defragment+1","White Noise+1","Capacitor","Barrage","Doom and Gloom+1","Electrodynamics","Capacitor","Loop+1","Biased Cognition+1","Echo Form+1","Coolheaded","Consume+1","Panacea+1","Turbo","Creative AI"],"relics":["Cracked Core","Cables","Odd Mushroom","Centennial Puzzle","Black Star","Smiling Mask","Kunai","Ice Cream","Eternal Feather","Potion Belt","Nuclear Battery","Bronze Scales","Strawberry","TungstenRod","PreservedInsect","Sundial","StrikeDummy"],"acts_visited":["Exordium","TheCity","TheBeyond","TheEnding"],"potions_floor_usage":[55,55,55],"damage_taken":[{"damage":6.0,"enemies":"Jaw Worm","floor":1.0,"turns":3.0},{"damage":0.0,"enemies":"Small Slimes","floor":2.0,"turns":3.0},{"damage":0.0,"enemies":"2 Louse","floor":3.0,"turns":2.0},{"damage":6.0,"enemies":"Exordium Wildlife","floor":4.0,"turns":6.0},{"damage":1.0,"enemies":"3 Louse","floor":7.0,"turns":3.0},{"damage":23.0,"enemies":"The Mushroom Lair","floor":8.0,"turns":5.0},{"damage":3.0,"enemies":"Looter","floor":11.0,"turns":3.0},{"damage":0.0,"enemies":"Lots of Slimes","floor":12.0,"turns":2.0},{"damage":0.0,"enemies":"Large Slime","floor":13.0,"turns":5.0},{"damage":1.0,"enemies":"Looter","floor":14.0,"turns":3.0},{"damage":21.0,"enemies":"Slime Boss","floor":16.0,"turns":6.0},{"damage":13.0,"enemies":"2 Thieves","floor":18.0,"turns":2.0},{"damage":23.0,"enemies":"Spheric Guardian","floor":19.0,"turns":6.0},{"damage":25.0,"enemies":"Book of Stabbing","floor":23.0,"turns":6.0},{"damage":5.0,"enemies":"Cultist and Chosen","floor":24.0,"turns":4.0},{"damage":9.0,"enemies":"Centurion and Healer","floor":28.0,"turns":6.0},{"damage":19.0,"enemies":"Champ","floor":33.0,"turns":9.0},{"damage":13.0,"enemies":"Orb Walker","floor":35.0,"turns":5.0},{"damage":2.0,"enemies":"3 Shapes","floor":37.0,"turns":4.0},{"damage":20.0,"enemies":"Maw","floor":39.0,"turns":6.0},{"damage":0.0,"enemies":"Jaw Worm Horde","floor":41.0,"turns":1.0},{"damage":30.0,"enemies":"Mind Bloom Boss Battle","floor":44.0,"turns":5.0},{"damage":10.0,"enemies":"Writhing Mass","floor":48.0,"turns":6.0},{"damage":73.0,"enemies":"Awakened One","floor":50.0,"turns":12.0},{"damage":21.0,"enemies":"Shield and Spear","floor":54.0,"turns":4.0},{"damage":80,"enemies":"The Heart","floor":55,"turns":6}],"seed_played":"4047575535568883133","potions_obtained":[{"floor":3.0,"key":"SpeedPotion"},{"floor":4.0,"key":"DistilledChaos"},{"floor":8.0,"key":"SpeedPotion"},{"floor":11.0,"key":"Explosive Potion"},{"floor":14.0,"key":"ColorlessPotion"},{"floor":41.0,"key":"EssenceOfSteel"}],"is_trial":false,"path_per_floor":["M","M","M","M","?","R","M","?","T","$","M","M","M","M","R","B",null,"M","M","$","?","$","E","M","T","T","R","M","R","$","?","R","B",null,"M","$","M","?","M","R","M","T","T","?","T","R","?","M","R","B",null,"R","$","E","B"],"character_chosen":"DEFECT","items_purchased":["Cables","Defragment","White Noise","Coolheaded","FocusPotion","EssenceOfSteel","AttackPotion"],"campfire_rested":0,"item_purchase_floors":[0,10,10,36,53,53,53],"current_hp_per_floor":[60,60,60,54,75,75,74,58,58,58,62,62,69,75,75,61,75,69,53,53,53,53,35,37,37,37,49,47,59,59,59,71,59,75,69,69,74,64,58,73,73,73,80,57,57,72,72,76,78,5,78,78,78,57,0,0],"gold":34,"neow_bonus":"","is_daily":false,"chose_seed":false,"campfire_upgraded":9,"win_rate":0.0,"timestamp":1613096473,"path_taken":["M","M","M","M","?","R","M","?","T","$","M","M","M","M","R","BOSS","M","M","$","?","$","E","M","?","T","R","M","R","$","?","R","BOSS","M","$","M","?","M","R","M","?","T","?","?","R","?","M","R","BOSS","R","$","E","BOSS"],"items_purchased_type":["Relic","Card","Card","Card","Potion","Potion","Potion"],"build_version":"2020-12-22","purchased_purges":4,"victory":false,"max_hp_per_floor":[75,75,75,75,75,75,75,75,75,75,75,75,75,75,75,75,75,75,75,75,75,75,75,75,75,75,75,75,75,75,75,75,75,75,75,75,75,75,75,75,75,75,82,82,82,82,78,78,78,78,78,78,78,78,78,78],"relic_stats":{"Centennial Puzzle":[51],"counters":[240,1416],"Sundial":[0],"Bronze Scales":[174],"Eternal Feather":68,"PreservedInsect":68,"Black Star":2,"Kunai":[3],"Smiling Mask":225,"obtain_stats":[{"Ice Cream":0,"Tiny House":17,"Calipers":23,"CeramicFish":26,"Vajra":39,"Runic Capacitor":0,"Whetstone":9,"Bottled Tornado":53,"Boot":44,"Old Coin":38,"FrozenCore":17,"Sozu":34,"Blood Vial":54,"Lizard Tail":0,"Centennial Puzzle":9,"HornCleat":42,"DollysMirror":45,"Sundial":54,"Strawberry":8,"Prayer Wheel":13,"MealTicket":27,"Kunai":0,"Toxic Egg 2":37,"Pear":37,"Happy Flower":45,"Blue Candle":43,"Oddly Smooth Stone":0,"Eternal Feather":25,"War Paint":54,"Question Card":9,"Akabeko":47,"Cables":0,"Du-Vu Doll":40,"OrangePellets":0,"SlaversCollar":17,"Bottled Flame":9,"Bronze Scales":0,"Bird Faced Urn":0,"Black Star":34,"Symbiotic Virus":26,"StrikeDummy":47,"Pocketwatch":19,"Darkstone Periapt":41,"Regal Pillow":47,"Lantern":54,"Singing Bowl":0,"SacredBark":34,"Mango":0,"Juzu Bracelet":23,"Bag of Preparation":24,"Smiling Mask":27,"Ancient Tea Set":26,"ClockworkSouvenir":0,"Emotion Chip":0,"Dream Catcher":29,"Matryoshka":9,"Mummified Hand":25,"Gambling Chip":0,"Tiny Chest":20,"Red Mask":22,"Chemical X":0,"Cracked Core":0,"Runic Pyramid":34,"Potion Belt":43,"Inserter":34,"Golden Idol":3,"PreservedInsect":40,"Omamori":43,"Frozen Egg 2":39,"Orichalcum":20,"Odd Mushroom":13,"MawBank":9,"White Beast Statue":54,"Mercury Hourglass":9,"Nuclear Battery":17,"Peace Pipe":9,"Strange Spoon":36,"CaptainsWheel":11,"Anchor":10,"DataDisk":9,"Orrery":12,"Bag of Marbles":47,"Art of War":28,"Membership Card":8,"TungstenRod":54,"Toy Ornithopter":26},{"Ice Cream":66,"Tiny House":38,"Calipers":41,"CeramicFish":53,"Vajra":86,"Runic Capacitor":0,"Whetstone":72,"Bottled Tornado":144,"Boot":88,"Old Coin":59,"FrozenCore":100,"Sozu":108,"Blood Vial":171,"Lizard Tail":66,"Centennial Puzzle":220,"HornCleat":22,"DollysMirror":88,"Sundial":239,"Strawberry":45,"Prayer Wheel":126,"MealTicket":160,"Kunai":30,"Toxic Egg 2":109,"Pear":109,"Happy Flower":24,"Blue Candle":22,"Oddly Smooth Stone":146,"Eternal Feather":229,"War Paint":29,"Question Card":34,"Akabeko":142,"Cables":66,"Du-Vu Doll":111,"OrangePellets":66,"SlaversCollar":155,"Bottled Flame":206,"Bronze Scales":30,"Bird Faced Urn":202,"Black Star":84,"Symbiotic Virus":13,"StrikeDummy":26,"Pocketwatch":156,"Darkstone Periapt":87,"Regal Pillow":90,"Lantern":119,"Singing Bowl":172,"SacredBark":136,"Mango":30,"Juzu Bracelet":159,"Bag of Preparation":188,"Smiling Mask":132,"Ancient Tea Set":189,"ClockworkSouvenir":94,"Emotion Chip":120,"Dream Catcher":133,"Matryoshka":99,"Mummified Hand":13,"Gambling Chip":30,"Tiny Chest":78,"Red Mask":212,"Chemical X":30,"Cracked Core":0,"Runic Pyramid":163,"Potion Belt":87,"Inserter":15,"Golden Idol":31,"PreservedInsect":20,"Omamori":59,"Frozen Egg 2":59,"Orichalcum":102,"Odd Mushroom":153,"MawBank":150,"White Beast Statue":93,"Mercury Hourglass":5,"Nuclear Battery":49,"Peace Pipe":45,"Strange Spoon":137,"CaptainsWheel":6,"Anchor":150,"DataDisk":179,"Orrery":125,"Bag of Marbles":90,"Art of War":133,"Membership Card":125,"TungstenRod":65,"Toy Ornithopter":81},{"Ice Cream":367,"Tiny House":167,"Calipers":179,"CeramicFish":245,"Vajra":473,"Runic Capacitor":0,"Whetstone":385,"Bottled Tornado":905,"Boot":491,"Old Coin":298,"FrozenCore":564,"Sozu":629,"Blood Vial":1048,"Lizard Tail":367,"Centennial Puzzle":1315,"HornCleat":90,"DollysMirror":491,"Sundial":1410,"Strawberry":191,"Prayer Wheel":768,"MealTicket":980,"Kunai":131,"Toxic Egg 2":637,"Pear":637,"Happy Flower":96,"Blue Candle":90,"Oddly Smooth Stone":924,"Eternal Feather":1352,"War Paint":121,"Question Card":145,"Akabeko":886,"Cables":367,"Du-Vu Doll":657,"OrangePellets":367,"SlaversCollar":957,"Bottled Flame":1253,"Bronze Scales":131,"Bird Faced Urn":1243,"Black Star":464,"Symbiotic Virus":49,"StrikeDummy":105,"Pocketwatch":961,"Darkstone Periapt":482,"Regal Pillow":504,"Lantern":722,"Singing Bowl":1060,"SacredBark":859,"Mango":131,"Juzu Bracelet":974,"Bag of Preparation":1131,"Smiling Mask":825,"Ancient Tea Set":1135,"ClockworkSouvenir":536,"Emotion Chip":736,"Dream Catcher":832,"Matryoshka":555,"Mummified Hand":49,"Gambling Chip":131,"Tiny Chest":418,"Red Mask":1282,"Chemical X":131,"Cracked Core":0,"Runic Pyramid":1002,"Potion Belt":482,"Inserter":60,"Golden Idol":133,"PreservedInsect":82,"Omamori":298,"Frozen Egg 2":298,"Orichalcum":574,"Odd Mushroom":945,"MawBank":935,"White Beast Statue":527,"Mercury Hourglass":15,"Nuclear Battery":225,"Peace Pipe":191,"Strange Spoon":860,"CaptainsWheel":19,"Anchor":935,"DataDisk":1086,"Orrery":758,"Bag of Marbles":504,"Art of War":832,"Membership Card":758,"TungstenRod":359,"Toy Ornithopter":442}],"TungstenRod":38,"Cables":[108,70,25,1,12]},"card_choices":[{"not_picked":["Undo","Rebound"],"picked":"Cold Snap","floor":1.0},{"not_picked":["Beam Cell","Melter"],"picked":"Conserve Battery","floor":2.0},{"not_picked":["Coolheaded","Go for the Eyes"],"picked":"Conserve Battery","floor":3.0},{"not_picked":["Compile Driver","Hyperbeam"],"picked":"Self Repair","floor":4.0},{"not_picked":["Turbo","Hologram","Storm"],"picked":"SKIP","floor":7.0},{"not_picked":["Steam","Doom and Gloom"],"picked":"Conserve Battery","floor":8.0},{"not_picked":["Reprogram","Melter","Hello World"],"picked":"SKIP","floor":11.0},{"not_picked":["Heatsinks","Blizzard"],"picked":"Capacitor","floor":12.0},{"not_picked":["Stack","Go for the Eyes"],"picked":"Barrage","floor":13.0},{"not_picked":["Steam","Reinforced Body"],"picked":"Doom and Gloom","floor":14.0},{"not_picked":["Fission","Buffer"],"picked":"Electrodynamics","floor":16.0},{"not_picked":["Conserve Battery+1","Compile Driver+1"],"picked":"Capacitor","floor":18.0},{"not_picked":["Rebound","Go for the Eyes","Streamline+1"],"picked":"SKIP","floor":19.0},{"not_picked":["Turbo+1","Rebound"],"picked":"Loop","floor":23.0},{"not_picked":["Hologram","Go for the Eyes","Steam"],"picked":"SKIP","floor":24.0},{"not_picked":["Tempest","Reinforced Body","Rebound+1"],"picked":"SKIP","floor":28.0},{"not_picked":["Electrodynamics","Seek"],"picked":"Echo Form","floor":33.0},{"not_picked":["Compile Driver+1","Stack","Conserve Battery"],"picked":"SKIP","floor":35.0},{"not_picked":["Barrage","Sweeping Beam"],"picked":"Consume+1","floor":37.0},{"not_picked":["HandOfGreed","Swift Strike"],"picked":"Panacea","floor":38.0},{"not_picked":["Blizzard","Gash+1","Go for the Eyes+1"],"picked":"SKIP","floor":39.0},{"not_picked":["Turbo","Tempest","Sunder+1"],"picked":"SKIP","floor":41.0},{"not_picked":["Tempest","Sunder+1"],"picked":"Turbo","floor":41.0},{"not_picked":["Streamline+1","Coolheaded","Redo+1"],"picked":"SKIP","floor":48.0},{"not_picked":["Cold Snap","Steam"],"picked":"Creative AI","floor":54.0}],"player_experience":825486,"relics_obtained":[{"floor":8.0,"key":"Odd Mushroom"},{"floor":9.0,"key":"Centennial Puzzle"},{"floor":23.0,"key":"Kunai"},{"floor":23.0,"key":"Ice Cream"},{"floor":25.0,"key":"Eternal Feather"},{"floor":26.0,"key":"Potion Belt"},{"floor":42.0,"key":"Bronze Scales"},{"floor":43.0,"key":"Strawberry"},{"floor":44.0,"key":"TungstenRod"},{"floor":45.0,"key":"PreservedInsect"},{"floor":54.0,"key":"Sundial"},{"floor":54.0,"key":"StrikeDummy"}],"event_choices":[{"damage_healed":25.0,"max_hp_gain":0.0,"max_hp_loss":0.0,"gold_gain":0.0,"event_name":"Big Fish","player_choice":"Banana","floor":5.0,"gold_loss":0.0,"damage_taken":0.0},{"damage_healed":0.0,"max_hp_gain":0.0,"max_hp_loss":0.0,"gold_gain":0.0,"event_name":"Mushrooms","player_choice":"Fought Mushrooms","floor":8.0,"gold_loss":0.0,"damage_taken":0.0},{"damage_healed":0.0,"max_hp_gain":0.0,"max_hp_loss":0.0,"gold_gain":0.0,"event_name":"Addict","player_choice":"Obtained Relic","floor":21.0,"gold_loss":85.0,"damage_taken":0.0,"relics_obtained":["Smiling Mask"]},{"damage_healed":0.0,"max_hp_gain":0.0,"max_hp_loss":0.0,"gold_gain":0.0,"event_name":"The Library","player_choice":"Read","floor":31.0,"gold_loss":0.0,"damage_taken":0.0,"cards_obtained":["Biased Cognition"]},{"damage_healed":0.0,"max_hp_gain":0.0,"max_hp_loss":0.0,"gold_gain":0.0,"event_name":"SensoryStone","player_choice":"Memory 3","floor":38.0,"gold_loss":0.0,"damage_taken":10.0},{"damage_healed":0.0,"max_hp_gain":0.0,"max_hp_loss":0.0,"gold_gain":0.0,"event_name":"MindBloom","player_choice":"Fight","floor":44.0,"gold_loss":0.0,"damage_taken":0.0},{"damage_healed":0.0,"max_hp_gain":0.0,"max_hp_loss":4.0,"gold_gain":0.0,"event_name":"Winding Halls","player_choice":"Max HP","floor":47.0,"gold_loss":0.0,"damage_taken":0.0}],"is_beta":false,"boss_relics":[{"not_picked":["Ectoplasm","Busted Crown"],"picked":"Black Star"},{"not_picked":["Tiny House","Coffee Dripper"],"picked":"Nuclear Battery"}],"items_purged_floors":[20,22,30,53],"is_endless":false,"potions_floor_spawned":[3,4,8,11,14,16,19,23,24,37,39,41,44],"killed_by":"The Heart","ascension_level":0}}