{"host":"kdt6w7ix8lwe69i9","time":1613099818,"event":{"mods":["100% Spire Juice","BaseMod","ChefMod","Evolution","Koishi","Minty Spire (QoL Compilation)","Poor People Problems","Reimu（博丽灵梦）","Robot Space Explorer","Shade Mod","StSLib","The Druid","The Gatherer","The Poker Player","The Servant 0.9.4","TheSurvivalist"],"gold_per_floor":[111,125,95,106,106,106,132,211,235,255,282,282,296,296,296,400,400,416,416,434,461,461,486,496,496,541,569,582,44,44,44,44,140,140,158,177,189,209,222,222,222,222,222,236,249,299,312,332,332,332,332],"floor_reached":50,"language":"ENG","playtime":34454,"items_purged":[],"score":621,"play_id":"e63d5f39-3c5f-426a-a0b7-106d6d4a3bda","local_time":"20210211221658","is_ascension_mode":false,"campfire_choices":[{"data":"Koishi:RacingHeart","floor":6,"key":"SMITH"},{"data":"1","floor":12,"key":"LIFT"},{"data":"2","floor":15,"key":"LIFT"},{"data":"3","floor":25,"key":"LIFT"},{"floor":32,"key":"RECALL"},{"data":"Mayhem","floor":40,"key":"SMITH"},{"data":"Koishi:RoseHell","floor":42,"key":"SMITH"},{"data":"Koishi:FreudianInstinct","floor":49,"key":"SMITH"}],"circlet_count":0,"master_deck":["Koishi:RacingHeart","Koishi:RacingHeart+1","Koishi:RacingHeart","Koishi:RacingHeart+1","Koishi:PhantomBarrier","Koishi:Provoke","Koishi:HauntingSlash+1","Koishi:UnconsciousUrges","Koishi:SubterraneanRose+1","Koishi:StingingMind","Koishi:TremblingHands+1","Koishi:MindNumbingTerror+1","Koishi:Catatonia","Koishi:JumpScare+1","Koishi:ImGoingToCallYouNow","Koishi:RuptureMind+1","Koishi:HeartfeltFancy+1","Koishi:HeartfeltFancy+1","Koishi:Untouchable","Koishi:TraumaticStroke","Koishi:JumpScare+1","Koishi:DreadfulBlow","Koishi:PredatoryInstincts","Koishi:FleetingPhantom","Koishi:JumpScare+1","Mayhem+1","Koishi:SubconsciousSweep","Koishi:SubterraneanRose","Koishi:PhantomStrike","Koishi:LastRemote","Koishi:RoseHell+1","Koishi:SubterraneanRose+1","Koishi:ReleaseOfTheId+1","Koishi:PredatoryInstincts","Koishi:SubterraneanRose","Koishi:FreudianInstinct+1","Koishi:CatchAndRose+1","Koishi:PredatoryInstincts+1","Koishi:FidgetySnatcher+1","Koishi:VengefulSpirit","Koishi:CatchAndRose+1"],"relics":["Koishi:ImaginaryFriend","EVO:Axolotl","Tiny Chest","Anchor","Sundial","Strawberry","Girya","Astrolabe","PreservedInsect","Whetstone","Toy Ornithopter","War Paint","Eternal Feather","Koishi:ColorfulDays","FossilizedHelix","Gambling Chip"],"acts_visited":["Exordium","TheCity","TheBeyond"],"potions_floor_usage":[3,7,7,11,16,18,23,27,27,28,33,37,38,47,48,50],"damage_taken":[{"damage":1,"enemies":"2 Louse","floor":1,"turns":2},{"damage":2,"enemies":"Cultist","floor":2,"turns":4},{"damage":1,"enemies":"Jaw Worm","floor":4,"turns":4},{"damage":0,"enemies":"Lagavulin","floor":7,"turns":6},{"damage":1,"enemies":"Red Slaver","floor":10,"turns":4},{"damage":13,"enemies":"3 Sentries","floor":11,"turns":9},{"damage":0,"enemies":"2 Fungi Beasts","floor":13,"turns":3},{"damage":37,"enemies":"Hexaghost","floor":16,"turns":6},{"damage":10,"enemies":"2 Thieves","floor":18,"turns":3},{"damage":4,"enemies":"Spheric Guardian","floor":20,"turns":3},{"damage":34,"enemies":"Book of Stabbing","floor":23,"turns":4},{"damage":0,"enemies":"Snake Plant","floor":24,"turns":5},{"damage":11,"enemies":"Gremlin Leader","floor":27,"turns":3},{"damage":25,"enemies":"3 Cultists","floor":28,"turns":4},{"damage":10,"enemies":"Automaton","floor":33,"turns":9},{"damage":34,"enemies":"3 Shapes","floor":35,"turns":6},{"damage":39,"enemies":"3 Darklings","floor":36,"turns":4},{"damage":23,"enemies":"4 Shapes","floor":37,"turns":6},{"damage":27,"enemies":"Transient","floor":38,"turns":5},{"damage":50,"enemies":"Jaw Worm Horde","floor":39,"turns":5},{"damage":2,"enemies":"Maw","floor":44,"turns":8},{"damage":8,"enemies":"3 Darklings","floor":45,"turns":4},{"damage":0,"enemies":"Mind Bloom Boss Battle","floor":46,"turns":6},{"damage":30,"enemies":"Sphere and 2 Shapes","floor":47,"turns":6},{"damage":21,"enemies":"Spire Growth","floor":48,"turns":5},{"damage":80,"enemies":"Time Eater","floor":50,"turns":9}],"seed_played":"-6735358821056943803","potions_obtained":[{"floor":1,"key":"Dexterity Potion"},{"floor":3,"key":"Fruit Juice"},{"floor":3,"key":"EntropicBrew"},{"floor":7,"key":"Block Potion"},{"floor":11,"key":"Explosive Potion"},{"floor":13,"key":"PowerPotion"},{"floor":16,"key":"SteroidPotion"},{"floor":18,"key":"ColorlessPotion"},{"floor":27,"key":"GrandPatriotsElixir:ReiMu"},{"floor":28,"key":"SpeedPotion"},{"floor":36,"key":"Explosive Potion"},{"floor":37,"key":"ZuzhouPotion:ReiMu"},{"floor":44,"key":"ColorlessPotion"},{"floor":47,"key":"Swift Potion"},{"floor":48,"key":"SkillPotion"}],"is_trial":false,"path_per_floor":["M","M","?","M","?","R","E","T","T","M","E","R","M","?","R","B",null,"M","?","M","T","?","E","M","R","T","E","M","$","?","T","R","B",null,"M","M","M","M","M","R","?","R","T","M","M","?","M","M","R","B"],"character_chosen":"KOISHI","items_purchased":["Mayhem","War Paint","Koishi:SubconsciousSweep","Koishi:SubterraneanRose","Koishi:FidgetySnatcher","Koishi:PhantomStrike"],"campfire_rested":0,"item_purchase_floors":[29,29,29,29,29,29],"current_hp_per_floor":[60,60,65,65,65,65,65,65,72,72,63,63,71,57,57,37,72,72,59,63,63,63,66,77,77,77,77,77,77,77,77,77,77,77,62,35,51,59,40,61,61,77,77,77,77,77,76,77,77,0,0],"gold":332,"neow_bonus":"RANDOM_COMMON_RELIC","is_daily":false,"chose_seed":false,"campfire_upgraded":4,"win_rate":0.0,"timestamp":1613099818,"path_taken":["M","M","?","?","?","R","E","?","T","M","E","R","?","?","R","BOSS","M","?","M","?","?","E","?","R","T","E","M","$","?","?","R","BOSS","M","M","M","M","M","R","?","R","T","M","M","?","M","M","R","BOSS"],"items_purchased_type":["Card","Relic","Card","Card","Card","Card"],"build_version":"2020-12-22","purchased_purges":0,"victory":false,"max_hp_per_floor":[60,60,65,65,65,65,65,65,72,72,72,72,72,72,72,72,72,72,77,77,77,77,77,77,77,77,77,77,77,77,77,77,77,77,77,77,77,77,77,77,77,77,77,77,77,77,77,77,77,77,77],"card_choices":[{"not_picked":["Koishi:ReleaseOfTheId","Koishi:EmbryosDream"],"picked":"Koishi:UnconsciousUrges","floor":1},{"not_picked":["Koishi:YoukaiPolygraph","Koishi:SprinkleStarAndHeart"],"picked":"Koishi:SubterraneanRose","floor":2},{"not_picked":["Koishi:PhantomBarrier","Koishi:EmbryosDream"],"picked":"Koishi:StingingMind","floor":4},{"not_picked":["Koishi:MindNumbingTerror","Koishi:ConfinedInnocent"],"picked":"Koishi:TremblingHands","floor":7},{"not_picked":["Koishi:PhantomStrike","Koishi:BloodcurdlingScream"],"picked":"Koishi:MindNumbingTerror","floor":10},{"not_picked":["Koishi:DanmakuParanoia","Koishi:Jaunt"],"picked":"Koishi:Catatonia","floor":11},{"not_picked":["Koishi:Whimsy","Koishi:Possession"],"picked":"Koishi:JumpScare","floor":13},{"not_picked":["Koishi:Ego","Koishi:RollingInRichesHeart"],"picked":"Koishi:ImGoingToCallYouNow","floor":16},{"not_picked":["Koishi:ReflexRadar+1","Koishi:SubconsciousSweep"],"picked":"Koishi:Untouchable","floor":18},{"not_picked":["Koishi:FreudianInstinct+1","Koishi:FourthEye+1"],"picked":"Koishi:TraumaticStroke","floor":20},{"not_picked":["Koishi:UnconsciousUrges+1","Koishi:SpiritedAway"],"picked":"Koishi:DreadfulBlow","floor":23},{"not_picked":["Koishi:BramblyRoseGarden+1","Koishi:RacingHeart"],"picked":"Koishi:PredatoryInstincts","floor":24},{"not_picked":["Koishi:SpiritedAway","Koishi:FourthEye"],"picked":"Koishi:FleetingPhantom","floor":27},{"not_picked":["Koishi:HeartfeltFancy","Koishi:SuperEgo"],"picked":"Koishi:JumpScare","floor":28},{"not_picked":["Koishi:ConfinedInnocent","Koishi:ImGoingToCallYouNow"],"picked":"Koishi:RoseHell","floor":33},{"not_picked":["Koishi:Whimsy","Koishi:MassHysteria"],"picked":"Koishi:SubterraneanRose+1","floor":35},{"not_picked":["Koishi:JumpScare+1","Koishi:SubterraneanRose"],"picked":"Koishi:ReleaseOfTheId+1","floor":36},{"not_picked":["Koishi:Whimsy+1","Koishi:Prune+1"],"picked":"Koishi:PredatoryInstincts","floor":37},{"not_picked":["Koishi:UnconsciousUrges+1","Koishi:FourthEye"],"picked":"Koishi:SubterraneanRose","floor":38},{"not_picked":["Koishi:ReleaseOfTheId+1","Koishi:BloodcurdlingScream"],"picked":"Koishi:FreudianInstinct","floor":39},{"not_picked":["Koishi:BloodcurdlingScream","Koishi:EmbryosDream"],"picked":"Koishi:CatchAndRose+1","floor":44},{"not_picked":["Koishi:UnconsciousUprising","Koishi:VengefulSpirit+1"],"picked":"Koishi:PredatoryInstincts+1","floor":45},{"not_picked":["Koishi:EmbryosDream+1","Koishi:HeartfeltFancy+1"],"picked":"Koishi:FidgetySnatcher+1","floor":46},{"not_picked":["Koishi:ReflexRadar+1","Koishi:EmbryosDream+1"],"picked":"Koishi:VengefulSpirit","floor":47},{"not_picked":["Koishi:HeartfeltFancy","Koishi:UnansweredLove+1"],"picked":"Koishi:CatchAndRose+1","floor":48}],"player_experience":1481471,"relics_obtained":[{"floor":7,"key":"Anchor"},{"floor":8,"key":"Sundial"},{"floor":9,"key":"Strawberry"},{"floor":11,"key":"Girya"},{"floor":23,"key":"PreservedInsect"},{"floor":26,"key":"Whetstone"},{"floor":27,"key":"Toy Ornithopter"},{"floor":31,"key":"Eternal Feather"},{"floor":43,"key":"FossilizedHelix"},{"floor":46,"key":"Gambling Chip"}],"event_choices":[{"damage_healed":0,"gold_gain":0,"player_choice":"Bought 2 Potions","damage_taken":0,"max_hp_gain":0,"max_hp_loss":0,"event_name":"The Woman in Blue","floor":3,"gold_loss":0},{"damage_healed":0,"gold_gain":0,"player_choice":"Grow","damage_taken":0,"max_hp_gain":0,"max_hp_loss":0,"event_name":"Living Wall","floor":5,"gold_loss":0,"cards_upgraded":["Koishi:HauntingSlash"]},{"damage_healed":0,"gold_gain":0,"player_choice":"Entered Light","damage_taken":14,"max_hp_gain":0,"max_hp_loss":0,"event_name":"Shining Light","floor":14,"gold_loss":0,"cards_upgraded":["Koishi:JumpScare","Koishi:MindNumbingTerror"]},{"damage_healed":0,"gold_gain":0,"player_choice":"Shed Blood","damage_taken":18,"max_hp_gain":5,"max_hp_loss":0,"event_name":"Forgotten Altar","floor":19,"gold_loss":0},{"damage_healed":0,"gold_gain":0,"player_choice":"Copied","damage_taken":0,"max_hp_gain":0,"max_hp_loss":0,"event_name":"Duplicator","floor":22,"gold_loss":0,"cards_obtained":["Koishi:JumpScare"]},{"damage_healed":0,"gold_gain":0,"player_choice":"Read","damage_taken":0,"max_hp_gain":0,"max_hp_loss":0,"event_name":"The Library","floor":30,"gold_loss":0,"cards_obtained":["Koishi:LastRemote"]},{"cards_removed":["Koishi:FidgetySnatcher"],"damage_healed":0,"gold_gain":0,"player_choice":"Removed Power","damage_taken":0,"max_hp_gain":0,"max_hp_loss":0,"event_name":"Falling","floor":41,"gold_loss":0},{"damage_healed":0,"gold_gain":0,"player_choice":"Fight","damage_taken":0,"max_hp_gain":0,"max_hp_loss":0,"event_name":"MindBloom","floor":46,"gold_loss":0}],"is_beta":false,"boss_relics":[{"not_picked":["Ectoplasm","Pandora\u0027s Box"],"picked":"Astrolabe"},{"not_picked":["Cursed Key","Sozu"],"picked":"Koishi:ColorfulDays"}],"items_purged_floors":[],"is_endless":false,"potions_floor_spawned":[1,7,11,13,16,18,27,28,36,37,44,47,48],"killed_by":"Time Eater","ascension_level":0}}