{"host":"zwb5naz29bygj01b","time":1613102291,"event":{"mods":["2.2 Compatiblity","AchievementEnabler","BaseMod","Bestiary","Better Altar","Better Match","Better Note","Better Sensory Stone","Better Skull","Better Third Choice","Better-Laid Plans","BetterRewards","Block Reminder","Card Forge","Colored Map","Colored Powertips","Custom Start","Dark Map","DeckTracker","Downfall","Filter the Spire","Hermit","Highlight Path","Minty Spire (QoL Compilation)","Practice Mode","Quick Restart","Random Character Button","Rare Cards Sparkle","Shade Mod","Spicy Shops","StSLib","The Bug Knight","The Cursed","The Disciple","The Hierophant","The IronCluck","Transform Curses"],"gold_per_floor":[111,128,145,9,25,56,56,73,73,73,73,248,248,269,269,397,397,420,420,433,481,556,556,595,595,595,595,39,39,63,97,97,97,97],"floor_reached":33,"language":"ENG","playtime":1801,"items_purged":["Doubt"],"score":297,"play_id":"e60343fb-a7bc-45fb-ab88-a75325e9516f","local_time":"20210211215811","is_ascension_mode":true,"campfire_choices":[{"floor":7,"key":"REST"},{"floor":11,"key":"REST"},{"data":"Judgement","floor":13,"key":"SMITH"},{"data":"Eruption","floor":15,"key":"SMITH"},{"data":"Ragnarok","floor":25,"key":"SMITH"},{"data":"FlurryOfBlows","floor":27,"key":"SMITH"},{"floor":29,"key":"REST"},{"floor":32,"key":"REST"}],"circlet_count":0,"master_deck":["Strike_P","Strike_P","Strike_P","Defend_P","Defend_P","Defend_P","Eruption+1","Vigilance","Wallop","Devotion","FlurryOfBlows+1","Halt","CrushJoints","Consecrate","Wish","ClearTheMind","Judgement+1","JustLucky","Injury","Crescendo+1","DeusExMachina","JustLucky","ThirdEye+1","Ragnarok+1","ClearTheMind","Nirvana","Protect","EmptyFist","SignatureMove+1","Sanctity+1"],"relics":["PureWater","Hammer of Thor","Seething Fire","Anvil of the Gods","Kunai","Toolbox","Calipers","Bag of Marbles","WingedGreaves","Ornamental Fan","Golden Idol","Black Star","Juzu Bracelet","Blue Candle","Happy Flower","Letter Opener","Torii","Vajra","Tiny Chest","Prayer Wheel","Toxic Egg 2"],"acts_visited":["Exordium","TheCity"],"potions_floor_usage":[6,16,16,24,31,31],"damage_taken":[{"damage":0,"enemies":"Cultist","floor":1,"turns":2},{"damage":0,"enemies":"2 Louse","floor":2,"turns":1},{"damage":0,"enemies":"Jaw Worm","floor":3,"turns":3},{"damage":2,"enemies":"Red Slaver","floor":5,"turns":4},{"damage":34,"enemies":"Lagavulin","floor":6,"turns":4},{"damage":0,"enemies":"Exordium Thugs","floor":8,"turns":3},{"damage":0,"enemies":"Looter","floor":14,"turns":1},{"damage":44,"enemies":"Hexaghost","floor":16,"turns":4},{"damage":16,"enemies":"3 Byrds","floor":18,"turns":4},{"damage":0,"enemies":"Spheric Guardian","floor":20,"turns":1},{"damage":8,"enemies":"HollowMod:Nosk","floor":24,"turns":5},{"damage":0,"enemies":"Centurion and Healer","floor":30,"turns":2},{"damage":31,"enemies":"Slavers","floor":31,"turns":4},{"damage":49,"enemies":"Champ","floor":33,"turns":9}],"seed_played":"7371035717114162934","potions_obtained":[{"floor":3,"key":"AttackPotion"},{"floor":6,"key":"SkillPotion"},{"floor":8,"key":"FearPotion"},{"floor":16,"key":"Block Potion"},{"floor":18,"key":"ColorlessPotion"},{"floor":24,"key":"GamblersBrew"}],"is_trial":false,"path_per_floor":["M","M","M","$","M","E","R","M","T","?","R","?","R","M","R","B",null,"M","?","M","T","?","?","E","R","T","R","$","R","M","E","R","B"],"character_chosen":"WATCHER","items_purchased":["Kunai","Toolbox","Bag of Marbles","FlurryOfBlows","Wish","Vajra","ClearTheMind","Nirvana","Tiny Chest","Protect","EmptyFist","BottledMiracle"],"campfire_rested":4,"item_purchase_floors":[0,0,0,0,4,28,28,28,28,28,28,28],"current_hp_per_floor":[40,40,40,40,38,4,25,25,25,25,46,46,46,46,46,2,72,56,56,56,56,49,44,36,36,36,36,36,57,57,26,47,0,0],"gold":97,"neow_bonus":"","is_daily":false,"chose_seed":false,"campfire_upgraded":4,"win_rate":0.0,"timestamp":1613102291,"path_taken":["M","?","M","?","?","E","R","M","T","?","R","?","R","M","R","BOSS","M","?","?","?","?","?","E","R","T","R","$","R","M","E","R","BOSS"],"items_purchased_type":["Relic","Relic","Relic","Card","Card","Relic","Card","Card","Relic","Card","Card","Potion"],"build_version":"2020-12-22","purchased_purges":1,"victory":false,"max_hp_per_floor":[72,72,72,72,72,72,72,72,72,72,72,72,72,72,72,72,72,72,72,72,72,72,72,72,72,72,72,72,72,72,72,72,72,72],"card_choices":[{"not_picked":["FlyingSleeves","CutThroughFate"],"picked":"Halt","floor":1},{"not_picked":["ThirdEye","SashWhip"],"picked":"CrushJoints","floor":2},{"not_picked":["EmptyMind","FollowUp"],"picked":"Consecrate","floor":3},{"not_picked":["BowlingBash","Sanctity"],"picked":"ClearTheMind","floor":5},{"not_picked":["Perseverance","Conclude"],"picked":"Judgement","floor":6},{"not_picked":["FollowUp","Adaptation"],"picked":"JustLucky","floor":8},{"not_picked":["Evaluate","Halt"],"picked":"Crescendo","floor":14},{"not_picked":["SpiritShield","Establishment"],"picked":"DeusExMachina","floor":16},{"not_picked":["WheelKick","FollowUp"],"picked":"JustLucky","floor":18},{"not_picked":["SashWhip","JustLucky"],"picked":"ThirdEye+1","floor":20},{"not_picked":["BowlingBash","Wireheading"],"picked":"Ragnarok","floor":24},{"not_picked":["Nirvana+1","FlurryOfBlows"],"picked":"SignatureMove+1","floor":30},{"not_picked":["CrushJoints","Meditate+1"],"picked":"Sanctity+1","floor":31}],"player_experience":41603,"relics_obtained":[{"floor":6,"key":"WingedGreaves"},{"floor":9,"key":"Ornamental Fan"},{"floor":21,"key":"Juzu Bracelet"},{"floor":24,"key":"Happy Flower"},{"floor":24,"key":"Letter Opener"},{"floor":26,"key":"Torii"},{"floor":31,"key":"Prayer Wheel"},{"floor":31,"key":"Toxic Egg 2"}],"event_choices":[{"damage_healed":0,"gold_gain":0,"player_choice":"Take Wound","damage_taken":0,"relics_obtained":["Golden Idol"],"max_hp_gain":0,"max_hp_loss":0,"event_name":"Golden Idol","floor":10,"gold_loss":0,"cards_obtained":["Injury"]},{"damage_healed":0,"gold_gain":175,"player_choice":"AGREE","damage_taken":73,"max_hp_gain":0,"max_hp_loss":0,"event_name":"betterThird:BetterSerpent","floor":12,"gold_loss":0},{"damage_healed":0,"gold_gain":0,"player_choice":"Upgraded","damage_taken":0,"max_hp_gain":0,"max_hp_loss":0,"event_name":"Upgrade Shrine","floor":19,"gold_loss":0,"cards_upgraded":["Crescendo"]},{"damage_healed":0,"gold_gain":75,"player_choice":"Touch","damage_taken":7,"max_hp_gain":0,"max_hp_loss":0,"event_name":"FaceTrader","floor":22,"gold_loss":0}],"is_beta":false,"boss_relics":[{"not_picked":["Busted Crown","Velvet Choker"],"picked":"Black Star"}],"items_purged_floors":[28],"is_endless":false,"potions_floor_spawned":[3,6,8,16,18,24],"killed_by":"Champ","ascension_level":1}}