{"host":"uyrebrj0204enqpc","time":1613155446,"event":{"mods":["Act Like it!","Bard","BaseMod","Block Reminder","Challenge The Spire","Colored Map","Colored Powertips","DeckTracker","Downfall","GifTheSpireLib","HexUI Lib","Highlight Path","Hubris","Minty Spire (QoL Compilation)","Pale of the Ancients","Quick Restart","Random Character Button","Relic Sorter","Relic Stats","Shop Mod","StSLib","The Blue Laboratory","The Bug Knight","The Cursed","The Jungle","The Marked","Wandering Minibosses"],"gold_per_floor":[13,88,107,32,50,83,83,95,95,95,113,188,188,15,15,110,110,123,123,123,123,138,138,154,154,154,171,171,35,55,80,80,183,183,197,53,53,2,2,2],"floor_reached":39,"language":"ENG","playtime":2893,"items_purged":["theMarked:Strike","theMarked:Strike"],"score":696,"play_id":"60b021b0-7b28-4edd-ab23-fed452b96d1f","local_time":"20210212134406","is_ascension_mode":true,"campfire_choices":[{"floor":7.0,"key":"REST"},{"data":"theMarked:Maelstrom","floor":10.0,"key":"SMITH"},{"floor":15.0,"key":"REST"},{"data":"Apotheosis","floor":23.0,"key":"SMITH"},{"data":"theMarked:Abjuration","floor":25.0,"key":"SMITH"},{"data":"theMarked:AttractMetal","floor":28.0,"key":"SMITH"},{"data":"theMarked:SoldierOfQuellstein","floor":32.0,"key":"SMITH"}],"circlet_count":0,"master_deck":["theMarked:SoldierOfQuellstein+1","theMarked:Electrocute","theMarked:Maelstrom+1","theMarked:AttractMetal+1","theMarked:Electrocute","theMarked:EnhanceMovement","theMarked:Aftermath","Apotheosis+1","theMarked:Abjuration+1","theMarked:EnhanceMovement+1","theMarked:Friction","theMarked:Static","theMarked:Static+1"],"relics":["theMarked:ArtifactOfAir","Ornamental Fan","Mango","hubris:Backtick","theMarked:Gun","hubris:BottledHeart","Vajra","Thread and Needle","Pandora\u0027s Box","Chemical X","hubris:Towel","HollowMod:QueensCombRelic"],"acts_visited":["Exordium","TheCity","TheBeyond"],"potions_floor_usage":[],"damage_taken":[{"damage":2.0,"enemies":"Small Slimes","floor":1.0,"turns":4.0},{"damage":0.0,"enemies":"Cultist","floor":3.0,"turns":4.0},{"damage":5.0,"enemies":"2 Louse","floor":5.0,"turns":2.0},{"damage":42.0,"enemies":"Lagavulin","floor":6.0,"turns":10.0},{"damage":17.0,"enemies":"Exordium Wildlife","floor":8.0,"turns":4.0},{"damage":3.0,"enemies":"Blue Slaver","floor":11.0,"turns":3.0},{"damage":18.0,"enemies":"Hexaghost","floor":16.0,"turns":9.0},{"damage":11.0,"enemies":"Shell Parasite","floor":18.0,"turns":6.0},{"damage":0.0,"enemies":"Chosen","floor":22.0,"turns":4.0},{"damage":0.0,"enemies":"Centurion and Healer","floor":24.0,"turns":6.0},{"damage":0.0,"enemies":"Cultist and Chosen","floor":27.0,"turns":6.0},{"damage":0.0,"enemies":"Snecko","floor":30.0,"turns":4.0},{"damage":0.0,"enemies":"Book of Stabbing","floor":31.0,"turns":5.0},{"damage":0.0,"enemies":"hubris:MusketHawk","floor":33.0,"turns":6.0},{"damage":0.0,"enemies":"3 Shapes","floor":35.0,"turns":4.0},{"damage":0,"enemies":"Orb Walker","floor":39,"turns":1}],"seed_played":"-6242058062421680325","potions_obtained":[{"floor":1.0,"key":"Ancient Potion"},{"floor":3.0,"key":"blueLaboratory:HorrorPotion"},{"floor":8.0,"key":"theMarked:ChargePotion"},{"floor":16.0,"key":"blueLaboratory:SavagePotion"},{"floor":24.0,"key":"hexamod:SoulburnPotion"},{"floor":27.0,"key":"blueLaboratory:Moonshine"},{"floor":31.0,"key":"Strength Potion"}],"is_trial":false,"path_per_floor":["M","?","M","$","M","E","R","M","T","R","M","?","?","$","R","B",null,"M","?","?","?","M","R","M","R","T","M","R","$","M","E","R","B",null,"M","$","?","?","M"],"character_chosen":"THE_DEFAULT","items_purchased":["Apotheosis","theMarked:Friction","Chemical X"],"campfire_rested":2,"item_purchase_floors":[14,29,36],"current_hp_per_floor":[61,54,54,54,49,7,28,11,25,25,22,11,11,11,36,18,68,57,1,1,1,1,1,1,1,1,1,1,1,1,1,1,1,1,1,1,1,0,0,0],"gold":2,"neow_bonus":"REMOVE_TWO","is_daily":false,"chose_seed":false,"campfire_upgraded":5,"win_rate":0.0,"timestamp":1613155446,"path_taken":["M","?","?","$","M","E","R","M","T","R","M","?","?","?","R","BOSS","M","?","?","?","?","R","M","R","T","M","R","$","M","E","R","BOSS","M","$","?","?","?"],"items_purchased_type":["Card","Card","Relic"],"build_version":"2020-12-22","purchased_purges":2,"victory":false,"max_hp_per_floor":[70,70,70,70,70,70,70,70,84,84,84,84,84,84,84,84,84,84,1,1,1,1,1,1,1,1,1,1,1,1,1,1,1,1,1,1,1,0,0,0],"relic_stats":{"counters":[16,78],"Ornamental Fan":[8],"Pandora\u0027s Box":["theMarked:SuspiciousRaven","theMarked:Opportunist","theMarked:Parkour","theMarked:ChainLightning","theMarked:Determination"],"Chemical X":[1],"obtain_stats":[{"theMarked:ArtifactOfAir":0,"HollowMod:QueensCombRelic":38,"hubris:Backtick":17,"theMarked:Gun":17,"Ornamental Fan":6,"hubris:BottledHeart":19,"Vajra":26,"Mango":9,"Thread and Needle":31,"Pandora\u0027s Box":34,"Chemical X":36,"hubris:Towel":37},{"theMarked:ArtifactOfAir":0,"HollowMod:QueensCombRelic":15,"hubris:Backtick":7,"theMarked:Gun":7,"Ornamental Fan":4,"hubris:BottledHeart":8,"Vajra":10,"Mango":5,"Thread and Needle":13,"Pandora\u0027s Box":14,"Chemical X":15,"hubris:Towel":15},{"theMarked:ArtifactOfAir":0,"HollowMod:QueensCombRelic":77,"hubris:Backtick":36,"theMarked:Gun":36,"Ornamental Fan":20,"hubris:BottledHeart":42,"Vajra":52,"Mango":24,"Thread and Needle":67,"Pandora\u0027s Box":73,"Chemical X":77,"hubris:Towel":77}]},"card_choices":[{"not_picked":["theMarked:SelfDefenseTraining","theMarked:ComboAttacks"],"picked":"theMarked:Electrocute","floor":1.0},{"not_picked":["theMarked:Indomitable","theMarked:HeightenedSenses"],"picked":"theMarked:Maelstrom","floor":3.0},{"not_picked":["theMarked:EmpowerWeapon","theMarked:Aftermath"],"picked":"theMarked:AttractMetal","floor":5.0},{"not_picked":["theMarked:WastefulAttack","theMarked:Determination"],"picked":"theMarked:Electrocute","floor":6.0},{"not_picked":["theMarked:Electrocute","theMarked:TurnInvisible"],"picked":"theMarked:EnhanceMovement","floor":8.0},{"not_picked":["theMarked:KeepCalmAndFight","theMarked:WastefulAttack"],"picked":"theMarked:Aftermath","floor":11.0},{"not_picked":["theMarked:Levitate","theMarked:TakeOffHeels"],"picked":"theMarked:Abjuration","floor":16.0},{"not_picked":["theMarked:Indomitable+1","theMarked:WardOff","theMarked:BanishingStrike"],"picked":"SKIP","floor":18.0},{"not_picked":["theMarked:ChannelForce","theMarked:RepellingDischarge","theMarked:ElectricStrings+1"],"picked":"SKIP","floor":22.0},{"not_picked":["theMarked:TwofoldDefense+1","theMarked:EmpowerWeapon","theMarked:Parkour"],"picked":"SKIP","floor":24.0},{"not_picked":["theMarked:Memento+1","theMarked:RogueSparks"],"picked":"theMarked:EnhanceMovement+1","floor":27.0},{"not_picked":["theMarked:Parkour","theMarked:SelfDefenseTraining","theMarked:RepellingDischarge"],"picked":"SKIP","floor":30.0},{"not_picked":["theMarked:Generate","theMarked:Aftermath"],"picked":"theMarked:Static","floor":31.0},{"not_picked":["theMarked:RepellingDischarge","theMarked:BanishingWave+1"],"picked":"theMarked:Static+1","floor":35.0}],"player_experience":1112224,"relics_obtained":[{"floor":6.0,"key":"Ornamental Fan"},{"floor":9.0,"key":"Mango"},{"floor":26.0,"key":"Vajra"},{"floor":31.0,"key":"Thread and Needle"}],"event_choices":[{"damage_healed":0.0,"max_hp_gain":0.0,"max_hp_loss":0.0,"gold_gain":75.0,"event_name":"FaceTrader","player_choice":"Touch","floor":2.0,"gold_loss":0.0,"damage_taken":7.0},{"damage_healed":0.0,"max_hp_gain":0.0,"max_hp_loss":0.0,"gold_gain":75.0,"event_name":"World of Goop","player_choice":"Gather Gold","floor":12.0,"gold_loss":0.0,"damage_taken":11.0},{"damage_healed":0.0,"max_hp_gain":0.0,"max_hp_loss":0.0,"gold_gain":0.0,"event_name":"Dead Adventurer","player_choice":"Searched \u00271\u0027 times","floor":13.0,"gold_loss":0.0,"damage_taken":0.0},{"damage_healed":0.0,"max_hp_gain":0.0,"max_hp_loss":0.0,"gold_gain":0.0,"event_name":"Wheel of Change","player_choice":"Full Heal","floor":21.0,"gold_loss":0.0,"damage_taken":0.0},{"damage_healed":0.0,"max_hp_gain":0.0,"max_hp_loss":0.0,"gold_gain":0.0,"event_name":"WeMeetAgain","player_choice":"Paid Gold","floor":38.0,"gold_loss":51.0,"damage_taken":0.0,"relics_obtained":["HollowMod:QueensCombRelic"]}],"is_beta":false,"boss_relics":[{"not_picked":["theMarked:Eyepatch","Runic Pyramid"],"picked":"hubris:Backtick"},{"not_picked":["hubris:VirtuousBlindfold","Snecko Eye"],"picked":"Pandora\u0027s Box"}],"items_purged_floors":[4,29],"is_endless":false,"potions_floor_spawned":[1,3,8,16,24,27,31],"killed_by":"Orb Walker","ascension_level":8}}