{"host":"phniwng9zo19jwdb","time":1613158409,"event":{"mods":["AchievementEnabler","BaseMod","Colored Powertips","Dark Map","Faster Ascension Climbing","GifTheSpireLib","Minty Spire (QoL Compilation)","Permanent Neow","Rare Cards Sparkle","Relic Filter Mod","StSLib","Weighted Paths"],"gold_per_floor":[113,128,144,158,158,158,174,202,202,235,44,72,88,88,88,88,88],"floor_reached":16,"language":"ENG","playtime":621,"items_purged":[],"score":244,"play_id":"a956911c-014d-42b7-ba4d-ba3b07edab23","local_time":"20210212203329","is_ascension_mode":true,"campfire_choices":[{"data":"Neutralize","floor":6,"key":"SMITH"},{"data":"Glass Knife","floor":15,"key":"SMITH"}],"circlet_count":0,"master_deck":["AscendersBane","Strike_G","Strike_G","Strike_G","Strike_G","Strike_G","Defend_G","Defend_G","Defend_G","Defend_G","Defend_G","Survivor","Neutralize+1","Cloak And Dagger","Poisoned Stab","Cloak And Dagger","Blade Dance","Backflip+1","Endless Agony","Neutralize+1","Backflip+1","Glass Knife+1","PiercingWail+1","Injury"],"relics":["Black Star","Snake Skull","Toxic Egg 2","Eternal Feather","Pen Nib","DollysMirror","Toy Ornithopter","Nunchaku","Golden Idol"],"acts_visited":["Exordium"],"potions_floor_usage":[8,10,12],"damage_taken":[{"damage":9,"enemies":"Cultist","floor":1,"turns":5},{"damage":5,"enemies":"Jaw Worm","floor":2,"turns":5},{"damage":0,"enemies":"2 Louse","floor":3,"turns":2},{"damage":0,"enemies":"2 Fungi Beasts","floor":4,"turns":5},{"damage":7,"enemies":"Exordium Wildlife","floor":7,"turns":4},{"damage":24,"enemies":"Lagavulin","floor":8,"turns":10},{"damage":29,"enemies":"3 Sentries","floor":10,"turns":9},{"damage":2,"enemies":"Lagavulin","floor":12,"turns":7},{"damage":0,"enemies":"Large Slime","floor":13,"turns":3},{"damage":6,"enemies":"Slime Boss","floor":16,"turns":7}],"seed_played":"-6182984253237637371","potions_obtained":[{"floor":2,"key":"Explosive Potion"},{"floor":3,"key":"Fire Potion"},{"floor":8,"key":"Fire Potion"},{"floor":13,"key":"Poison Potion"}],"is_trial":false,"path_per_floor":["M","M","M","M","?","R","M","E","T","E","$","E","M","?","R","B"],"character_chosen":"THE_SILENT","items_purchased":["DollysMirror","Backflip+1"],"campfire_rested":0,"item_purchase_floors":[11,11],"current_hp_per_floor":[50,45,45,45,66,66,59,35,35,6,6,4,4,4,16,10,10],"gold":88,"neow_bonus":"BOSS_RELIC","is_daily":false,"chose_seed":false,"campfire_upgraded":2,"win_rate":0.0,"timestamp":1613158409,"path_taken":["M","?","M","M","?","R","M","E","T","E","$","E","?","?","R","BOSS"],"items_purchased_type":["Relic","Card"],"build_version":"2020-12-22","purchased_purges":0,"victory":false,"max_hp_per_floor":[66,66,66,66,66,66,66,66,66,66,66,66,66,66,66,66,66],"card_choices":[{"not_picked":["Prepared","Flechettes","Outmaneuver"],"picked":"SKIP","floor":1},{"not_picked":["Caltrops","Endless Agony"],"picked":"Cloak And Dagger","floor":2},{"not_picked":["PiercingWail","Bouncing Flask"],"picked":"Poisoned Stab","floor":3},{"not_picked":["PiercingWail","Quick Slash"],"picked":"Cloak And Dagger","floor":4},{"not_picked":["Outmaneuver","All Out Attack"],"picked":"Blade Dance","floor":7},{"not_picked":["Flechettes","Leg Sweep+1"],"picked":"Backflip+1","floor":8},{"not_picked":["Bane","Outmaneuver+1"],"picked":"Endless Agony","floor":10},{"not_picked":["Setup+1","Well Laid Plans"],"picked":"Glass Knife","floor":12},{"not_picked":["Cloak And Dagger+1","Dagger Throw"],"picked":"PiercingWail+1","floor":13}],"player_experience":124820,"relics_obtained":[{"floor":8,"key":"Snake Skull"},{"floor":8,"key":"Toxic Egg 2"},{"floor":10,"key":"Eternal Feather"},{"floor":10,"key":"Pen Nib"},{"floor":12,"key":"Toy Ornithopter"},{"floor":12,"key":"Nunchaku"}],"event_choices":[{"damage_healed":21,"gold_gain":0,"player_choice":"Full Heal","damage_taken":0,"max_hp_gain":0,"max_hp_loss":0,"event_name":"Wheel of Change","floor":5,"gold_loss":0},{"damage_healed":0,"gold_gain":0,"player_choice":"Take Wound","damage_taken":0,"relics_obtained":["Golden Idol"],"max_hp_gain":0,"max_hp_loss":0,"event_name":"Golden Idol","floor":14,"gold_loss":0,"cards_obtained":["Injury"]}],"is_beta":false,"boss_relics":[],"items_purged_floors":[],"is_endless":false,"potions_floor_spawned":[2,3,7,8,13],"killed_by":"Slime Boss","ascension_level":20}}