{"host":"v0xbo920qxoewo3e","time":1613165053,"event":{"mods":["Act Like it!","Aspiration","Astrologer","BaseMod","Conspire","Downfall","Friendly Minions","GifTheSpireLib","Halation","Hermit","Hubris","Infinite Spire","Jedi Mod","Jorbs\u0027s Wanderer Trilogy","Koishi","Marisa????????","Minty Spire (QoL Compilation)","Potionbrewer","Rare Cards Sparkle","Reimu??????","Remilia??????","Replay The Spire","StSLib","Stuff the Spire","The Animator","The Blackbeard","The Bladedancer","The Bug Knight","The Construct","The Cursed","The Disciple","The Gatherer","The Jungle","The Problem Sleuth","The Runesmith","The Servant 0.9.4","TheBandit","Unceasing Turn Reminder"],"gold_per_floor":[109,125,143,143,163,163,163,191,214,214,245,245,260,41,41,41,41],"floor_reached":16,"language":"ENG","playtime":1013,"items_purged":[],"score":171,"play_id":"b56c10e2-6649-4e2e-b245-ab3f307e222d","local_time":"20210212232413","is_ascension_mode":true,"campfire_choices":[{"data":"Zap","floor":6,"key":"SMITH"},{"floor":10,"key":"REST"},{"floor":15,"key":"REST"}],"circlet_count":0,"master_deck":["AscendersBane","Strike_B","Strike_B","Strike_B","Defend_B","Defend_B","Defend_B","Defend_B","Zap+1","Dualcast","Streamline","Leap","StuffTheSpire:ForEach+1","White Noise","Reinforced Body","StuffTheSpire:ForEach","Glacier"],"relics":["Cracked Core","hubris:Towel","StuffTheSpire:GrapeVine","infinitespire:Beetle Shell","StuffTheSpire:HeavyRock"],"acts_visited":["Exordium"],"potions_floor_usage":[5,11],"damage_taken":[{"damage":0,"enemies":"Small Slimes","floor":1,"turns":3},{"damage":1,"enemies":"conspire:RoseBush","floor":2,"turns":4},{"damage":1,"enemies":"Cultist","floor":3,"turns":3},{"damage":9,"enemies":"Gremlin Gang","floor":5,"turns":8},{"damage":36,"enemies":"HollowMod:MossKnight","floor":8,"turns":9},{"damage":25,"enemies":"3 Sentries","floor":11,"turns":7},{"damage":7,"enemies":"conspire:2 RoseBushes","floor":13,"turns":5},{"damage":67,"enemies":"Fading Forest","floor":16,"turns":10}],"seed_played":"-5688651207974367704","potions_obtained":[{"floor":1,"key":"potionbrewer:QuicksilverPotion"},{"floor":2,"key":"DuplicationPotion"}],"is_trial":false,"path_per_floor":["M","M","M","?","M","R","?","E","T","R","E","?","M","$","R","B"],"character_chosen":"DEFECT","items_purchased":["StuffTheSpire:ForEach","Glacier"],"campfire_rested":2,"item_purchase_floors":[14,14],"current_hp_per_floor":[75,74,73,73,64,64,57,21,21,45,20,20,13,13,37,0,0],"gold":41,"neow_bonus":"TEN_PERCENT_HP_BONUS","is_daily":false,"chose_seed":false,"campfire_upgraded":1,"win_rate":0.0,"timestamp":1613165053,"path_taken":["M","M","M","?","M","R","?","E","T","R","E","?","M","$","R","BOSS"],"items_purchased_type":["Card","Card"],"build_version":"2020-12-22","purchased_purges":0,"victory":false,"max_hp_per_floor":[82,82,82,82,82,82,82,82,82,82,82,82,82,82,82,82,82],"card_choices":[{"not_picked":["Hologram","Compile Driver"],"picked":"Streamline","floor":1},{"not_picked":["Barrage","Consume","Redo"],"picked":"SKIP","floor":2},{"not_picked":["ReplayTheSpireMod:Repulse","Cold Snap"],"picked":"Leap","floor":3},{"not_picked":["Sweeping Beam","hubris:Ukulele"],"picked":"StuffTheSpire:ForEach","floor":5},{"not_picked":["Chill","StuffTheSpire:ShieldGenerator"],"picked":"White Noise","floor":8},{"not_picked":["Turbo","Sweeping Beam"],"picked":"Reinforced Body","floor":11},{"not_picked":["Fusion","jedi:BurstLightning","Barrage"],"picked":"SKIP","floor":13}],"player_experience":1476934,"relics_obtained":[{"floor":8,"key":"StuffTheSpire:GrapeVine"},{"floor":9,"key":"infinitespire:Beetle Shell"},{"floor":11,"key":"StuffTheSpire:HeavyRock"}],"event_choices":[{"cards_removed":["Strike_B"],"damage_healed":0,"gold_gain":0,"player_choice":"Card Removal","damage_taken":7,"max_hp_gain":0,"max_hp_loss":0,"event_name":"Golden Wing","floor":7,"gold_loss":0},{"damage_healed":0,"gold_gain":0,"player_choice":"Upgraded","damage_taken":0,"max_hp_gain":0,"max_hp_loss":0,"event_name":"Upgrade Shrine","floor":12,"gold_loss":0,"cards_upgraded":["StuffTheSpire:ForEach"]}],"is_beta":false,"boss_relics":[],"items_purged_floors":[],"is_endless":false,"potions_floor_spawned":[1,2,3],"killed_by":"Fading Forest","ascension_level":11}}