{"host":"c97twqu0op5dg8i4","time":1613095401,"event":{"mods":["AchievementEnabler","BaseMod","Colored Map","Minty Spire (QoL Compilation)","Permanent Neow"],"gold_per_floor":[111,111,129,129,54,54,83,96,142,142,142,158,158,158,199,214,214,342,342,357,627,640,654,383,383,426,442,442,481,505,505,505,420,420,445,445,568,568,591,591,604,111,132,132,165,165,199,199,218,234,567,585,107,107,107,107,107,4,37,37,37],"floor_reached":60,"language":"ENG","playtime":2525,"items_purged":["Defend_P","Strike_P","Strike_P","Writhe"],"score":1188,"play_id":"16d07c75-c2bf-478c-9e5a-960442fe3039","local_time":"20210211210321","is_ascension_mode":true,"campfire_choices":[{"data":"Judgement","floor":6,"key":"SMITH"},{"data":"ThirdEye","floor":11,"key":"SMITH"},{"floor":13,"key":"REST"},{"data":"FlyingSleeves","floor":17,"key":"SMITH"},{"floor":25,"key":"REST"},{"data":"Vigilance","floor":28,"key":"SMITH"},{"floor":31,"key":"REST"},{"floor":36,"key":"REST"},{"data":"Alpha","floor":44,"key":"SMITH"},{"floor":46,"key":"RECALL"},{"floor":54,"key":"REST"},{"data":"Nirvana","floor":57,"key":"SMITH"}],"circlet_count":0,"master_deck":["Strike_P+1","Defend_P","Defend_P","Eruption+1","Vigilance+1","Judgement+1","ThirdEye+1","Evaluate","Prostrate","FlyingSleeves+1","JustLucky","Brilliance","ThirdEye+1","CutThroughFate","Alpha+1","Evaluate","Nirvana+1","ThirdEye+1","JustLucky","Parasite","LikeWater+1","Wireheading"],"relics":["HolyWater","Whetstone","PreservedInsect","Centennial Puzzle","Omamori","Cursed Key","Medical Kit","Lantern","Blue Candle","Damaru","Mercury Hourglass","Strawberry","Orrery","Pocketwatch","The Courier","Ornamental Fan","TungstenRod","Anchor","Bronze Scales"],"acts_visited":["Exordium","TheCity","TheBeyond","TheEnding"],"potions_floor_usage":[26,37,52,55,59,60],"damage_taken":[{"damage":2,"enemies":"Jaw Worm","floor":1,"turns":4},{"damage":0,"enemies":"Cultist","floor":3,"turns":4},{"damage":12,"enemies":"3 Sentries","floor":7,"turns":7},{"damage":0,"enemies":"2 Louse","floor":8,"turns":2},{"damage":4,"enemies":"2 Fungi Beasts","floor":12,"turns":3},{"damage":0,"enemies":"Lagavulin","floor":15,"turns":2},{"damage":0,"enemies":"3 Louse","floor":16,"turns":3},{"damage":26,"enemies":"The Guardian","floor":18,"turns":11},{"damage":7,"enemies":"2 Thieves","floor":20,"turns":3},{"damage":0,"enemies":"Spheric Guardian","floor":22,"turns":1},{"damage":6,"enemies":"3 Cultists","floor":23,"turns":5},{"damage":18,"enemies":"Slavers","floor":26,"turns":2},{"damage":0,"enemies":"Snecko","floor":27,"turns":2},{"damage":10,"enemies":"Gremlin Leader","floor":29,"turns":5},{"damage":0,"enemies":"Sentry and Sphere","floor":35,"turns":2},{"damage":17,"enemies":"Champ","floor":37,"turns":7},{"damage":0,"enemies":"3 Shapes","floor":39,"turns":4},{"damage":0,"enemies":"Orb Walker","floor":41,"turns":2},{"damage":4,"enemies":"Sphere and 2 Shapes","floor":43,"turns":3},{"damage":4,"enemies":"Giant Head","floor":45,"turns":6},{"damage":4,"enemies":"Reptomancer","floor":47,"turns":5},{"damage":1,"enemies":"Writhing Mass","floor":49,"turns":6},{"damage":6,"enemies":"3 Darklings","floor":50,"turns":3},{"damage":3,"enemies":"Spire Growth","floor":52,"turns":5},{"damage":51,"enemies":"Time Eater","floor":55,"turns":12},{"damage":14,"enemies":"Shield and Spear","floor":59,"turns":5},{"damage":168,"enemies":"The Heart","floor":60,"turns":8}],"seed_played":"-8397344266589783831","potions_obtained":[{"floor":12,"key":"FearPotion"},{"floor":18,"key":"EssenceOfSteel"},{"floor":20,"key":"BlessingOfTheForge"},{"floor":29,"key":"ColorlessPotion"},{"floor":35,"key":"StancePotion"},{"floor":40,"key":"Dexterity Potion"},{"floor":40,"key":"AttackPotion"},{"floor":52,"key":"Explosive Potion"},{"floor":59,"key":"StancePotion"}],"is_trial":false,"path_per_floor":["M","?","M","?","$","R","E","M","T","T","R","M","R","?","E","M","R","B",null,"M","?","M","M","$","R","E","M","R","E","T","R","?","?","T","M","R","B",null,"M","?","M","$","M","R","E","R","E","T","M","M","?","M","$","R","B",null,"R","$","E","B"],"character_chosen":"WATCHER","items_purchased":["CutThroughFate","Medical Kit","Strawberry","Nirvana","Orrery","TungstenRod","Anchor","DistilledChaos","Energy Potion"],"campfire_rested":5,"item_purchase_floors":[24,24,42,42,42,53,53,58,58],"current_hp_per_floor":[45,45,45,50,50,50,38,38,38,38,38,34,57,57,57,57,57,31,61,54,27,27,21,21,42,24,24,24,14,14,35,35,35,35,35,56,39,63,63,63,63,70,66,66,62,62,58,58,57,51,51,48,48,71,20,64,64,64,50,0,0],"gold":37,"neow_bonus":"THREE_RARE_CARDS","is_daily":false,"chose_seed":false,"campfire_upgraded":6,"win_rate":0.0,"timestamp":1613095401,"path_taken":["M","?","?","?","$","R","E","M","T","T","R","M","R","?","E","M","R","BOSS","M","?","?","M","$","R","E","?","R","E","T","R","?","?","?","M","R","BOSS","M","?","M","$","M","R","E","R","E","T","?","M","?","M","?","R","BOSS","R","$","E","BOSS"],"items_purchased_type":["Card","Relic","Relic","Card","Relic","Relic","Relic","Potion","Potion"],"build_version":"2020-12-22","purchased_purges":4,"victory":false,"max_hp_per_floor":[72,72,72,77,77,77,77,77,77,77,77,77,77,71,71,71,71,71,71,71,71,71,71,71,71,71,71,71,71,71,71,71,71,71,71,71,71,71,71,71,71,78,78,78,78,78,78,78,78,78,78,78,78,78,78,78,78,78,78,78,78],"card_choices":[{"not_picked":["Devotion","Omniscience"],"picked":"Judgement","floor":0},{"not_picked":["EmptyBody","Crescendo"],"picked":"ThirdEye","floor":1},{"not_picked":["Prostrate","FollowUp"],"picked":"Evaluate","floor":3},{"not_picked":["ThirdEye","Perseverance"],"picked":"Prostrate","floor":7},{"not_picked":["Halt","ForeignInfluence","Evaluate"],"picked":"SKIP","floor":8},{"not_picked":["InnerPeace","ThirdEye","Crescendo"],"picked":"SKIP","floor":12},{"not_picked":["Establishment","Evaluate"],"picked":"FlyingSleeves","floor":15},{"not_picked":["FearNoEvil","Consecrate"],"picked":"JustLucky","floor":16},{"not_picked":["DeusExMachina","Blasphemy"],"picked":"Brilliance","floor":18},{"not_picked":["Indignation","SashWhip+1","Swivel"],"picked":"SKIP","floor":20},{"not_picked":["Collect","ReachHeaven","Swivel"],"picked":"SKIP","floor":22},{"not_picked":["FlurryOfBlows","Indignation"],"picked":"ThirdEye+1","floor":23},{"not_picked":["WindmillStrike","Consecrate"],"picked":"Alpha","floor":26},{"not_picked":["ThirdEye","Crescendo","CrushJoints+1"],"picked":"SKIP","floor":27},{"not_picked":["ThirdEye","Swivel","Adaptation"],"picked":"SKIP","floor":29},{"not_picked":["CutThroughFate","Consecrate"],"picked":"Evaluate","floor":35},{"not_picked":["Protect","InnerPeace+1","BowlingBash+1"],"picked":"SKIP","floor":39},{"not_picked":["JustLucky","ThirdEye","Perseverance"],"picked":"SKIP","floor":41},{"not_picked":["MentalFortress+1","Prostrate"],"picked":"ThirdEye+1","floor":42},{"not_picked":["Vengeance+1","ClearTheMind+1"],"picked":"JustLucky","floor":42},{"not_picked":["EmptyBody","InnerPeace","Prostrate+1"],"picked":"SKIP","floor":43},{"not_picked":["Tantrum+1","PathToVictory","FollowUp"],"picked":"SKIP","floor":45},{"not_picked":["FollowUp","BowlingBash","FlurryOfBlows+1"],"picked":"SKIP","floor":47},{"not_picked":["InnerPeace+1","FollowUp","JustLucky"],"picked":"SKIP","floor":49},{"not_picked":["Perseverance+1","EmptyMind"],"picked":"LikeWater+1","floor":50},{"not_picked":["FlyingSleeves+1","FollowUp+1","ClearTheMind+1"],"picked":"SKIP","floor":52},{"not_picked":["WheelKick+1","LessonLearned"],"picked":"Wireheading","floor":59}],"player_experience":383308,"relics_obtained":[{"floor":7,"key":"Whetstone"},{"floor":9,"key":"PreservedInsect"},{"floor":10,"key":"Centennial Puzzle"},{"floor":15,"key":"Omamori"},{"floor":26,"key":"Lantern"},{"floor":29,"key":"Blue Candle"},{"floor":30,"key":"Damaru"},{"floor":45,"key":"Pocketwatch"},{"floor":47,"key":"The Courier"},{"floor":48,"key":"Ornamental Fan"},{"floor":59,"key":"Bronze Scales"}],"event_choices":[{"cards_removed":["Defend_P"],"damage_healed":0,"gold_gain":0,"player_choice":"Offered Basic","damage_taken":0,"max_hp_gain":0,"max_hp_loss":0,"event_name":"Bonfire Elementals","floor":2,"gold_loss":0},{"damage_healed":0,"gold_gain":0,"player_choice":"Donut","damage_taken":0,"max_hp_gain":5,"max_hp_loss":0,"event_name":"Big Fish","floor":4,"gold_loss":0},{"damage_healed":0,"gold_gain":0,"player_choice":"Lose Max HP","damage_taken":0,"relics_obtained":["Golden Idol"],"max_hp_gain":0,"max_hp_loss":6,"event_name":"Golden Idol","floor":14,"gold_loss":0},{"damage_healed":0,"gold_gain":270,"player_choice":"GOLD GOLD GOLD ","damage_taken":27,"max_hp_gain":0,"max_hp_loss":0,"event_name":"Knowing Skull","floor":21,"potions_obtained":[],"gold_loss":0,"cards_obtained":[]},{"cards_removed":["Strike_P"],"damage_healed":0,"gold_gain":0,"player_choice":"Elegance","damage_taken":0,"max_hp_gain":0,"max_hp_loss":0,"event_name":"Back to Basics","floor":32,"gold_loss":0},{"damage_healed":0,"gold_gain":0,"player_choice":"Obtained Relic","damage_taken":0,"relics_obtained":["Mercury Hourglass"],"max_hp_gain":0,"max_hp_loss":0,"event_name":"Addict","floor":33,"gold_loss":85},{"damage_healed":0,"gold_gain":0,"player_choice":"Got Potions","damage_taken":0,"max_hp_gain":0,"max_hp_loss":0,"event_name":"Lab","floor":40,"gold_loss":0},{"damage_healed":0,"gold_gain":333,"player_choice":"Gave Idol","damage_taken":0,"max_hp_gain":0,"max_hp_loss":0,"event_name":"The Moai Head","floor":51,"relics_lost":["Golden Idol"],"gold_loss":0}],"is_beta":false,"boss_relics":[{"not_picked":["SacredBark","Busted Crown"],"picked":"Cursed Key"},{"not_picked":["Coffee Dripper","Fusion Hammer"],"picked":"HolyWater"}],"items_purged_floors":[5,24,42,53],"is_endless":false,"potions_floor_spawned":[12,18,20,29,35,41,47,49,52,59],"killed_by":"The Heart","ascension_level":9}}