{"host":"70jy76jvzy076wi7","time":1613135669,"event":{"mods":["Act Like it!","BaseMod","Better Third Choice","BetterRewards","Energized Spire","Gensokyo","GungeonMod","Hallownest","Hermit","Infinite Spire","Library of Ruina","Library of Ruina Extra","Lobotomy","LobotomyExtend","Marisa£®ÏF”Í°°ƒß¿Ì…≥£©","Minty Spire (QoL Compilation)","Pale of the Ancients","Permanent Neow","Reliquary","Replay The Spire","Robot Space Explorer","Spicy Shops","StSLib","The Servant 0.9.4","Yakumo Yukari mod"],"gold_per_floor":[126,126,126,147,169,214,214,250,250,289,289,318,318,344,344,457,457,481,481,500,521,141,141,141,141,193,193,214,9,44,73,73,190,190,235,289,321,352,352,352,385,441,490,527,527,527,527,557,557,563,563,563,563,45,103,121],"floor_reached":57,"language":"ZHS","playtime":4429,"items_purged":["InformationCode"],"score":1717,"play_id":"922838de-a911-4f07-a088-f29821d2df63","local_time":"20210212211429","is_ascension_mode":true,"campfire_choices":[{"floor":7.0,"key":"REST"},{"floor":49,"key":"RECALL"}],"circlet_count":0,"master_deck":["QueenOfHatred","LongBird","SpecialBullet","SpecialBullet","SpecialBullet","SpecialBullet","SpecialBullet","SpecialBullet","SpecialBullet","SpecialBullet","ReplayUltimateDefense+1","Moonlight","infinitespire:Menacing","Wingbeat","Diffraction","VoidDream","Adoration","TT2Protocol","infinitespire:Collect","Mimicry+1","SummonCall","WristCuter","RedShoes","Logging","DaCapo","Wingbeat+1","TrainingCode","BloodyDesire+1","GreenStem+1","ScreamingWedge","WelfareCode","Twilight","GoldRush","RecordCode"],"relics":["CogitoBucket","RabbitCall","Replay:Bandana","Ornamental Fan","Pen Nib","LetterFromLob","reliquary:BallBearing","Blood Vial","infinitespire:WardingShard","reliquary:FeatherDuster","AdjustmentMirror","reliquary:WritOfMandamus","AspirationHeart","DemoMod:SerJunkan","Onion Ring","Justitia_r","TheAbacus","Replay:Bottled Snecko","Philosopher\u0027s Stone","BackwardClock","InTheNameOfLoveAndHate_r","PageOfSingingMachine","DemoMod:Junk","Busted Crown","PageOfSpiderBud"],"acts_visited":["Exordium","TheCity","TheBeyond","TheEnding"],"potions_floor_usage":[56,56,56],"damage_taken":[{"damage":0.0,"enemies":"2 Louse","floor":1.0,"turns":2.0},{"damage":6.0,"enemies":"Jaw Worm","floor":4.0,"turns":2.0},{"damage":0.0,"enemies":"Cultist","floor":5.0,"turns":3.0},{"damage":19.0,"enemies":"Gremlin Nob","floor":6.0,"turns":5.0},{"damage":0.0,"enemies":"Lagavulin","floor":8.0,"turns":6.0},{"damage":0.0,"enemies":"Gremlin Nob","floor":10.0,"turns":5.0},{"damage":0.0,"enemies":"Looter","floor":12.0,"turns":10.0},{"damage":0.0,"enemies":"Lots of Slimes","floor":14.0,"turns":2.0},{"damage":0.0,"enemies":"Hexaghost","floor":16.0,"turns":10.0},{"damage":3.0,"enemies":"Shell Parasite","floor":18.0,"turns":6.0},{"damage":0.0,"enemies":"3 Byrds","floor":20.0,"turns":5.0},{"damage":0.0,"enemies":"3 Cultists","floor":21.0,"turns":14.0},{"damage":0.0,"enemies":"Cultist and Chosen","floor":28.0,"turns":7.0},{"damage":0.0,"enemies":"Book of Stabbing","floor":30.0,"turns":4.0},{"damage":0.0,"enemies":"Centurion and Healer","floor":31.0,"turns":2.0},{"damage":0.0,"enemies":"Automaton","floor":33.0,"turns":7.0},{"damage":1.0,"enemies":"3 Shapes","floor":35.0,"turns":7.0},{"damage":0.0,"enemies":"3 Darklings","floor":36.0,"turns":3.0},{"damage":0.0,"enemies":"Jaw Worm Horde","floor":37.0,"turns":3.0},{"damage":0.0,"enemies":"Spire Growth","floor":38.0,"turns":4.0},{"damage":0.0,"enemies":"Sphere and 2 Shapes","floor":41.0,"turns":4.0},{"damage":0.0,"enemies":"Nemesis","floor":42.0,"turns":3.0},{"damage":0.0,"enemies":"Giant Head","floor":44.0,"turns":7.0},{"damage":0,"enemies":"3 Darklings","floor":48,"turns":2},{"damage":0,"enemies":"FixerMidnight","floor":50,"turns":6},{"damage":0,"enemies":"Shield and Spear","floor":55,"turns":3},{"damage":2,"enemies":"The Heart","floor":56,"turns":4}],"seed_played":"7827453024639125982","potions_obtained":[{"floor":5.0,"key":"Adrenaline Potion"},{"floor":6.0,"key":"Elixir"},{"floor":10.0,"key":"Milkshake"},{"floor":20.0,"key":"Strength Potion"},{"floor":31.0,"key":"DemoMod:LeadSkinPotion"},{"floor":36.0,"key":"Toxic Potion"}],"is_trial":false,"path_per_floor":["M","?","?","M","M","E","R","E","T","E","R","M","?","M","R","B",null,"M","AVR","M","M","$","R","?","R","T","R","M","$","E","M","R","B",null,"M","M","M","M","?","R","M","E","T","E","AVR","R","?","M","R","B",null,null,"R","$","E","B",null],"character_chosen":"Angela","items_purchased":["ReplayUltimateDefense","Replay:Bandana","Ornamental Fan","Pen Nib","DemoMod:SerJunkan","Mimicry+1","TheAbacus","WristCuter","Twilight","GoldRush","PageOfSpiderBud"],"campfire_rested":1,"item_purchase_floors":[0,0,0,0,22,22,29,29,54,54,54],"current_hp_per_floor":[56,38,31,25,25,6,27,27,27,29,29,33,33,39,39,41,74,71,71,73,88,88,88,88,88,88,88,88,88,92,92,92,96,96,96,96,96,96,96,96,96,96,96,96,96,96,96,96,96,96,96,96,96,96,96,94],"gold":121,"neow_bonus":"","is_daily":false,"chose_seed":false,"campfire_upgraded":0,"win_rate":0.0,"timestamp":1613135669,"path_taken":["M","?","?","M","M","E","R","E","T","E","R","?","?","?","R","BOSS","M","AVR","M","M","$","R","?","R","T","R","M","?","E","M","R","BOSS","M","M","M","M","?","R","M","E","T","E","AVR","R","?","M","R","BOSS","R","$","E","BOSS"],"items_purchased_type":["Card","Relic","Relic","Relic","Relic","Card","Relic","Card","Card","Card","Relic"],"build_version":"2020-12-22","purchased_purges":1,"victory":true,"max_hp_per_floor":[70,70,70,70,70,70,70,70,70,70,70,70,70,74,74,74,74,74,74,74,88,88,88,88,88,88,88,88,88,92,92,92,96,96,96,96,96,96,96,96,96,96,96,96,96,96,96,96,96,96,96,96,96,96,96,96],"card_choices":[{"not_picked":["ScreamingWedge"],"picked":"Moonlight","floor":1.0},{"not_picked":["infinitespire:UltimateForm","infinitespire:SevenWalls"],"picked":"infinitespire:Menacing","floor":2.0},{"not_picked":["Tough","Noise"],"picked":"SKIP","floor":4.0},{"not_picked":["TodaysExpression"],"picked":"Wingbeat","floor":5.0},{"not_picked":["OldLady","OSAHOGD"],"picked":"DespairKnight","floor":6.0},{"not_picked":["CUTE","RedEyes"],"picked":"SKIP","floor":6.0},{"not_picked":["CUTE"],"picked":"Diffraction","floor":8.0},{"not_picked":["Regret_ego","Noise"],"picked":"SKIP","floor":10.0},{"not_picked":["Penitence","FourthMatchFlame"],"picked":"SKIP","floor":12.0},{"not_picked":["Scorched","CrumblingArmor"],"picked":"VoidDream","floor":14.0},{"not_picked":["TodaysExpression","FourthMatchFlame"],"picked":"SKIP","floor":14.0},{"not_picked":["TheSmile"],"picked":"Adoration","floor":16.0},{"not_picked":["RapturousDream","Diffraction"],"picked":"SKIP","floor":18.0},{"not_picked":["Wingbeat","TodaysExpression"],"picked":"SKIP","floor":20.0},{"not_picked":["Wingbeat","TodaysExpression"],"picked":"SKIP","floor":20.0},{"not_picked":["CherryBlossoms","QueenBee"],"picked":"LongBird","floor":21.0},{"not_picked":["InTheNameOfLoveAndHate+1","BearPaw"],"picked":"SKIP","floor":21.0},{"not_picked":["InTheNameOfLoveAndHate","GrinderMk4"],"picked":"SKIP","floor":28.0},{"not_picked":["OldLady","SilentOrchestra"],"picked":"RedShoes","floor":30.0},{"not_picked":["SolemnVow+1"],"picked":"Logging","floor":30.0},{"not_picked":["Wingbeat+1","TodaysExpression"],"picked":"SKIP","floor":31.0},{"not_picked":["Wingbeat+1","TodaysExpression"],"picked":"SKIP","floor":31.0},{"not_picked":["Wellcheers","SilentOrchestra"],"picked":"QueenOfHatred","floor":33.0},{"not_picked":["TheSmile"],"picked":"DaCapo","floor":33.0},{"not_picked":["Tough+1"],"picked":"Wingbeat+1","floor":35.0},{"not_picked":["CrimsonScar"],"picked":"BloodyDesire+1","floor":36.0},{"not_picked":["Horn+1","RedEyes"],"picked":"SKIP","floor":37.0},{"not_picked":["Horn+1"],"picked":"GreenStem+1","floor":38.0},{"not_picked":["Harvest+1","CUTE+1"],"picked":"SKIP","floor":41.0},{"not_picked":["Lamp+1"],"picked":"ScreamingWedge","floor":42.0},{"not_picked":["TodaysExpression+1","Horn"],"picked":"SKIP","floor":44}],"player_experience":2150585,"relics_obtained":[{"floor":1.0,"key":"LetterFromLob"},{"floor":6.0,"key":"reliquary:BallBearing"},{"floor":8.0,"key":"Blood Vial"},{"floor":9.0,"key":"infinitespire:WardingShard"},{"floor":10.0,"key":"reliquary:FeatherDuster"},{"floor":30.0,"key":"Replay:Bottled Snecko"},{"floor":42.0,"key":"PageOfSingingMachine"},{"floor":43.0,"key":"DemoMod:Junk"},{"floor":44,"key":"DemoMod:Junk"},{"floor":55,"key":"DemoMod:Junk"}],"event_choices":[{"cards_removed":["CentralCode"],"damage_healed":0.0,"max_hp_gain":0.0,"max_hp_loss":0.0,"gold_gain":0.0,"event_name":"Golden Wing","player_choice":"Card Removal","floor":3.0,"gold_loss":0.0,"damage_taken":7.0},{"damage_healed":0.0,"max_hp_gain":0.0,"max_hp_loss":0.0,"gold_gain":0.0,"event_name":"Upgrade Shrine","player_choice":"Upgraded","floor":13.0,"gold_loss":0.0,"damage_taken":0.0,"cards_upgraded":["ReplayUltimateDefense"]},{"cards_removed":["ControlCode"],"damage_healed":0.0,"max_hp_gain":0.0,"max_hp_loss":0.0,"gold_gain":0.0,"event_name":"WeMeetAgain","player_choice":"Gave Card","floor":24.0,"gold_loss":0.0,"damage_taken":0.0,"relics_obtained":["Onion Ring"]},{"damage_healed":0.0,"max_hp_gain":0.0,"max_hp_loss":0.0,"gold_gain":0.0,"event_name":"Tomb of Lord Red Mask","player_choice":"Ignored","floor":39.0,"gold_loss":0.0,"damage_taken":0.0}],"is_beta":false,"boss_relics":[{"not_picked":["DemoMod:RiddleOfLead","Replay:Drink Me"],"picked":"reliquary:WritOfMandamus"},{"not_picked":["SacredBark","Tiny House"],"picked":"Philosopher\u0027s Stone"}],"items_purged_floors":[0],"is_endless":false,"potions_floor_spawned":[5,6,10,14,16,20,28,31,33,36,41,42],"ascension_level":1}}