{"host":"clf2hd4adhiiw0zf","time":1613167309,"event":{"mods":["AchievementEnabler","BaseMod","Beaked The Cultist","Bestiary","Dark Map","Downfall","Gremlin Mod","Hermit","Jorbs\u0027s Wanderer Trilogy","Marisa????????","Minty Spire (QoL Compilation)","Shop Mod","StSLib","The Cursed","The Servant 0.9.4","Wide Potions"],"gold_per_floor":[99,118,118,293,293,325,349,449,463,126,146,146,160,177,190,190,190,190],"floor_reached":16,"language":"ENG","playtime":767,"items_purged":[],"score":133,"play_id":"3ef0bb27-af9b-4a52-86ce-61701d17f226","local_time":"20210212150149","is_ascension_mode":true,"campfire_choices":[{"data":"champ:Improvising","floor":1.0,"key":"SMITH"},{"floor":12.0,"key":"REST"}],"circlet_count":0,"master_deck":["champ:Strike","champ:Strike","champ:Defend","champ:Defend","champ:Defend","champ:Execute","champ:Taunt","champ:RisingSlash","champ:Improvising+1","champ:GladiatorStyle","champ:ShieldWall","champ:Improvising","champ:ShieldWall","champ:CrookedStrike","expansioncontent:DashGenerateEvil+1","champ:PerfectedStrike","champ:TornadoPunch","champ:ViciousMockery"],"relics":["champ:ChampionCrown","StoneCalendar","Oddly Smooth Stone","White Beast Statue"],"acts_visited":["Exordium"],"potions_floor_usage":[16],"damage_taken":[{"damage":10.0,"enemies":"2 Louse","floor":2.0,"turns":3.0},{"damage":24.0,"enemies":"Lagavulin","floor":6.0,"turns":5.0},{"damage":104.0,"enemies":"downfall:LadyInBlue","floor":8.0,"turns":10.0},{"damage":8.0,"enemies":"Jaw Worm","floor":9.0,"turns":5.0},{"damage":2.0,"enemies":"downfall:FleeingMerchant","floor":10.0,"turns":4.0},{"damage":2.0,"enemies":"Small Slimes","floor":11.0,"turns":3.0},{"damage":12.0,"enemies":"Exordium Thugs","floor":13.0,"turns":3.0},{"damage":10.0,"enemies":"Large Slime","floor":14.0,"turns":5.0},{"damage":3.0,"enemies":"Blue Slaver","floor":15.0,"turns":4.0},{"damage":26,"enemies":"DF_ARCHETYPE_STREAMLINE","floor":16,"turns":5}],"seed_played":"-2956660865324326209","potions_obtained":[{"floor":8.0,"key":"Explosive Potion"},{"floor":8.0,"key":"champ:TechniquePotion"},{"floor":13.0,"key":"LiquidBronze"}],"is_trial":false,"path_per_floor":["R","M","?","?","?","E","T","?","M","$","M","R","M","M","M","B"],"character_chosen":"THE_CHAMP","items_purchased":["champ:ShieldWall","champ:CrookedStrike","expansioncontent:DashGenerateEvil+1"],"campfire_rested":1,"item_purchase_floors":[10,10,10],"current_hp_per_floor":[57,57,57,57,57,53,53,9,3,3,3,30,28,28,25,0,0,0],"gold":190,"neow_bonus":"TRANSFORM_TWO_CARDS","is_daily":false,"chose_seed":false,"campfire_upgraded":1,"win_rate":0.0,"timestamp":1613167309,"path_taken":["R","M","?","?","?","E","T","?","M","$","M","R","M","M","M","BOSS"],"items_purchased_type":["Card","Card","Card"],"build_version":"2020-12-22","purchased_purges":0,"victory":false,"max_hp_per_floor":[90,90,90,90,90,90,90,90,90,90,90,90,90,90,90,90,90,90],"card_choices":[{"not_picked":["champ:FocusedBerserking","champ:Backstep"],"picked":"champ:GladiatorStyle","floor":2.0},{"not_picked":["champ:ShieldSigil","champ:TornadoPunch","champ:Backstep"],"picked":"SKIP","floor":6.0},{"not_picked":["champ:PreciseThrust","champ:TornadoPunch"],"picked":"champ:ShieldWall","floor":9.0},{"not_picked":["champ:TornadoPunch","champ:FancyFootwork"],"picked":"champ:Improvising","floor":10.0},{"not_picked":["champ:TornadoPunch","champ:Endure"],"picked":"champ:PerfectedStrike","floor":11.0},{"not_picked":["champ:HeartStrike","champ:RapidStrikes","champ:BerserkersShout"],"picked":"SKIP","floor":13.0},{"not_picked":["champ:ShieldSigil","champ:RapidStrikes"],"picked":"champ:TornadoPunch","floor":14.0},{"not_picked":["champ:DeathBlow","champ:PreemptiveStrike"],"picked":"champ:ViciousMockery","floor":15.0}],"player_experience":247757,"relics_obtained":[{"floor":6.0,"key":"StoneCalendar"},{"floor":7.0,"key":"Oddly Smooth Stone"},{"floor":8.0,"key":"White Beast Statue"}],"event_choices":[{"cards_removed":["Doubt"],"damage_healed":0.0,"max_hp_gain":0.0,"max_hp_loss":0.0,"gold_gain":0.0,"event_name":"The Cleric","player_choice":"Card Removal","floor":5.0,"gold_loss":0.0,"damage_taken":0.0}],"is_beta":false,"boss_relics":[],"items_purged_floors":[],"is_endless":false,"potions_floor_spawned":[9,10,11,13,14,15],"killed_by":"DF_ARCHETYPE_STREAMLINE","ascension_level":6}}