{"host":"gh97pv908ci4ql26","time":1613154913,"event":{"mods":["AchievementEnabler","BaseMod","Beaked The Cultist","Better Altar","Better Match","Better Note","Better Sensory Stone","Better Skull","Better Third Choice","Block Reminder","Colored Powertips","Curses Come First","Disable Question Mark Monsters","Displayed Cursed Tome","Emptier Cage","Googly Eyes","Highlight Path","Minty Spire (QoL Compilation)","Permanent Neow","Poor People Problems","Quick Restart","Rare Cards Sparkle","Relic Sorter","Shop Mod","Smile Girya","StSLib","everything is the same but u backflip on backflip","slay the spire mod where everything is the same but ironclad has a cowboy hat"],"gold_per_floor":[218,238,238,249,199,199,112,112,112],"floor_reached":8,"language":"ENG","playtime":776,"items_purged":[],"score":46,"play_id":"79bbfeb6-b6b6-40d2-b515-810854ae1e09","local_time":"20210212103513","is_ascension_mode":false,"campfire_choices":[{"floor":6.0,"key":"REST"}],"circlet_count":0,"master_deck":["beaked:Strike_Y","beaked:Strike_Y","beaked:Strike_Y","beaked:Strike_Y","beaked:Strike_Y","beaked:Defend_Y","beaked:Defend_Y","beaked:Defend_Y","beaked:Defend_Y","beaked:Ceremony","beaked:Ceremony","beaked:Ceremony","beaked:Daydream","beaked:TuckingFeathers","beaked:Insight","beaked:Hexing","beaked:DigDeep"],"relics":["beaked:MendingPlumage"],"acts_visited":["Exordium"],"potions_floor_usage":[8],"damage_taken":[{"damage":11.0,"enemies":"Jaw Worm","floor":1.0,"turns":5.0},{"damage":21.0,"enemies":"Small Slimes","floor":2.0,"turns":6.0},{"damage":3.0,"enemies":"2 Louse","floor":4.0,"turns":3.0},{"damage":47,"enemies":"3 Sentries","floor":8,"turns":7}],"seed_played":"8287961009927622367","potions_obtained":[{"floor":1.0,"key":"Strength Potion"}],"is_trial":false,"path_per_floor":["M","M","?","M","?","R","$","E"],"character_chosen":"BEAKED_THE_CULTIST","items_purchased":["beaked:Hexing","beaked:DigDeep"],"campfire_rested":1,"item_purchase_floors":[7,7],"current_hp_per_floor":[49,42,9,14,14,29,29,0,0],"gold":112,"neow_bonus":"HUNDRED_GOLD","is_daily":false,"chose_seed":false,"campfire_upgraded":0,"win_rate":0.0,"timestamp":1613154913,"path_taken":["M","M","?","M","?","R","$","E"],"items_purchased_type":["Card","Card"],"build_version":"2020-12-22","purchased_purges":0,"victory":false,"max_hp_per_floor":[50,50,50,50,50,50,50,50,50],"card_choices":[{"not_picked":["beaked:Recite","beaked:Flinch"],"picked":"beaked:Daydream","floor":1.0},{"not_picked":["beaked:Pecker","beaked:Cower"],"picked":"beaked:TuckingFeathers","floor":2.0},{"not_picked":["beaked:TuckingFeathers","beaked:MimicHuntress"],"picked":"beaked:Insight","floor":4.0}],"player_experience":122510,"relics_obtained":[],"event_choices":[{"damage_healed":0.0,"max_hp_gain":0.0,"max_hp_loss":0.0,"gold_gain":0.0,"event_name":"betterThird:BetterScrap","player_choice":"LEAVE","floor":3.0,"gold_loss":0.0,"damage_taken":33.0,"cards_obtained":["Evolve"]},{"cards_removed":["beaked:Strike_Y"],"damage_healed":0.0,"max_hp_gain":0.0,"max_hp_loss":0.0,"gold_gain":0.0,"event_name":"The Cleric","player_choice":"Card Removal","floor":5.0,"gold_loss":50.0,"damage_taken":0.0}],"is_beta":false,"boss_relics":[],"items_purged_floors":[],"is_endless":false,"potions_floor_spawned":[1],"killed_by":"3 Sentries","ascension_level":0}}