{"host":"mnpd8gh7cwxsn5kh","time":1613133677,"event":{"mods":["BaseMod","Bestiary","Block Reminder","Colored Map","Colored Powertips","Highlight Path","Minty Spire (QoL Compilation)","Relic Sorter","Relic Stats"],"gold_per_floor":[118,135,135,310,77,111,141,141,141,141,171,181,181,214,214,291,291,307,307,222,222,239,239,273,273,349,375,405,405,421,456,456,533,533,553,563,58,75,75,103,103,130,130,145,179,199,199,234,234,234],"floor_reached":51,"language":"ENG","playtime":7001,"items_purged":["Doubt","Establishment+1"],"score":1728,"play_id":"2ef0159f-f0bd-48d8-9f8d-23e791907cd9","local_time":"20210212134117","is_ascension_mode":true,"campfire_choices":[{"data":"Scrawl","floor":8,"key":"SMITH"},{"data":"Eruption","floor":10,"key":"SMITH"},{"data":"Blasphemy","floor":13,"key":"SMITH"},{"data":"SandsOfTime","floor":15,"key":"SMITH"},{"data":"BattleHymn","floor":23,"key":"SMITH"},{"data":"TalkToTheHand","floor":25,"key":"SMITH"},{"data":"SashWhip","floor":29,"key":"SMITH"},{"floor":32,"key":"REST"},{"data":"Establishment","floor":49,"key":"SMITH"}],"circlet_count":0,"master_deck":["AscendersBane","Eruption+1","Vigilance","Scrawl+1","CrushJoints","SandsOfTime+1","DeceiveReality","Blasphemy+1","TalkToTheHand+1","Establishment+1","EmptyFist","InnerPeace","EmptyMind","SpiritShield+1","SashWhip+1","BattleHymn+1","CutThroughFate+1","CutThroughFate+1","CutThroughFate+1","DevaForm+1","Protect","DeusExMachina","SpiritShield","Conclude+1","Evaluate","Consecrate+1","Tantrum+1","EmptyFist+1","Wallop+1","Wallop+1","CutThroughFate+1","Nirvana+1","Violence","WindmillStrike+1","Protect","ThirdEye","Protect"],"relics":["PureWater","HornCleat","Art of War","Pantograph","Gambling Chip","InkBottle","Sozu","Boot","Molten Egg 2","Du-Vu Doll","Frozen Egg 2","Lantern","Red Mask","Whetstone","Pandora\u0027s Box","Sling","Torii","Pear","Shuriken","Thread and Needle","Question Card"],"acts_visited":["Exordium","TheCity","TheBeyond"],"potions_floor_usage":[11,24],"damage_taken":[{"damage":1,"enemies":"Small Slimes","floor":1,"turns":3},{"damage":0,"enemies":"2 Louse","floor":2,"turns":2},{"damage":0,"enemies":"Lagavulin","floor":6,"turns":3},{"damage":17,"enemies":"3 Sentries","floor":11,"turns":9},{"damage":0,"enemies":"Jaw Worm","floor":12,"turns":2},{"damage":0,"enemies":"Lagavulin","floor":14,"turns":4},{"damage":0,"enemies":"Slime Boss","floor":16,"turns":2},{"damage":0,"enemies":"Spheric Guardian","floor":18,"turns":3},{"damage":0,"enemies":"Shell Parasite","floor":22,"turns":4},{"damage":13,"enemies":"Slavers","floor":24,"turns":3},{"damage":4,"enemies":"Gremlin Leader","floor":27,"turns":4},{"damage":0,"enemies":"Masked Bandits","floor":28,"turns":2},{"damage":0,"enemies":"Snecko","floor":30,"turns":3},{"damage":1,"enemies":"Slavers","floor":31,"turns":3},{"damage":5,"enemies":"Automaton","floor":33,"turns":5},{"damage":0,"enemies":"3 Shapes","floor":35,"turns":3},{"damage":0,"enemies":"3 Darklings","floor":36,"turns":3},{"damage":2,"enemies":"Sphere and 2 Shapes","floor":38,"turns":3},{"damage":1,"enemies":"Giant Head","floor":40,"turns":5},{"damage":0,"enemies":"Reptomancer","floor":42,"turns":3},{"damage":0,"enemies":"Writhing Mass","floor":44,"turns":4},{"damage":0,"enemies":"Giant Head","floor":45,"turns":5},{"damage":0,"enemies":"Transient","floor":46,"turns":5},{"damage":0,"enemies":"Nemesis","floor":48,"turns":5},{"damage":10,"enemies":"Time Eater","floor":50,"turns":9}],"seed_played":"-846098056322462804","potions_obtained":[{"floor":1,"key":"Swift Potion"},{"floor":11,"key":"SmokeBomb"},{"floor":14,"key":"SpeedPotion"},{"floor":16,"key":"LiquidBronze"}],"is_trial":false,"path_per_floor":["M","M","?","?","$","E","?","R","T","R","E","M","R","E","R","B",null,"M","?","?","?","M","R","E","R","T","E","?","R","M","E","R","B",null,"M","M","$","M","?","E","$","E","T","M","E","M","?","E","R","B",null],"character_chosen":"WATCHER","items_purchased":["Blasphemy","TalkToTheHand","Nirvana+1","Sling","Violence"],"campfire_rested":1,"item_purchase_floors":[5,5,37,37,37],"current_hp_per_floor":[60,60,60,60,60,60,60,60,60,60,43,43,43,43,43,62,62,62,62,62,62,62,62,49,49,49,45,45,45,45,44,62,57,61,61,61,61,59,59,58,58,68,68,68,68,68,68,68,68,62],"gold":234,"neow_bonus":"THREE_RARE_CARDS","is_daily":false,"chose_seed":false,"campfire_upgraded":8,"win_rate":0.0,"timestamp":1613133677,"path_taken":["M","M","?","?","$","E","?","R","T","R","E","M","R","E","R","BOSS","M","?","?","?","?","R","E","R","T","E","?","R","M","E","R","BOSS","M","M","$","M","?","E","?","E","T","M","E","M","?","E","R","BOSS"],"items_purchased_type":["Card","Card","Card","Relic","Card"],"build_version":"2020-12-22","purchased_purges":2,"victory":true,"max_hp_per_floor":[62,62,62,62,62,62,62,62,62,62,62,62,62,62,62,62,62,62,62,62,62,62,62,62,62,62,62,62,62,62,62,62,62,62,62,62,62,62,62,62,62,72,72,72,72,72,72,72,72,72],"relic_stats":{"Torii":0,"counters":[25,97],"Whetstone":["Strike_P","Strike_P"],"Boot":[22],"Question Card":0,"Sozu":7,"Shuriken":[18],"Pantograph":23,"Gambling Chip":[36],"Pandora\u0027s Box":["Conclude","Evaluate","Consecrate","Tantrum","EmptyFist","Establishment","Wallop"],"Art of War":[5],"obtain_stats":[{"Lantern":27,"Pear":42,"Torii":40,"Thread and Needle":45,"Whetstone":31,"Frozen Egg 2":26,"Boot":20,"Sling":37,"Question Card":48,"Sozu":17,"Du-Vu Doll":24,"HornCleat":6,"Shuriken":43,"Pantograph":9,"Gambling Chip":11,"Molten Egg 2":21,"Pandora\u0027s Box":34,"Art of War":7,"Red Mask":28,"PureWater":0,"InkBottle":14},{"Lantern":11,"Pear":20,"Torii":19,"Thread and Needle":22,"Whetstone":14,"Frozen Egg 2":10,"Boot":8,"Sling":17,"Question Card":24,"Sozu":7,"Du-Vu Doll":10,"HornCleat":3,"Shuriken":20,"Pantograph":3,"Gambling Chip":4,"Molten Egg 2":8,"Pandora\u0027s Box":15,"Art of War":3,"Red Mask":12,"PureWater":0,"InkBottle":6},{"Lantern":39,"Pear":69,"Torii":66,"Thread and Needle":78,"Whetstone":47,"Frozen Egg 2":35,"Boot":28,"Sling":58,"Question Card":88,"Sozu":25,"Du-Vu Doll":35,"HornCleat":8,"Shuriken":69,"Pantograph":8,"Gambling Chip":17,"Molten Egg 2":28,"Pandora\u0027s Box":52,"Art of War":8,"Red Mask":41,"PureWater":0,"InkBottle":23}],"InkBottle":[31]},"card_choices":[{"not_picked":["Vault","ConjureBlade"],"picked":"Scrawl","floor":0},{"not_picked":["Swivel","EmptyBody"],"picked":"CrushJoints","floor":1},{"not_picked":["Evaluate","EmptyBody"],"picked":"SandsOfTime","floor":2},{"not_picked":["Nirvana","WheelKick"],"picked":"Establishment","floor":6},{"not_picked":["WheelKick","Nirvana"],"picked":"EmptyFist","floor":11},{"not_picked":["Evaluate","Fasting2"],"picked":"InnerPeace","floor":12},{"not_picked":["SashWhip","PathToVictory"],"picked":"EmptyMind","floor":14},{"not_picked":["Vault","Brilliance"],"picked":"SpiritShield","floor":16},{"not_picked":["EmptyBody","CrushJoints"],"picked":"SashWhip","floor":18},{"not_picked":["FlurryOfBlows+1","LikeWater"],"picked":"CutThroughFate+1","floor":22},{"not_picked":["WaveOfTheHand","Sanctity"],"picked":"CutThroughFate+1","floor":24},{"not_picked":["CrushJoints+1","FollowUp+1"],"picked":"CutThroughFate+1","floor":27},{"not_picked":["Evaluate","CutThroughFate+1"],"picked":"DevaForm+1","floor":28},{"not_picked":["Vengeance+1","Halt"],"picked":"Protect","floor":30},{"not_picked":["Crescendo","FollowUp+1"],"picked":"DeusExMachina","floor":31},{"not_picked":["MasterReality+1","Blasphemy"],"picked":"SpiritShield","floor":33},{"not_picked":["SandsOfTime+1","Adaptation+1"],"picked":"Wallop+1","floor":35},{"not_picked":["EmptyFist+1","JustLucky+1"],"picked":"CutThroughFate+1","floor":36},{"not_picked":["Consecrate+1","MentalFortress+1"],"picked":"WindmillStrike+1","floor":38},{"not_picked":["FlurryOfBlows+1","CrushJoints+1","SashWhip+1"],"picked":"SKIP","floor":40},{"not_picked":["SandsOfTime+1","Ragnarok+1"],"picked":"Protect","floor":42},{"not_picked":["SignatureMove+1","PathToVictory+1","BowlingBash+1"],"picked":"SKIP","floor":44},{"not_picked":["Consecrate+1","CutThroughFate+1"],"picked":"ThirdEye","floor":45},{"not_picked":["Adaptation+1","Crescendo+1"],"picked":"Protect","floor":46},{"not_picked":["SignatureMove+1","Adaptation+1","BattleHymn+1"],"picked":"SKIP","floor":48}],"player_experience":472128,"relics_obtained":[{"floor":6,"key":"HornCleat"},{"floor":9,"key":"Pantograph"},{"floor":11,"key":"Gambling Chip"},{"floor":14,"key":"InkBottle"},{"floor":24,"key":"Du-Vu Doll"},{"floor":26,"key":"Frozen Egg 2"},{"floor":27,"key":"Lantern"},{"floor":28,"key":"Red Mask"},{"floor":31,"key":"Whetstone"},{"floor":40,"key":"Torii"},{"floor":42,"key":"Pear"},{"floor":43,"key":"Shuriken"},{"floor":45,"key":"Thread and Needle"},{"floor":48,"key":"Question Card"}],"event_choices":[{"damage_healed":0,"gold_gain":0,"cards_transformed":["Strike_P"],"player_choice":"Change","damage_taken":0,"max_hp_gain":0,"max_hp_loss":0,"event_name":"Living Wall","floor":3,"gold_loss":0,"cards_obtained":["DeceiveReality"]},{"damage_healed":0,"gold_gain":175,"player_choice":"AGREE","damage_taken":0,"max_hp_gain":0,"max_hp_loss":0,"event_name":"Liars Game","floor":4,"gold_loss":0,"cards_obtained":["Doubt"]},{"damage_healed":0,"gold_gain":30,"player_choice":"Searched \u00272\u0027 times","damage_taken":0,"relics_obtained":["Art of War"],"max_hp_gain":0,"max_hp_loss":0,"event_name":"Dead Adventurer","floor":7,"gold_loss":0},{"damage_healed":0,"gold_gain":0,"player_choice":"Read","damage_taken":0,"max_hp_gain":0,"max_hp_loss":0,"event_name":"The Library","floor":19,"gold_loss":0,"cards_obtained":["BattleHymn"]},{"damage_healed":0,"gold_gain":0,"player_choice":"Obtained Relic","damage_taken":0,"relics_obtained":["Boot"],"max_hp_gain":0,"max_hp_loss":0,"event_name":"Addict","floor":20,"gold_loss":85},{"damage_healed":0,"gold_gain":0,"player_choice":"Gave Potion","damage_taken":0,"relics_obtained":["Molten Egg 2"],"max_hp_gain":0,"max_hp_loss":0,"event_name":"WeMeetAgain","floor":21,"gold_loss":0},{"damage_healed":0,"gold_gain":0,"player_choice":"Fought Bandits","damage_taken":0,"max_hp_gain":0,"max_hp_loss":0,"event_name":"Masked Bandits","floor":28,"gold_loss":0},{"damage_healed":0,"gold_gain":0,"player_choice":"Forge","damage_taken":0,"max_hp_gain":0,"max_hp_loss":0,"event_name":"Accursed Blacksmith","floor":39,"gold_loss":0,"cards_upgraded":["SpiritShield"]},{"damage_healed":0,"gold_gain":0,"player_choice":"Bought 0 Potions","damage_taken":0,"max_hp_gain":0,"max_hp_loss":0,"event_name":"The Woman in Blue","floor":47,"gold_loss":0}],"is_beta":false,"boss_relics":[{"not_picked":["SacredBark","Cursed Key"],"picked":"Sozu"},{"not_picked":["Busted Crown","Coffee Dripper"],"picked":"Pandora\u0027s Box"}],"items_purged_floors":[5,37],"is_endless":false,"potions_floor_spawned":[1,11,14,16,18,22,30,33,36,38,42,44],"ascension_level":14}}