{"host":"fkig9nrckec4xsh0","time":1613099829,"event":{"mods":["Act Like it!","BaseMod","Colored Map","Gensokyo","Hermit","Marisa????????","Minty Spire (QoL Compilation)","Quick Restart","Replay The Spire","StSLib"],"gold_per_floor":[109,109,31,31,41,75,115,145,226,226,226,261,261,279,279,381,381,401,401,414,433,130,130,130,130,130,130],"floor_reached":26,"language":"ENG","playtime":1122,"items_purged":[],"score":418,"play_id":"0fdcd666-2ba7-4779-be99-1db85288ea1a","local_time":"20210211221709","is_ascension_mode":true,"campfire_choices":[{"data":"ReplayTheSpireMod:Fabricate Wheel","floor":10,"key":"SMITH"},{"floor":15,"key":"REST"},{"floor":25,"key":"REST"}],"circlet_count":0,"master_deck":["AscendersBane","Strike_B","Strike_B","Strike_B","Strike_B","Defend_B","Defend_B","Defend_B","Defend_B","Zap","Dualcast","Doom and Gloom","Consume+1","Rebound","Blizzard","Cold Snap","Defragment","Seek","Mirror Shield","BasicCrystalCard","ReplayTheSpireMod:Calculation Training+1","Cold Snap","Redo+1","BootSequence","Steam Power+1","ReplayTheSpireMod:Calculation Training+1","Consume+1"],"relics":["Cracked Core","NeowsBlessing","Mango","Smiling Mask","Replay:Bottled Steam","Lizard Tail","Snack Pack","Question Card","ReplayTheSpireMod:TigerMarble","Prayer Wheel","Replay:Grab Bag","Philosopher\u0027s Stone","Replay:Bronze Core","Black Star","Prayer Wheel","Runic Capacitor","DollysMirror"],"acts_visited":["Exordium","Gensokyo:Gensokyo"],"potions_floor_usage":[8,8,8,12,12,16],"damage_taken":[{"damage":0,"enemies":"Gensokyo:Gryphon","floor":1,"turns":1},{"damage":0,"enemies":"Gensokyo:3_Fairies","floor":5,"turns":1},{"damage":0,"enemies":"Gensokyo:Mamizou","floor":6,"turns":2},{"damage":24,"enemies":"Gensokyo:Cirno","floor":8,"turns":5},{"damage":8,"enemies":"Gensokyo:Aya","floor":12,"turns":3},{"damage":7,"enemies":"Gensokyo:Python","floor":14,"turns":4},{"damage":36,"enemies":"Gensokyo:Kokoro","floor":16,"turns":9},{"damage":12,"enemies":"Gensokyo:2_Gloops","floor":18,"turns":4},{"damage":21,"enemies":"Gensokyo:Chomper","floor":20,"turns":7},{"damage":53,"enemies":"Gensokyo:Slime_Group","floor":21,"turns":7},{"damage":47,"enemies":"Gensokyo:Reisen","floor":26,"turns":16}],"seed_played":"-1021176143691075707","potions_obtained":[{"floor":1,"key":"SteroidPotion"},{"floor":5,"key":"EntropicBrew"},{"floor":8,"key":"Toxic Potion"},{"floor":16,"key":"Fruit Juice"},{"floor":20,"key":"Fire Potion"},{"floor":21,"key":"Energy Potion"}],"is_trial":false,"path_per_floor":["M","?","$","?","M","E","?","E","T","R","?","E","?","M","R_BF","B",null,"M","?","M","M","COS","PTL","PTL","R","E"],"character_chosen":"DEFECT","items_purchased":["Consume"],"campfire_rested":2,"item_purchase_floors":[3],"current_hp_per_floor":[68,68,68,61,61,61,61,37,37,37,20,12,12,7,33,49,83,73,73,54,3,3,3,3,31,0,0],"gold":130,"neow_bonus":"THREE_ENEMY_KILL","is_daily":false,"chose_seed":false,"campfire_upgraded":1,"win_rate":0.0,"timestamp":1613099829,"path_taken":["M","?","?","?","M","E","?","E","T","R","?","E","?","?","R_BF","BOSS","M","?","?","M","COS","PTL","PTL","R","E"],"items_purchased_type":["Card"],"build_version":"2020-12-22","purchased_purges":0,"victory":false,"max_hp_per_floor":[75,75,75,89,89,89,89,89,89,89,89,89,89,89,89,94,94,94,94,94,94,94,94,94,94,94,94],"card_choices":[{"not_picked":["ReplayTheSpireMod:Repulse","Hologram","Turbo"],"picked":"SKIP","floor":1},{"not_picked":["Steam","Leap"],"picked":"Doom and Gloom","floor":2},{"not_picked":["Conserve Battery","Compile Driver"],"picked":"Rebound","floor":5},{"not_picked":["Skim","Rebound"],"picked":"ReplayTheSpireMod:Fabricate Wheel","floor":6},{"not_picked":["Undo","Streamline"],"picked":"Blizzard","floor":7},{"not_picked":["BasicCrystalCard","Streamline"],"picked":"Cold Snap","floor":8},{"not_picked":["Rebound","Streamline","Turbo"],"picked":"Reboot","floor":12},{"not_picked":["Consume","Beam Cell","Rebound"],"picked":"Defragment","floor":14},{"not_picked":["All For One","Seek","Electrodynamics"],"picked":"Mirror Shield","floor":16},{"not_picked":["Hologram+1","Stack","Compile Driver+1"],"picked":"BasicCrystalCard","floor":18},{"not_picked":["Scrape","Panic Button","Chaos"],"picked":"ReplayTheSpireMod:Calculation Training+1","floor":18},{"not_picked":["Turbo","Barrage","Hologram"],"picked":"Cold Snap","floor":20},{"not_picked":["ReplayTheSpireMod:Reroute Power","Auto Shields","Biased Cognition"],"picked":"Redo+1","floor":20},{"not_picked":["Darkness","Redo","Turbo","Loop"],"picked":"SKIP","floor":20},{"not_picked":["Streamline+1","Compile Driver","Turbo"],"picked":"BootSequence","floor":21},{"not_picked":["Steam","Rebound+1","Hologram"],"picked":"Steam Power+1","floor":21},{"not_picked":["Redo","Streamline","ReplayRNGCard"],"picked":"ReplayTheSpireMod:Calculation Training+1","floor":21}],"player_experience":421022,"relics_obtained":[{"floor":6,"key":"Smiling Mask"},{"floor":7,"key":"Replay:Bottled Steam"},{"floor":8,"key":"Lizard Tail"},{"floor":9,"key":"Snack Pack"},{"floor":12,"key":"ReplayTheSpireMod:TigerMarble"}],"event_choices":[],"is_beta":false,"boss_relics":[{"not_picked":["Astrolabe","Kintsugi"],"picked":"Replay:Grab Bag"},{"not_picked":["ChewingGum","Painkiller Herb"],"picked":"Philosopher\u0027s Stone"},{"not_picked":["ReplayTheSpireMod:Onyx Gauntlets","Replay:Wanted Poster"],"picked":"Replay:Bronze Core"},{"not_picked":["Snecko Eye","Ring of Chaos"],"picked":"Black Star"}],"items_purged_floors":[],"is_endless":false,"potions_floor_spawned":[1,5,8,16,20,21],"killed_by":"Gensokyo:Reisen","ascension_level":10}}