{"host":"hcfgv6p6h0ubjkk0","time":1613141564,"event":{"mods":["AchievementEnabler","BaseMod","Highlight Path","Minty Spire (QoL Compilation)","Quick Restart","Replay The Spire","StSLib"],"gold_per_floor":[114,126,137,137,149,149,163,163,163,43,71,91,101,129,129,129,129],"floor_reached":16,"language":"ENG","playtime":607,"items_purged":["Strike_R"],"score":137,"play_id":"b768cccb-eea0-4d30-bdf4-6f1e353a0cf1","local_time":"20210212145244","is_ascension_mode":true,"campfire_choices":[{"data":"Juggernaut","floor":6,"key":"SMITH"},{"floor":15,"key":"DIG"}],"circlet_count":0,"master_deck":["Strike_R","Strike_R","Strike_R","Defend_R","Defend_R","Defend_R","Defend_R","Bash","Juggernaut+1","Thunderclap","ReplayTheSpireMod:Stacked","Shrug It Off","Barricade","True Grit","Flame Barrier","Shrug It Off","Body Slam"],"relics":["Burning Blood","Unceasing Top","Frozen Egg 2","Replay:Arrowhead","Darkstone Periapt"],"acts_visited":["Exordium"],"potions_floor_usage":[14],"damage_taken":[{"damage":6,"enemies":"Cultist","floor":1,"turns":4},{"damage":13,"enemies":"Jaw Worm","floor":2,"turns":4},{"damage":3,"enemies":"Small Slimes","floor":3,"turns":4},{"damage":18,"enemies":"Exordium Thugs","floor":5,"turns":5},{"damage":22,"enemies":"Looter","floor":7,"turns":3},{"damage":12,"enemies":"Replay:BlueRogue","floor":11,"turns":7},{"damage":2,"enemies":"Exordium Wildlife","floor":12,"turns":5},{"damage":18,"enemies":"Exordium Thugs","floor":13,"turns":5},{"damage":11,"enemies":"Lagavulin","floor":14,"turns":9},{"damage":37,"enemies":"Fading Forest","floor":16,"turns":8}],"seed_played":"9020995074771154972","potions_obtained":[{"floor":3,"key":"Death Potion"},{"floor":4,"key":"BlessingOfTheForge"},{"floor":4,"key":"FearPotion"},{"floor":4,"key":"Languid Potion"}],"is_trial":false,"path_per_floor":["M","M","M","?","M","R","M","?","T","$","E","M","M","E","R","B"],"character_chosen":"IRONCLAD","items_purchased":["True Grit"],"campfire_rested":0,"item_purchase_floors":[10],"current_hp_per_floor":[72,65,68,68,56,56,40,40,40,40,34,38,26,21,21,0,0],"gold":129,"neow_bonus":"THREE_RARE_CARDS","is_daily":false,"chose_seed":false,"campfire_upgraded":1,"win_rate":0.0,"timestamp":1613141564,"path_taken":["M","M","?","?","?","R","M","?","T","?","E","M","M","E","R","BOSS"],"items_purchased_type":["Card"],"build_version":"2020-12-22","purchased_purges":1,"victory":false,"max_hp_per_floor":[72,72,72,72,72,72,72,72,72,72,72,72,72,72,72,72,72],"card_choices":[{"not_picked":["Replay:Many Hands","Brutality"],"picked":"Juggernaut","floor":0},{"not_picked":["Replay:Undeath\u0027s Touch","Pommel Strike"],"picked":"Thunderclap","floor":1},{"not_picked":["Clothesline","Second Wind"],"picked":"ReplayTheSpireMod:Stacked","floor":2},{"not_picked":["Warcry","Dual Wield","Iron Wave"],"picked":"SKIP","floor":3},{"not_picked":["Pommel Strike","Whirlwind"],"picked":"Shrug It Off","floor":5},{"not_picked":["Pommel Strike","Armaments"],"picked":"Barricade","floor":7},{"not_picked":["Pommel Strike","Body Slam"],"picked":"Flame Barrier","floor":11},{"not_picked":["Run Through","Blood for Blood"],"picked":"Shrug It Off","floor":12},{"not_picked":["Twin Strike","Clash"],"picked":"Body Slam","floor":13},{"not_picked":["Fiend Fire","Rampage","Flex"],"picked":"SKIP","floor":14}],"player_experience":194943,"relics_obtained":[{"floor":9,"key":"Unceasing Top"},{"floor":11,"key":"Frozen Egg 2"},{"floor":14,"key":"Replay:Arrowhead"},{"floor":15,"key":"Darkstone Periapt"}],"event_choices":[{"damage_healed":0,"gold_gain":0,"player_choice":"Got Potions","damage_taken":0,"max_hp_gain":0,"max_hp_loss":0,"event_name":"Lab","floor":4,"gold_loss":0},{"cards_removed":["Strike_R"],"damage_healed":0,"gold_gain":0,"player_choice":"Purged","damage_taken":0,"max_hp_gain":0,"max_hp_loss":0,"event_name":"Purifier","floor":8,"gold_loss":0}],"is_beta":false,"boss_relics":[],"items_purged_floors":[10],"is_endless":false,"potions_floor_spawned":[3,5,7,11,12],"killed_by":"Fading Forest","ascension_level":4}}