{"host":"gkm149kh1ihaqy0o","time":1613165106,"event":{"mods":["AchievementEnabler","BaseMod","Colored Powertips","Curses Come First","Dark Map","Googly Eyes","Key Reminder","Minty Spire (QoL Compilation)","Permanent Neow","Quick Restart","Random Character Button","Rare Cards Sparkle","Relic Sorter","Relic Stats","StSLib","SuperFastMode","Unceasing Turn Reminder","everything is the same but u backflip on backflip"],"gold_per_floor":[114,129,144,144,69,69,99,114,189,189,204,234,249,264,264,364,364,379,394,394,409,424,424,439,469,469,499,499,210,210,240,240,340,340,355,17,367,382,397,427,427,45,45,60,60,75,75,105,105,105],"floor_reached":51,"language":"ENG","playtime":2910,"items_purged":["Eruption","Strike_R","Strike_B","Strike_G"],"score":879,"play_id":"04113ac3-88de-4f92-bb28-74b62a5dbf4c","local_time":"20210212152506","daily_mods":["Chimera","Purple Cards","DeadlyEvents"],"is_ascension_mode":false,"campfire_choices":[{"data":"Neutralize","floor":6,"key":"SMITH"},{"data":"Bash","floor":10,"key":"SMITH"},{"data":"Judgement","floor":15,"key":"SMITH"},{"floor":23,"key":"REST"},{"floor":28,"key":"REST"},{"floor":30,"key":"REST"},{"floor":32,"key":"REST"},{"data":"1","floor":41,"key":"LIFT"},{"floor":47,"key":"REST"},{"data":"2","floor":49,"key":"LIFT"}],"circlet_count":0,"master_deck":["Bash+1","Survivor","Zap","Defend_R","Defend_G","Defend_P","Quick Slash","CutThroughFate","Judgement+1","Neutralize+1","Poisoned Stab","Dodge and Roll","Slice","Predator","Leg Sweep","DeusExMachina","All Out Attack","Bouncing Flask+1","Blade Dance+1","Scrawl","Well Laid Plans+1","Flash of Steel+1","Vault","DevaForm+1","Riddle With Holes+1","Noxious Fumes+1","Protect","PiercingWail","Footwork+1","Infinite Blades+1"],"relics":["Ring of the Snake","Unceasing Top","Sundial","Frozen Egg 2","Philosopher\u0027s Stone","StrikeDummy","Molten Egg 2","Smiling Mask","Oddly Smooth Stone","Snecko Eye","Pantograph","Old Coin","Girya","ClockworkSouvenir","Lizard Tail","Gremlin Horn"],"acts_visited":["Exordium","TheCity","TheBeyond"],"potions_floor_usage":[7,12,13,16,24,24,31,40,50,50],"damage_taken":[{"damage":2,"enemies":"Small Slimes","floor":1,"turns":3},{"damage":0,"enemies":"Cultist","floor":2,"turns":2},{"damage":0,"enemies":"2 Louse","floor":3,"turns":2},{"damage":9,"enemies":"Lagavulin","floor":7,"turns":8},{"damage":0,"enemies":"Exordium Wildlife","floor":8,"turns":3},{"damage":3,"enemies":"3 Louse","floor":11,"turns":3},{"damage":9,"enemies":"3 Sentries","floor":12,"turns":4},{"damage":0,"enemies":"Blue Slaver","floor":13,"turns":1},{"damage":5,"enemies":"Red Slaver","floor":14,"turns":2},{"damage":11,"enemies":"Hexaghost","floor":16,"turns":8},{"damage":0,"enemies":"Shell Parasite","floor":18,"turns":5},{"damage":0,"enemies":"Chosen","floor":19,"turns":3},{"damage":1,"enemies":"Centurion and Healer","floor":21,"turns":4},{"damage":14,"enemies":"Snake Plant","floor":22,"turns":2},{"damage":0,"enemies":"3 Cultists","floor":24,"turns":3},{"damage":35,"enemies":"Slavers","floor":25,"turns":5},{"damage":20,"enemies":"Book of Stabbing","floor":27,"turns":5},{"damage":27,"enemies":"Slavers","floor":31,"turns":3},{"damage":43,"enemies":"Automaton","floor":33,"turns":11},{"damage":2,"enemies":"3 Darklings","floor":35,"turns":4},{"damage":2,"enemies":"Mind Bloom Boss Battle","floor":37,"turns":6},{"damage":0,"enemies":"Orb Walker","floor":38,"turns":3},{"damage":9,"enemies":"4 Shapes","floor":39,"turns":5},{"damage":1,"enemies":"Giant Head","floor":40,"turns":7},{"damage":8,"enemies":"Spire Growth","floor":44,"turns":4},{"damage":16,"enemies":"3 Darklings","floor":46,"turns":4},{"damage":5,"enemies":"Reptomancer","floor":48,"turns":6},{"damage":4,"enemies":"Time Eater","floor":50,"turns":8}],"seed_played":"-8399458303924539785","potions_obtained":[{"floor":2,"key":"EssenceOfSteel"},{"floor":7,"key":"ColorlessPotion"},{"floor":11,"key":"Explosive Potion"},{"floor":12,"key":"PowerPotion"},{"floor":21,"key":"CunningPotion"},{"floor":22,"key":"Explosive Potion"},{"floor":37,"key":"Energy Potion"},{"floor":38,"key":"Poison Potion"},{"floor":44,"key":"PowerPotion"}],"is_trial":false,"path_per_floor":["M","M","M","?","$","R","E","M","T","R","M","E","M","M","R","B",null,"M","M","?","M","M","R","M","E","T","E","R","$","R","E","R","B",null,"M","$","?","M","M","E","R","$","T","M","?","M","R","E","R","B",null],"character_chosen":"THE_SILENT","items_purchased":["Well Laid Plans+1","Flash of Steel+1","DuplicationPotion","Noxious Fumes+1","Pantograph","Footwork+1","ClockworkSouvenir","CultistPotion"],"campfire_rested":5,"item_purchase_floors":[29,29,29,36,36,42,42,42],"current_hp_per_floor":[68,68,68,68,68,68,59,59,59,59,56,47,47,42,42,31,70,70,70,57,56,42,64,64,29,29,9,31,31,53,26,48,5,75,73,73,73,73,64,63,63,63,63,55,55,39,60,55,55,67],"gold":105,"neow_bonus":"","is_daily":true,"chose_seed":false,"campfire_upgraded":3,"win_rate":0.0,"timestamp":1613165106,"path_taken":["M","M","M","?","$","R","E","M","T","R","M","E","?","M","R","BOSS","M","M","?","?","M","R","M","E","T","E","R","$","R","?","R","BOSS","M","$","?","M","M","E","R","$","T","M","?","?","R","E","R","BOSS"],"items_purchased_type":["Card","Card","Potion","Card","Relic","Card","Relic","Potion"],"build_version":"2020-12-22","purchased_purges":4,"victory":true,"max_hp_per_floor":[70,70,70,70,70,70,70,70,70,70,70,70,70,70,70,70,70,70,70,75,75,75,75,75,75,75,75,75,75,75,75,75,75,75,75,75,75,75,75,75,75,75,75,75,71,71,71,71,71,71],"relic_stats":{"Lizard Tail":0,"Gremlin Horn":[0,0],"counters":[28,124],"Sundial":[16],"Pantograph":18,"Snecko Eye":[113,109,92,105],"Smiling Mask":225,"obtain_stats":[{"Girya":40,"Gremlin Horn":48,"Oddly Smooth Stone":31,"Frozen Egg 2":12,"Smiling Mask":27,"Old Coin":37,"ClockworkSouvenir":42,"Lizard Tail":43,"Sundial":9,"Pantograph":36,"Snecko Eye":34,"Philosopher\u0027s Stone":17,"Molten Egg 2":26,"StrikeDummy":25,"Unceasing Top":7,"Ring of the Snake":0},{"Girya":24,"Gremlin Horn":27,"Oddly Smooth Stone":18,"Frozen Egg 2":7,"Smiling Mask":17,"Old Coin":21,"ClockworkSouvenir":24,"Lizard Tail":24,"Sundial":5,"Pantograph":20,"Snecko Eye":19,"Philosopher\u0027s Stone":10,"Molten Egg 2":16,"StrikeDummy":16,"Unceasing Top":4,"Ring of the Snake":0},{"Girya":102,"Gremlin Horn":116,"Oddly Smooth Stone":66,"Frozen Egg 2":25,"Smiling Mask":63,"Old Coin":87,"ClockworkSouvenir":102,"Lizard Tail":102,"Sundial":18,"Pantograph":81,"Snecko Eye":77,"Philosopher\u0027s Stone":36,"Molten Egg 2":58,"StrikeDummy":58,"Unceasing Top":15,"Ring of the Snake":0}],"Unceasing Top":[8],"Ring of the Snake":[59]},"card_choices":[{"not_picked":["PiercingWail","Outmaneuver"],"picked":"Quick Slash","floor":1},{"not_picked":["Collect","CrushJoints"],"picked":"CutThroughFate","floor":2},{"not_picked":["ThirdEye","Sucker Punch"],"picked":"Judgement","floor":3},{"not_picked":["Accuracy","DeceiveReality"],"picked":"Poisoned Stab","floor":7},{"not_picked":["Evaluate","ClearTheMind"],"picked":"Dodge and Roll","floor":8},{"not_picked":["ThirdEye","JustLucky"],"picked":"Slice","floor":11},{"not_picked":["CrushJoints","Setup"],"picked":"Predator","floor":12},{"not_picked":["Acrobatics","Halt","PathToVictory"],"picked":"SKIP","floor":13},{"not_picked":["CrushJoints","Vengeance"],"picked":"Leg Sweep","floor":14},{"not_picked":["Brilliance","Establishment+1"],"picked":"DeusExMachina","floor":16},{"not_picked":["Underhanded Strike","Distraction","CrushJoints"],"picked":"SKIP","floor":18},{"not_picked":["ReachHeaven","Quick Slash","EmptyMind"],"picked":"SKIP","floor":19},{"not_picked":["ThirdEye","SashWhip+1"],"picked":"All Out Attack","floor":21},{"not_picked":["SashWhip+1","Distraction","Dagger Spray"],"picked":"SKIP","floor":22},{"not_picked":["Acrobatics","Riddle With Holes"],"picked":"Bouncing Flask+1","floor":24},{"not_picked":["Calculated Gamble","Terror"],"picked":"Blade Dance+1","floor":25},{"not_picked":["ReachHeaven+1","Blade Dance"],"picked":"Scrawl","floor":27},{"not_picked":["Flechettes+1","Infinite Blades+1"],"picked":"Vault","floor":31},{"not_picked":["Omniscience","Corpse Explosion"],"picked":"DevaForm+1","floor":33},{"not_picked":["SashWhip+1","PiercingWail"],"picked":"Riddle With Holes+1","floor":35},{"not_picked":["Evaluate+1","Cloak And Dagger+1"],"picked":"Protect","floor":37},{"not_picked":["Underhanded Strike+1","Tantrum+1"],"picked":"PiercingWail","floor":38},{"not_picked":["Crescendo","Sucker Punch+1","BattleHymn+1"],"picked":"SKIP","floor":39},{"not_picked":["Deadly Poison+1","ClearTheMind","FollowUp+1"],"picked":"SKIP","floor":40},{"not_picked":["EmptyFist+1","FollowUp+1"],"picked":"Infinite Blades+1","floor":44},{"not_picked":["Bane+1","Setup+1","Poisoned Stab+1"],"picked":"SKIP","floor":46},{"not_picked":["FlurryOfBlows+1","Deflect","Poisoned Stab+1"],"picked":"SKIP","floor":48}],"player_experience":660002,"relics_obtained":[{"floor":7,"key":"Unceasing Top"},{"floor":9,"key":"Sundial"},{"floor":12,"key":"Frozen Egg 2"},{"floor":25,"key":"StrikeDummy"},{"floor":26,"key":"Molten Egg 2"},{"floor":27,"key":"Smiling Mask"},{"floor":31,"key":"Oddly Smooth Stone"},{"floor":37,"key":"Old Coin"},{"floor":40,"key":"Girya"},{"floor":43,"key":"Lizard Tail"},{"floor":48,"key":"Gremlin Horn"}],"event_choices":[{"damage_healed":0,"gold_gain":0,"player_choice":"1 cards matched","damage_taken":0,"max_hp_gain":0,"max_hp_loss":0,"event_name":"Match and Keep!","floor":4,"gold_loss":0,"cards_obtained":["Neutralize"]},{"damage_healed":0,"gold_gain":0,"player_choice":"1 cards matched","damage_taken":0,"max_hp_gain":0,"max_hp_loss":0,"event_name":"Match and Keep!","floor":4,"gold_loss":0,"cards_obtained":["Neutralize"]},{"damage_healed":0,"gold_gain":0,"player_choice":"Shed Blood","damage_taken":18,"max_hp_gain":5,"max_hp_loss":0,"event_name":"Forgotten Altar","floor":20,"gold_loss":0},{"damage_healed":0,"gold_gain":0,"player_choice":"Fight","damage_taken":0,"max_hp_gain":0,"max_hp_loss":0,"event_name":"MindBloom","floor":37,"gold_loss":0},{"damage_healed":0,"gold_gain":0,"player_choice":"Max HP","damage_taken":0,"max_hp_gain":0,"max_hp_loss":4,"event_name":"Winding Halls","floor":45,"gold_loss":0}],"is_beta":false,"boss_relics":[{"not_picked":["Black Star","Empty Cage"],"picked":"Philosopher\u0027s Stone"},{"not_picked":["Tiny House","Velvet Choker"],"picked":"Snecko Eye"}],"items_purged_floors":[5,29,36,42],"is_endless":false,"potions_floor_spawned":[2,7,11,12,21,22,37,38,44,48],"ascension_level":0}}