{"host":"8a72fthmlk1o8pdb","time":1613118289,"event":{"mods":["AchievementEnabler","Aspiration","Astrologer","Bard","BaseMod","Beaked The Cultist","Better Sensory Stone","Better Skull","Better Third Choice","ChefMod","Colored Map","Colored Powertips","Dark Map","Downfall","Friendly Minions","GifTheSpireLib","Googly Eyes","Gremlin Mod","Hermit","Hubris","JesterMod","Jorbs\u0027s Wanderer Trilogy","Marisa????????","Minty Spire (QoL Compilation)","Permanent Neow","Random Character Button","Rare Cards Sparkle","Relic Stats","Reliquary","Robot Space Explorer","Shade Mod","Shop Mod","Somnambulant","StSLib","The Animator","The Blue Laboratory","The Construct","The Cursed","The Disciple","The Hayseed","The Hierophant","The Jungle","The Marked","The Mystic","The Necromancer","The Poker Player","The Problem Sleuth","The Runesmith","thorton"],"gold_per_floor":[17,34,54,54,154,188,188,207,283,283,312,89,105,122,122,226,226,244,260,88,102,117,143,0,0,25,25,357,62,74,87,87,184,184,197,208,208,218,234,234,246,246,246],"floor_reached":42,"language":"ENG","playtime":2293,"items_purged":["Strike_B","Strike_B"],"score":459,"play_id":"f93b757f-75ef-405c-94c9-356174ba2d56","local_time":"20210212002449","is_ascension_mode":false,"campfire_choices":[{"data":"Streamline","floor":7,"key":"SMITH"},{"data":"Leap","floor":10,"key":"SMITH"},{"floor":15,"key":"REST"},{"data":"Biased Cognition","floor":25,"key":"SMITH"},{"data":"Cold Snap","floor":27,"key":"SMITH"},{"floor":32,"key":"REST"},{"data":"Biased Cognition","floor":40,"key":"SMITH"}],"circlet_count":0,"master_deck":["Strike_B","Strike_B","Defend_B","Defend_B","Defend_B","Defend_B","Zap","Dualcast","Mayhem","Coolheaded","hubris:PowerSurge","Leap+1","Streamline+1","Cold Snap+1","All For One","Biased Cognition+1","Lockon+1","Gash","Self Repair","Cold Snap+1","Cold Snap","aspiration:Polymerization","Defragment+1","Biased Cognition+1","beaked:Brace+1","Gash"],"relics":["Cracked Core","Toy Ornithopter","aspiration:MysteriousAuxiliaryCore","jesterMod:MachoBrace","TheSimpletonMod:Moonshine","Dream Catcher","Mercury Hourglass","aspiration:BeakedSkillbook"],"acts_visited":["Exordium","TheCity","TheBeyond"],"potions_floor_usage":[21,21,22,31,41,41],"damage_taken":[{"damage":5,"enemies":"2 Louse","floor":1,"turns":3},{"damage":1,"enemies":"Cultist","floor":2,"turns":3},{"damage":0,"enemies":"Small Slimes","floor":3,"turns":3},{"damage":6,"enemies":"Lagavulin","floor":6,"turns":9},{"damage":4,"enemies":"Red Slaver","floor":8,"turns":3},{"damage":14,"enemies":"Gremlin Nob","floor":11,"turns":4},{"damage":8,"enemies":"Blue Slaver","floor":13,"turns":3},{"damage":0,"enemies":"2 Fungi Beasts","floor":14,"turns":3},{"damage":33,"enemies":"Hexaghost","floor":16,"turns":13},{"damage":9,"enemies":"Spheric Guardian","floor":18,"turns":4},{"damage":0,"enemies":"Shell Parasite","floor":19,"turns":6},{"damage":10,"enemies":"Snecko","floor":21,"turns":4},{"damage":4,"enemies":"Chosen and Byrds","floor":22,"turns":3},{"damage":20,"enemies":"Gremlin Leader","floor":23,"turns":9},{"damage":0,"enemies":"3 Cultists","floor":30,"turns":4},{"damage":18,"enemies":"Shelled Parasite and Fungi","floor":31,"turns":2},{"damage":13,"enemies":"Automaton","floor":33,"turns":10},{"damage":0,"enemies":"3 Darklings","floor":35,"turns":5},{"damage":2,"enemies":"Orb Walker","floor":36,"turns":2},{"damage":14,"enemies":"Jaw Worm Horde","floor":38,"turns":4},{"damage":17,"enemies":"4 Shapes","floor":39,"turns":3},{"damage":39,"enemies":"Writhing Mass","floor":41,"turns":6},{"damage":37,"enemies":"Transient","floor":42,"turns":5}],"seed_played":"6590844794345685409","potions_obtained":[{"floor":1,"key":"blueLaboratory:PlasmaFuel"},{"floor":2,"key":"EssenceOfDarkness"},{"floor":6,"key":"blueLaboratory:BottleOfRum"},{"floor":16,"key":"Weak Potion"},{"floor":21,"key":"blueLaboratory:PolymorphPotion"},{"floor":22,"key":"champ:CounterPotion"},{"floor":38,"key":"Swift Potion"}],"is_trial":false,"path_per_floor":["M","M","M","$","?","E","R","M","T","R","E","$","M","M","R","B",null,"M","M","$","M","M","E","?","R","T","R","?","$","M","M","R","B",null,"M","M","?","M","M","R","M","M"],"character_chosen":"DEFECT","items_purchased":["All For One","Self Repair","Mercury Hourglass","Cold Snap"],"campfire_rested":2,"item_purchase_floors":[12,20,29,29],"current_hp_per_floor":[70,69,69,69,69,63,63,59,59,59,45,45,37,37,59,26,75,66,66,66,73,75,62,62,62,62,62,34,34,34,21,43,37,75,75,73,73,66,49,49,23,0,0],"gold":246,"neow_bonus":"RANDOM_COLORLESS_2","is_daily":false,"chose_seed":false,"campfire_upgraded":5,"win_rate":0.0,"timestamp":1613118289,"path_taken":["M","M","M","$","?","E","R","M","T","R","E","$","M","M","R","BOSS","M","M","?","?","M","E","?","R","T","R","?","$","M","?","R","BOSS","M","M","?","M","M","R","M","M"],"items_purchased_type":["Card","Card","Relic","Card"],"build_version":"2020-12-22","purchased_purges":2,"victory":false,"max_hp_per_floor":[75,75,75,75,75,75,75,75,75,75,75,75,75,75,75,75,75,75,75,75,75,75,75,75,75,75,75,75,75,75,75,75,75,75,75,75,75,75,75,75,75,75,75],"relic_stats":{"Dream Catcher":1,"counters":[23,111],"obtain_stats":[{"Dream Catcher":26,"jesterMod:MachoBrace":17,"aspiration:MysteriousAuxiliaryCore":16,"Cracked Core":0,"TheSimpletonMod:Moonshine":23,"aspiration:BeakedSkillbook":34,"Toy Ornithopter":6,"reliquary:FerryPass":11,"Mercury Hourglass":29},{"Dream Catcher":14,"jesterMod:MachoBrace":9,"aspiration:MysteriousAuxiliaryCore":9,"Cracked Core":0,"TheSimpletonMod:Moonshine":14,"aspiration:BeakedSkillbook":17,"Toy Ornithopter":4,"reliquary:FerryPass":6,"Mercury Hourglass":14},{"Dream Catcher":70,"jesterMod:MachoBrace":44,"aspiration:MysteriousAuxiliaryCore":44,"Cracked Core":0,"TheSimpletonMod:Moonshine":70,"aspiration:BeakedSkillbook":86,"Toy Ornithopter":18,"reliquary:FerryPass":25,"Mercury Hourglass":70}],"Toy Ornithopter":27,"Mercury Hourglass":[182]},"card_choices":[{"not_picked":["Master of Strategy","Thinking Ahead"],"picked":"Mayhem","floor":0},{"not_picked":["Leap","Rebound"],"picked":"Coolheaded","floor":1},{"not_picked":["Leap","Darkness"],"picked":"hubris:PowerSurge","floor":2},{"not_picked":["Scrape","White Noise"],"picked":"Leap","floor":3},{"not_picked":["Gash","Compile Driver"],"picked":"Streamline","floor":6},{"not_picked":["Steam","Machine Learning"],"picked":"Cold Snap","floor":8},{"not_picked":["FTL","Chaos","Doom and Gloom"],"picked":"SKIP","floor":11},{"not_picked":["Conserve Battery","Compile Driver","Storm"],"picked":"SKIP","floor":13},{"not_picked":["FTL","Sweeping Beam","Hologram"],"picked":"SKIP","floor":14},{"not_picked":["Amplify","Machine Learning"],"picked":"Biased Cognition","floor":16},{"not_picked":["Skim","Beam Cell+1"],"picked":"Lockon+1","floor":18},{"not_picked":["Darkness","Sweeping Beam"],"picked":"Gash","floor":19},{"not_picked":["Steam","Rebound+1"],"picked":"Cold Snap+1","floor":21},{"not_picked":["Consume","hubris:SpecializedCircuitry","Barrage"],"picked":"SKIP","floor":22},{"not_picked":["Conserve Battery","Rip and Tear","Ball Lightning"],"picked":"SKIP","floor":23},{"not_picked":["FTL+1","Rebound+1","hubris:Ukulele"],"picked":"SKIP","floor":30},{"not_picked":["FTL","Double Energy"],"picked":"aspiration:Polymerization","floor":31},{"not_picked":["Hologram+1","Redo"],"picked":"Defragment+1","floor":32},{"not_picked":["Creative AI","hubris:DoWhile"],"picked":"Biased Cognition","floor":33},{"not_picked":["Compile Driver","Barrage","beaked:Insight"],"picked":"beaked:Brace+1","floor":35},{"not_picked":["Beam Cell+1","Streamline+1","BootSequence+1"],"picked":"Gash","floor":36},{"not_picked":["Tempest","Compile Driver","beaked:RuinSticks+1","beaked:Struggle+1"],"picked":"SKIP","floor":38},{"not_picked":["Rebound+1","beaked:Hexing","beaked:TuckingFeathers","BootSequence"],"picked":"SKIP","floor":39},{"not_picked":["beaked:Redirect+1","Streamline","Sweeping Beam","Heatsinks+1"],"picked":"SKIP","floor":41}],"player_experience":186505,"relics_obtained":[{"floor":6,"key":"Toy Ornithopter"},{"floor":11,"key":"reliquary:FerryPass"},{"floor":16,"key":"aspiration:MysteriousAuxiliaryCore"},{"floor":23,"key":"TheSimpletonMod:Moonshine"},{"floor":26,"key":"Dream Catcher"}],"event_choices":[{"damage_healed":0,"gold_gain":100,"player_choice":"Pray","damage_taken":0,"max_hp_gain":0,"max_hp_loss":0,"event_name":"Golden Shrine","floor":5,"gold_loss":0},{"damage_healed":0,"gold_gain":0,"player_choice":"Paid Fearfully","damage_taken":0,"max_hp_gain":0,"max_hp_loss":0,"event_name":"Masked Bandits","floor":24,"gold_loss":143},{"damage_healed":0,"gold_gain":332,"player_choice":"GO GO GO ","damage_taken":31,"relics_obtained":[],"max_hp_gain":0,"max_hp_loss":0,"event_name":"betterSkull:BetterSkull","floor":28,"gold_loss":0,"cards_upgraded":[]}],"is_beta":false,"boss_relics":[{"not_picked":["hubris:CrackedHourglass","aspiration:BardSkillbook"],"picked":"jesterMod:MachoBrace"},{"not_picked":["Runesmith:UraniumAnvil","Coffee Dripper"],"picked":"aspiration:BeakedSkillbook"}],"items_purged_floors":[12,20],"is_endless":false,"potions_floor_spawned":[1,2,6,8,16,18,21,22,38],"killed_by":"Transient","ascension_level":0}}