{"host":"0z6l31g9ps0v9zzp","time":1613131205,"event":{"mods":["Act Like it!","BaseMod","CapriCore","Minty Spire (QoL Compilation)","StSLib","The Alterego"],"gold_per_floor":[116,116,133,58,78,110,110,122,146,174,186,180,211,234,246,357,369,351,351],"floor_reached":18,"language":"ZHS","playtime":978,"items_purged":["alterego_mod:Strike"],"score":199,"play_id":"3f8877c0-ba96-4249-8839-7cad57f4bb00","local_time":"20210212200005","daily_mods":["Heirloom"],"is_ascension_mode":false,"campfire_choices":[{"data":"alterego_mod:Nekomimi","floor":7,"key":"SMITH"},{"data":"alterego_mod:Impale","floor":15,"key":"SMITH"}],"circlet_count":0,"master_deck":["alterego_mod:Strike","alterego_mod:Strike","alterego_mod:Strike","alterego_mod:Defend","alterego_mod:Defend","alterego_mod:Defend","alterego_mod:Defend","alterego_mod:Impale+1","alterego_mod:BrynhildrsRune","alterego_mod:Nekomimi+1","alterego_mod:Stockings","alterego_mod:Valentines","alterego_mod:SakuraFive","alterego_mod:Venus"],"relics":["alterego_mod:MasochisticConstitution","Pocketwatch","Toy Ornithopter","Happy Flower","MawBank","SlaversCollar"],"acts_visited":["Exordium","TheCity"],"potions_floor_usage":[10,16,16],"damage_taken":[{"damage":2,"enemies":"2 Louse","floor":1,"turns":5},{"damage":3,"enemies":"Cultist","floor":3,"turns":3},{"damage":28,"enemies":"Jaw Worm","floor":5,"turns":7},{"damage":22,"enemies":"3 Sentries","floor":6,"turns":12},{"damage":2,"enemies":"Blue Slaver","floor":8,"turns":6},{"damage":12,"enemies":"Gremlin Nob","floor":10,"turns":4},{"damage":12,"enemies":"Exordium Thugs","floor":12,"turns":5},{"damage":11,"enemies":"3 Louse","floor":13,"turns":4},{"damage":24,"enemies":"Lots of Slimes","floor":14,"turns":7},{"damage":16,"enemies":"Hexaghost","floor":16,"turns":8},{"damage":12,"enemies":"2 Thieves","floor":18,"turns":2}],"seed_played":"1485709600443719380","potions_obtained":[{"floor":3,"key":"LiquidBronze"},{"floor":10,"key":"Fruit Juice"},{"floor":13,"key":"FairyPotion"},{"floor":14,"key":"FearPotion"}],"is_trial":true,"path_per_floor":["M","?","M","$","M","E","R","M","T","E","$","M","M","M","R","B",null,"M"],"character_chosen":"The_Alterego","items_purchased":[],"campfire_rested":0,"item_purchase_floors":[],"current_hp_per_floor":[71,71,69,69,49,49,49,55,55,54,54,43,47,59,59,54,85,73,73],"gold":351,"neow_bonus":"","is_daily":false,"chose_seed":false,"campfire_upgraded":2,"win_rate":0.0,"timestamp":1613131205,"path_taken":["M","?","M","?","M","E","R","?","T","E","$","M","?","M","R","BOSS","M"],"items_purchased_type":[],"build_version":"2020-12-22","purchased_purges":1,"victory":false,"max_hp_per_floor":[71,71,72,72,73,74,74,75,75,81,81,82,83,84,84,85,85,85,85],"card_choices":[{"not_picked":["alterego_mod:TrashNCrash","alterego_mod:PerceptionDisorder"],"picked":"alterego_mod:Nekomimi","floor":1},{"not_picked":["alterego_mod:MagicResistance","alterego_mod:TrashNCrash","alterego_mod:Rip"],"picked":"SKIP","floor":3},{"not_picked":["alterego_mod:Birthday","alterego_mod:BeGentle"],"picked":"alterego_mod:Stockings","floor":5},{"not_picked":["alterego_mod:Cooking","alterego_mod:Cycle","alterego_mod:GoddessCore"],"picked":"SKIP","floor":6},{"not_picked":["alterego_mod:SuperDuperMasochism","alterego_mod:Maid","alterego_mod:Clap"],"picked":"SKIP","floor":8},{"not_picked":["alterego_mod:GoddessCore","alterego_mod:Rip"],"picked":"alterego_mod:Valentines","floor":10},{"not_picked":["alterego_mod:MagicResistance","alterego_mod:Swimsuit","alterego_mod:ChallengeComplete"],"picked":"SKIP","floor":12},{"not_picked":["alterego_mod:Cooking","alterego_mod:Bounce","alterego_mod:Valentines"],"picked":"SKIP","floor":13},{"not_picked":["alterego_mod:Rip","alterego_mod:GoddessCore"],"picked":"alterego_mod:SakuraFive","floor":14},{"not_picked":["alterego_mod:Vow","alterego_mod:Valkyrie"],"picked":"alterego_mod:Venus","floor":16}],"player_experience":281701,"relics_obtained":[{"floor":6,"key":"Toy Ornithopter"},{"floor":9,"key":"Happy Flower"},{"floor":10,"key":"MawBank"}],"event_choices":[{"cards_removed":["alterego_mod:BigMeatyClaws"],"damage_healed":0,"gold_gain":0,"player_choice":"Offered Basic","damage_taken":0,"max_hp_gain":0,"max_hp_loss":0,"event_name":"Bonfire Elementals","floor":2,"gold_loss":0}],"is_beta":false,"boss_relics":[{"not_picked":["Ectoplasm","Runic Dome"],"picked":"SlaversCollar"}],"items_purged_floors":[4],"is_endless":false,"potions_floor_spawned":[3,10,13,14],"killed_by":"2 Thieves","ascension_level":0}}