{"host":"bf5upntvbdompq33","time":1613174038,"event":{"mods":["BaseMod","Bestiary","Colored Map","Colored Powertips","Curses Come First","Minty Spire (QoL Compilation)","StSLib","ojb\u0027s Info Mod"],"gold_per_floor":[117,67,32,51,51,81,94,10,33,64,110,132,160,200,212,302,314,341,353,139,214,225,225,225,225],"floor_reached":24,"language":"ENG","playtime":1164,"items_purged":["Strike_R+1"],"score":410,"play_id":"349676e9-7fe8-4886-a63f-711f6bc102a9","local_time":"20210212165358","is_ascension_mode":true,"campfire_choices":[{"floor":15,"key":"REST"},{"data":"Wild Strike","floor":23,"key":"SMITH"}],"circlet_count":0,"master_deck":["AscendersBane","Strike_R+1","Strike_R+1","Strike_R+1","Defend_R+1","Defend_R+1","Defend_R+1","Defend_R+1","Bash","Hemokinesis","Spot Weakness","Clothesline","Cleave","Ghostly Armor","Shrug It Off","Sword Boomerang","Wild Strike+1","Pommel Strike","Anger","Reaper","Demon Form","Iron Wave","Inflame","Shrug It Off","Wild Strike"],"relics":["Burning Blood","NeowsBlessing","Akabeko","MawBank","StrikeDummy","Omamori","Philosopher\u0027s Stone","Membership Card"],"acts_visited":["Exordium","TheCity"],"potions_floor_usage":[13,14,14],"damage_taken":[{"damage":0,"enemies":"Jaw Worm","floor":1,"turns":1},{"damage":0,"enemies":"2 Louse","floor":4,"turns":1},{"damage":0,"enemies":"Lagavulin","floor":6,"turns":1},{"damage":3,"enemies":"Cultist","floor":7,"turns":3},{"damage":24,"enemies":"Exordium Thugs","floor":10,"turns":3},{"damage":32,"enemies":"Gremlin Nob","floor":11,"turns":5},{"damage":7,"enemies":"3 Louse","floor":12,"turns":3},{"damage":6,"enemies":"Lots of Slimes","floor":13,"turns":2},{"damage":15,"enemies":"3 Sentries","floor":14,"turns":5},{"damage":31,"enemies":"Slime Boss","floor":16,"turns":9},{"damage":24,"enemies":"Chosen","floor":18,"turns":4},{"damage":30,"enemies":"Shell Parasite","floor":22,"turns":4},{"damage":30,"enemies":"Slavers","floor":24,"turns":3}],"seed_played":"-2150068736222415568","potions_obtained":[{"floor":1,"key":"SteroidPotion"},{"floor":4,"key":"EntropicBrew"},{"floor":16,"key":"Fire Potion"}],"is_trial":false,"path_per_floor":["M","?","$","M","?","E","M","$","T","M","E","M","M","E","R","B",null,"M","?","$","?","M","R","E"],"character_chosen":"IRONCLAD","items_purchased":["Spot Weakness","Ghostly Armor","Shrug It Off","Membership Card","Inflame","Shrug It Off"],"campfire_rested":1,"item_purchase_floors":[3,8,8,20,20,20],"current_hp_per_floor":[74,74,74,75,75,75,75,75,75,57,31,30,30,21,43,32,64,46,46,46,39,28,28,0,0],"gold":225,"neow_bonus":"THREE_ENEMY_KILL","is_daily":false,"chose_seed":false,"campfire_upgraded":1,"win_rate":0.0,"timestamp":1613174038,"path_taken":["M","?","$","M","?","E","M","$","T","M","E","M","?","E","R","BOSS","M","?","$","?","?","R","E"],"items_purchased_type":["Card","Card","Card","Relic","Card","Card"],"build_version":"2020-12-22","purchased_purges":1,"victory":false,"max_hp_per_floor":[75,75,75,75,75,75,75,75,75,75,75,75,75,75,75,75,75,75,75,75,75,75,75,75,75],"card_choices":[{"not_picked":["Clothesline","Shockwave"],"picked":"Hemokinesis","floor":1},{"not_picked":["Headbutt","Twin Strike"],"picked":"Clothesline","floor":4},{"not_picked":["Havoc","Perfected Strike","Clothesline"],"picked":"SKIP","floor":6},{"not_picked":["Iron Wave","Perfected Strike"],"picked":"Cleave","floor":7},{"not_picked":["Rupture","Thunderclap"],"picked":"Sword Boomerang","floor":10},{"not_picked":["Clothesline","Body Slam"],"picked":"Wild Strike","floor":11},{"not_picked":["True Grit","Battle Trance"],"picked":"Pommel Strike","floor":12},{"not_picked":["Searing Blow","Sentinel"],"picked":"Anger","floor":13},{"not_picked":["Seeing Red","Spot Weakness"],"picked":"Reaper","floor":14},{"not_picked":["Double Tap","Reaper"],"picked":"Demon Form","floor":16},{"not_picked":["Havoc","Cleave"],"picked":"Iron Wave","floor":18},{"not_picked":["Anger","Entrench"],"picked":"Wild Strike","floor":22}],"player_experience":1552561,"relics_obtained":[{"floor":6,"key":"Akabeko"},{"floor":9,"key":"MawBank"},{"floor":11,"key":"StrikeDummy"},{"floor":14,"key":"Omamori"}],"event_choices":[{"cards_removed":["Strike_R"],"damage_healed":0,"gold_gain":0,"player_choice":"Card Removal","damage_taken":0,"max_hp_gain":0,"max_hp_loss":0,"event_name":"The Cleric","floor":2,"gold_loss":50},{"damage_healed":0,"gold_gain":0,"player_choice":"0 cards matched","damage_taken":0,"max_hp_gain":0,"max_hp_loss":0,"event_name":"Match and Keep!","floor":5,"gold_loss":0,"cards_obtained":[]},{"damage_healed":0,"gold_gain":0,"player_choice":"Simplicity","damage_taken":0,"max_hp_gain":0,"max_hp_loss":0,"event_name":"Back to Basics","floor":19,"gold_loss":0,"cards_upgraded":["Strike_R","Strike_R","Strike_R","Strike_R","Defend_R","Defend_R","Defend_R","Defend_R"]},{"damage_healed":0,"gold_gain":75,"player_choice":"Touch","damage_taken":7,"max_hp_gain":0,"max_hp_loss":0,"event_name":"FaceTrader","floor":21,"gold_loss":0}],"is_beta":false,"boss_relics":[{"not_picked":["Busted Crown","Runic Cube"],"picked":"Philosopher\u0027s Stone"}],"items_purged_floors":[20],"is_endless":false,"potions_floor_spawned":[1,4,7,10,16],"killed_by":"Slavers","ascension_level":14}}