{"host":"pszcj3piwl6eu8b1","time":1613173578,"event":{"mods":["2.2 Compatiblity","Act Like it!","Aspiration","BaseMod","Better Altar","Better Match","Better Note","Better Sensory Stone","Better Skull","Better Third Choice","Better Vampires","CCEM2","Downfall","Elementarium","Energized Spire","Gensokyo","GifTheSpireLib","Hallownest","Hubris","Marisa????????","Menagerie","Minty Spire (QoL Compilation)","Permanent Neow","Quarter Circle Forward PUNCH!","Quick Restart","Replay The Spire","Shop Mod","StSLib","Stuff the Spire","The Animator","The Blue Laboratory"],"gold_per_floor":[117,117,130,17,17,49,64,64,64,96,128,140,152,179,31,122,134,160,172,203,235,259,271,308,330,366,378,390,431,461,484,496,582,594,621,649,661,661],"floor_reached":37,"language":"ENG","playtime":3586,"items_purged":[],"score":870,"play_id":"e84b3db5-1aa3-456b-8148-a252cc99faad","local_time":"20210212154618","daily_mods":["SealedDeck","downfall:Enraging"],"is_ascension_mode":true,"campfire_choices":[{"data":"animator:Alexander","floor":8.0,"key":"SMITH"},{"data":"animator:Aqua","floor":23.0,"key":"SMITH"}],"circlet_count":0,"master_deck":["AscendersBane","StuffTheSpire:BrainWave","animator:Alexander+1","animator:YasutoraSado","animator:UneriGinkaku+1","animator:Fredrika","animator:Assassin","animator:TukaLunaMarceau","animator:Raven+1","animator:ReimuHakurei","animator:Entoma+6","animator:KyokoSakura","animator:Eris+1","animator:Shiro+1","animator:Saber+1","animator:Shiroe+7","animator:YaoHaDucy","animator:Aqua+1","animator:Saber","animator:Aqua","animator:Mikaela","animator:Aqua","animator:KurumiTokisaki","animator:Bozes","animator:HigakiRinne"],"relics":["animator:VividPicture","animator:TheMissingPiece","Ring of Chaos","replay:Trail_Library","animator:PurgingStone","Whetstone","MawBank","Gensokyo:CelestialsFlawlessClothing","Sundial","Enchiridion","Painkiller Herb","MutagenicStrength","qcfpunch:Broken_Tusk","Strawberry","aspiration:RitualStick","qcfpunch:Wrestler\u0027s_Cloak","CCEMRelics:FakeTeeth"],"acts_visited":["Gensokyo:Gensokyo","TheCity","Hallownest:KingdomsEdge"],"potions_floor_usage":[],"damage_taken":[{"damage":0.0,"enemies":"Gensokyo:Python","floor":1.0,"turns":2.0},{"damage":0.0,"enemies":"Gensokyo:2_Kodama","floor":3.0,"turns":2.0},{"damage":0.0,"enemies":"Gensokyo:Cirno","floor":6.0,"turns":3.0},{"damage":8.0,"enemies":"Gensokyo:Gryphon","floor":7.0,"turns":2.0},{"damage":0.0,"enemies":"Gensokyo:VengefulSpirit","floor":10.0,"turns":2.0},{"damage":0.0,"enemies":"Gensokyo:Python_and_Kodama","floor":11.0,"turns":2.0},{"damage":10.0,"enemies":"Gensokyo:2_Rabbits","floor":14.0,"turns":2.0},{"damage":50.0,"enemies":"Gensokyo:Yukari","floor":16.0,"turns":6.0},{"damage":14.0,"enemies":"Chosen","floor":18.0,"turns":3.0},{"damage":0.0,"enemies":"Spheric Guardian","floor":20.0,"turns":2.0},{"damage":39.0,"enemies":"Snecko","floor":21.0,"turns":4.0},{"damage":6.0,"enemies":"Chosen and Byrds","floor":22.0,"turns":3.0},{"damage":60.0,"enemies":"Book of Stabbing","floor":24.0,"turns":7.0},{"damage":21.0,"enemies":"Centurion and Healer","floor":25.0,"turns":4.0},{"damage":10.0,"enemies":"Slavers","floor":29.0,"turns":3.0},{"damage":4.0,"enemies":"Shelled Parasite and Fungi","floor":30.0,"turns":2.0},{"damage":3.0,"enemies":"Chosen and Byrds","floor":31.0,"turns":3.0},{"damage":11.0,"enemies":"hubris:MusketHawk","floor":33.0,"turns":6.0},{"damage":18.0,"enemies":"Hallownest:Shield_Heavy","floor":35.0,"turns":3.0},{"damage":42.0,"enemies":"Hallownest:2_Littles","floor":36.0,"turns":4.0},{"damage":0,"enemies":"Hallownest:Xero_Hu_Marmu","floor":37,"turns":1}],"seed_played":"2915942327374957368","potions_obtained":[{"floor":1.0,"key":"DistilledChaos"},{"floor":11.0,"key":"ColorlessPotion"},{"floor":14.0,"key":"blueLaboratory:ImpenetrablePotion"},{"floor":22.0,"key":"blueLaboratory:BubblePotion"},{"floor":25.0,"key":"Block Potion"},{"floor":30.0,"key":"blueLaboratory:NullPotion"},{"floor":35.0,"key":"Reflective Coating"}],"is_trial":true,"path_per_floor":["M","?","M","?","?","E","M","R","T","M","M","?","T","M","R","B",null,"?","?","?","?","?","T","E","?","T","?","T","E","?","?","T","B",null,"?","?","?"],"character_chosen":"THE_ANIMATOR","items_purchased":[],"campfire_rested":0,"item_purchase_floors":[],"current_hp_per_floor":[54,54,54,54,57,62,54,54,54,54,62,43,43,41,41,1,48,42,42,42,13,19,19,45,35,42,24,24,29,31,37,37,39,68,63,36,36,36],"gold":661,"neow_bonus":"","is_daily":false,"chose_seed":true,"campfire_upgraded":2,"win_rate":0.0,"timestamp":1613173578,"path_taken":["M","?","M","?","?","E","?","R","T","M","M","?","?","M","R","BOSS","?","?","?","?","?","T","E","?","T","?","?","E","?","?","T","BOSS","?","?","?"],"items_purchased_type":[],"build_version":"2020-12-22","purchased_purges":0,"victory":false,"max_hp_per_floor":[60,60,60,60,60,62,62,62,62,62,64,64,64,64,64,64,64,64,64,64,64,66,66,66,66,73,73,73,75,75,77,77,77,77,77,79,79,79],"card_choices":[{"not_picked":["animator:Demiurge","animator:Laby"],"picked":"animator:KyokoSakura","floor":1.0},{"not_picked":["animator:Arpeggio","animator:IsshinKurosaki","animator:SuikaIbuki"],"picked":"SKIP","floor":3.0},{"not_picked":["animator:KotoriKanbe+1","animator:ByakuyaKuchiki+1"],"picked":"animator:Eris+1","floor":4.0},{"not_picked":["animator:SwordMaiden+1","animator:Envy+1"],"picked":"animator:Shiro+1","floor":4.0},{"not_picked":["animator:Envy+1","animator:Akatsuki+1"],"picked":"animator:Saber+1","floor":4.0},{"not_picked":["animator:OrigamiTobiichi","animator:Entoma"],"picked":"animator:Shiroe","floor":6.0},{"not_picked":["animator:DolaRiku","animator:ElricAlphonse"],"picked":"animator:YaoHaDucy","floor":10.0},{"not_picked":["animator:Verdia","animator:YachiyoNanami","animator:Guy"],"picked":"SKIP","floor":11.0},{"not_picked":["animator:Shalltear","animator:YuukaKazami","animator:SakuyaOhtori"],"picked":"SKIP","floor":14.0},{"not_picked":["animator:Elesis","animator:Greed"],"picked":"animator:Saber","floor":16.0},{"not_picked":["animator:YunYun","animator:Kazuma"],"picked":"animator:Aqua","floor":18.0},{"not_picked":["animator:Spearman+1","animator:Sloth+1"],"picked":"animator:Mikaela","floor":20.0},{"not_picked":["animator:CrowleyEusford+1","animator:Sora","animator:Midou"],"picked":"SKIP","floor":21.0},{"not_picked":["animator:RoyMustang","animator:KomachiOnozuka","animator:Ara"],"picked":"SKIP","floor":22.0},{"not_picked":["animator:MarisaKirisame","animator:SuikaIbuki"],"picked":"animator:Aqua","floor":25.0},{"not_picked":["animator:AcuraTooru","animator:Shalltear","animator:ChaikaBohdan"],"picked":"SKIP","floor":29.0},{"not_picked":["animator:Assassin","animator:Raven","animator:YuukaKazami"],"picked":"SKIP","floor":30.0},{"not_picked":["animator:YukariYakumo","animator:Kyubey"],"picked":"animator:HigakiRinne","floor":33.0},{"not_picked":["animator:YachiyoNanami","animator:YoshinoHimekawa","animator:Yoichi"],"picked":"SKIP","floor":35.0},{"not_picked":["animator:Alexander","animator:MarisaKirisame","animator:Hakurou"],"picked":"SKIP","floor":36.0}],"player_experience":1422445,"relics_obtained":[{"floor":6.0,"key":"Whetstone"},{"floor":9.0,"key":"MawBank"},{"floor":13.0,"key":"Sundial"},{"floor":24.0,"key":"qcfpunch:Broken_Tusk"},{"floor":26.0,"key":"Strawberry"},{"floor":28.0,"key":"qcfpunch:Wrestler\u0027s_Cloak"},{"floor":29.0,"key":"CCEMRelics:FakeTeeth"}],"event_choices":[{"damage_healed":0.0,"max_hp_gain":0.0,"max_hp_loss":0.0,"gold_gain":0.0,"event_name":"betterMatch:BetterMatch","player_choice":"3","floor":4.0,"gold_loss":0.0,"damage_taken":0.0,"cards_obtained":["betterMatch:RareCard"]},{"damage_healed":0.0,"max_hp_gain":0.0,"max_hp_loss":0.0,"gold_gain":0.0,"event_name":"Drug Dealer","player_choice":"Inject Mutagens","floor":19.0,"gold_loss":0.0,"damage_taken":0.0,"relics_obtained":["MutagenicStrength"]}],"is_beta":false,"boss_relics":[{"not_picked":["Coffee Dripper","CCEMRelics:ExpiredCReal"],"picked":"Painkiller Herb"},{"not_picked":["Runic Dome","hubris:RunicObelisk"],"picked":"animator:VividPicture"}],"items_purged_floors":[],"is_endless":true,"potions_floor_spawned":[1,11,14,16,20,22,25,30,35],"killed_by":"Hallownest:Xero_Hu_Marmu","ascension_level":20}}