{"host":"p7cjtxxrilhp4dw7","time":1613109807,"event":{"mods":["BaseMod","Block Reminder","Colored Map","Curses Come First","Highlight Path","Minty Spire (QoL Compilation)","Replay The Spire","StSLib"],"gold_per_floor":[369,369,388,29,42,73,73,73,73,73,93,93,106,106,106,183,183,197,216,236,236,92,123,123,149,149,149,166,201,201,201,201,201,201],"floor_reached":33,"language":"ENG","playtime":2672,"items_purged":["ReplayTheSpireMod:Restless Dread"],"score":519,"play_id":"4b7ffac4-c34b-4d05-a959-8d8ddaba3fd2","local_time":"20210211230327","is_ascension_mode":true,"campfire_choices":[{"floor":7,"key":"REST"},{"floor":12,"key":"REST"},{"data":"Neutralize","floor":15,"key":"SMITH"},{"floor":24,"key":"REST"},{"floor":27,"key":"REST"},{"floor":30,"key":"REST"},{"floor":32,"key":"REST"}],"circlet_count":0,"master_deck":["AscendersBane","Strike_G","Strike_G","Strike_G","Strike_G","Strike_G","Defend_G+1","Defend_G","Defend_G+1","Defend_G","Defend_G","Survivor","Neutralize+1","Dagger Spray","Masterful Stab","Blade Dance","Hidden Blade","Choke","Blade Dance","Flying Knee","Deflect","Die Die Die+1","Quick Slash","Cloak And Dagger","Deflect","Languid","Backflip+1","Dash+1","Blur"],"relics":["Ring of the Snake","Boot","Golden Egg","Kunai","WristBlade","WingedGreaves","Lee\u0027s Waffle","Ancient Tea Set","ReplayTheSpireMod:TigerMarble","Molten Egg 2","Nunchaku"],"acts_visited":["Exordium","TheCity"],"potions_floor_usage":[10,16,20,23,29],"damage_taken":[{"damage":4,"enemies":"Small Slimes","floor":1,"turns":4},{"damage":4,"enemies":"Jaw Worm","floor":3,"turns":4},{"damage":0,"enemies":"Cultist","floor":5,"turns":2},{"damage":24,"enemies":"3 Sentries","floor":6,"turns":6},{"damage":0,"enemies":"Lots of Slimes","floor":10,"turns":1},{"damage":0,"enemies":"Exordium Wildlife","floor":11,"turns":2},{"damage":0,"enemies":"Looter","floor":13,"turns":2},{"damage":27,"enemies":"Hexaghost","floor":16,"turns":15},{"damage":15,"enemies":"Shell Parasite","floor":18,"turns":5},{"damage":0,"enemies":"Chosen","floor":19,"turns":3},{"damage":3,"enemies":"Sentry and Sphere","floor":20,"turns":4},{"damage":29,"enemies":"Slavers","floor":23,"turns":7},{"damage":41,"enemies":"Book of Stabbing","floor":25,"turns":6},{"damage":0,"enemies":"Centurion and Healer","floor":28,"turns":4},{"damage":29,"enemies":"Slavers","floor":29,"turns":4},{"damage":50,"enemies":"Automaton","floor":33,"turns":10}],"seed_played":"127359629703820740","potions_obtained":[{"floor":3,"key":"SmokeBomb"},{"floor":5,"key":"Reflective Coating"},{"floor":8,"key":"Weak Potion"},{"floor":18,"key":"Block Potion"},{"floor":19,"key":"SpeedPotion"},{"floor":28,"key":"LiquidBronze"}],"is_trial":false,"path_per_floor":["M","?","M","$","M","E","R","?","T","M","M","R","M","$","R","B",null,"M","M","M","?","$","E","R","E","T","R","M","E","R","?","R","B"],"character_chosen":"THE_SILENT","items_purchased":["Boot","Blade Dance","Hidden Blade","Choke","Lee\u0027s Waffle"],"campfire_rested":6,"item_purchase_floors":[4,4,4,4,22],"current_hp_per_floor":[55,42,38,38,38,14,33,33,33,33,33,52,52,52,52,25,56,41,41,38,38,73,44,65,24,24,45,45,16,37,24,47,0,0],"gold":201,"neow_bonus":"TWO_FIFTY_GOLD","is_daily":false,"chose_seed":false,"campfire_upgraded":1,"win_rate":0.0,"timestamp":1613109807,"path_taken":["M","?","M","$","M","E","R","?","T","M","M","R","?","?","R","BOSS","M","M","M","?","$","E","R","E","T","R","M","E","R","?","R","BOSS"],"items_purchased_type":["Relic","Card","Card","Card","Relic"],"build_version":"2020-12-22","purchased_purges":1,"victory":false,"max_hp_per_floor":[66,66,66,66,66,66,66,66,66,66,66,66,66,66,66,66,66,66,66,66,66,73,73,73,73,73,73,73,73,73,78,78,78,78],"card_choices":[{"not_picked":["Acrobatics","Dagger Throw"],"picked":"Dagger Spray","floor":1},{"not_picked":["Reflex","Outmaneuver"],"picked":"Masterful Stab","floor":3},{"not_picked":["Draining Mist","Outmaneuver"],"picked":"Blade Dance","floor":5},{"not_picked":["Flechettes","Slice","Infinite Blades"],"picked":"SKIP","floor":6},{"not_picked":["Tactician","Quick Slash"],"picked":"Flying Knee","floor":11},{"not_picked":["Setup","Quick Slash"],"picked":"Deflect","floor":13},{"not_picked":["Phantasmal Killer","Wraith Form v2"],"picked":"Die Die Die","floor":16},{"not_picked":["PiercingWail","All Out Attack"],"picked":"Quick Slash","floor":18},{"not_picked":["Dagger Throw","Acrobatics"],"picked":"Cloak And Dagger","floor":19},{"not_picked":["Hidden Blade+1","Poisoned Stab"],"picked":"Deflect","floor":20},{"not_picked":["Hidden Blade","Blade Dance","Dagger Throw"],"picked":"SKIP","floor":23},{"not_picked":["Toxin Wave","Die Die Die"],"picked":"Backflip+1","floor":25},{"not_picked":["Fluid Movement","Dagger Throw+1"],"picked":"Dash+1","floor":28},{"not_picked":["Prepared","Draining Mist"],"picked":"Blur","floor":29}],"player_experience":641918,"relics_obtained":[{"floor":6,"key":"Golden Egg"},{"floor":9,"key":"Kunai"},{"floor":23,"key":"Ancient Tea Set"},{"floor":25,"key":"ReplayTheSpireMod:TigerMarble"},{"floor":26,"key":"Molten Egg 2"},{"floor":29,"key":"Nunchaku"}],"event_choices":[{"damage_healed":0,"gold_gain":0,"player_choice":"Entered Light","damage_taken":13,"max_hp_gain":0,"max_hp_loss":0,"event_name":"Shining Light","floor":2,"gold_loss":0,"cards_upgraded":["Defend_G","Defend_G"]},{"damage_healed":0,"gold_gain":0,"player_choice":"Got Potions","damage_taken":0,"max_hp_gain":0,"max_hp_loss":0,"event_name":"Lab","floor":8,"gold_loss":0},{"damage_healed":0,"gold_gain":0,"player_choice":"Shed Blood","damage_taken":18,"max_hp_gain":5,"max_hp_loss":0,"event_name":"Forgotten Altar","floor":31,"gold_loss":0}],"is_beta":false,"boss_relics":[{"not_picked":["Calling Bell","Sozu"],"picked":"WristBlade"}],"items_purged_floors":[4],"is_endless":false,"potions_floor_spawned":[3,5,10,18,19,28],"killed_by":"Automaton","ascension_level":14}}