{"host":"prxrhpgaxnj4om9r","time":1613103731,"event":{"mods":["AchievementEnabler","BaseMod","DeckTracker","Keyboard Shortcuts","Minty Spire (QoL Compilation)"],"gold_per_floor":[116,42,217,217,237,237,249,249,273,273,301,320,382,399,399,499,499,516,256,273,48,48,83,100,100,100,112,112,144,178,278,278,376,376,386,386,203,203,203,233,250,250,250,70,88,188,201,98,98,98,98],"floor_reached":50,"language":"KOR","playtime":2510,"items_purged":[],"score":555,"play_id":"11d42852-ac4c-4b25-b355-b7b9e429157b","local_time":"20210212132211","is_ascension_mode":false,"campfire_choices":[{"data":"Zap","floor":6,"key":"SMITH"},{"floor":8,"key":"RECALL"},{"data":"Self Repair","floor":10,"key":"SMITH"},{"floor":15,"key":"REST"},{"floor":25,"key":"REST"},{"data":"Apotheosis","floor":32,"key":"SMITH"},{"floor":42,"key":"REST"},{"floor":49,"key":"REST"}],"circlet_count":0,"master_deck":["Strike_B+1","Strike_B","Strike_B","Defend_B","Defend_B","Zap+1","Dualcast","Ball Lightning","Self Repair+1","Hyperbeam+1","Streamline","Leap","Static Discharge","Sunder","Beam Cell","Core Surge","CurseOfTheBell","Sweeping Beam+1","Defragment","Apotheosis+1","Barrage+1","Melter","Lockon","Coolheaded","Creative AI","FTL+1","BootSequence","Rebound+1","Auto Shields","Streamline","Reboot","Defragment+1","Go for the Eyes","Chill","Madness","Madness","Chrysalis","Trip","Compile Driver","Capacitor","Skim","All For One","Scrape","Static Discharge+1","Go for the Eyes","White Noise+1"],"relics":["Cracked Core","NeowsBlessing","Spirit Poop","Whetstone","Strawberry","Calling Bell","Juzu Bracelet","Ornamental Fan","Gambling Chip","Membership Card","Bag of Preparation","Meat on the Bone","Turnip","Red Mask","Ginger","Gremlin Horn","Philosopher\u0027s Stone","White Beast Statue","TungstenRod","StrikeDummy","Dream Catcher","TheAbacus"],"acts_visited":["Exordium","TheCity","TheBeyond"],"potions_floor_usage":[11,16,18,20,29,31,33,41,45,50,50],"damage_taken":[{"damage":0,"enemies":"Jaw Worm","floor":1,"turns":1},{"damage":0,"enemies":"Cultist","floor":5,"turns":1},{"damage":0,"enemies":"Small Slimes","floor":7,"turns":1},{"damage":25,"enemies":"Lagavulin","floor":11,"turns":5},{"damage":5,"enemies":"3 Louse","floor":12,"turns":2},{"damage":24,"enemies":"Lagavulin Event","floor":13,"turns":5},{"damage":9,"enemies":"Blue Slaver","floor":14,"turns":3},{"damage":43,"enemies":"The Guardian","floor":16,"turns":10},{"damage":1,"enemies":"Chosen","floor":18,"turns":4},{"damage":0,"enemies":"2 Thieves","floor":20,"turns":1},{"damage":46,"enemies":"Slavers","floor":23,"turns":4},{"damage":21,"enemies":"Snake Plant","floor":24,"turns":3},{"damage":14,"enemies":"Cultist and Chosen","floor":27,"turns":6},{"damage":41,"enemies":"Gremlin Leader","floor":29,"turns":6},{"damage":0,"enemies":"Masked Bandits","floor":30,"turns":2},{"damage":19,"enemies":"Colosseum Slavers","floor":31,"turns":5},{"damage":19,"enemies":"Colosseum Nobs","floor":31,"turns":4},{"damage":30,"enemies":"Collector","floor":33,"turns":9},{"damage":8,"enemies":"Orb Walker","floor":35,"turns":3},{"damage":52,"enemies":"Nemesis","floor":40,"turns":7},{"damage":20,"enemies":"3 Darklings","floor":41,"turns":3},{"damage":25,"enemies":"Writhing Mass","floor":45,"turns":5},{"damage":16,"enemies":"Sphere and 2 Shapes","floor":47,"turns":4},{"damage":100,"enemies":"Time Eater","floor":50,"turns":9}],"seed_played":"7788859244093848690","potions_obtained":[{"floor":1,"key":"DistilledChaos"},{"floor":7,"key":"Fire Potion"},{"floor":16,"key":"Explosive Potion"},{"floor":18,"key":"Explosive Potion"},{"floor":23,"key":"CultistPotion"},{"floor":29,"key":"Weak Potion"},{"floor":31,"key":"Dexterity Potion"},{"floor":40,"key":"Strength Potion"},{"floor":41,"key":"DistilledChaos"},{"floor":45,"key":"Fire Potion"},{"floor":47,"key":"DistilledChaos"}],"is_trial":false,"path_per_floor":["M","$","?","?","M","R","M","R","T","R","E","M","?","M","R","B",null,"M","$","M","$","?","E","M","R","T","M","?","E","?","?","R","B",null,"M","?","$","?","?","E","M","R","T","$","M","?","M","$","R","B"],"character_chosen":"DEFECT","items_purchased":["Self Repair","Defragment","Apotheosis","Membership Card","FairyPotion","Melter","White Beast Statue","Go for the Eyes","Chill","Skim","All For One","Dream Catcher","TheAbacus","Go for the Eyes"],"campfire_rested":4,"item_purchase_floors":[2,19,19,21,21,21,37,37,37,44,44,44,48,48],"current_hp_per_floor":[75,75,75,75,75,75,75,75,75,75,60,65,58,59,82,49,82,82,82,82,82,82,36,25,49,49,57,57,38,50,56,56,38,82,82,82,82,72,67,37,39,63,63,63,60,60,44,44,68,0,0],"gold":98,"neow_bonus":"THREE_ENEMY_KILL","is_daily":false,"chose_seed":false,"campfire_upgraded":3,"win_rate":0.0,"timestamp":1613103731,"path_taken":["M","$","?","?","?","R","M","R","T","R","E","M","?","M","R","BOSS","M","$","M","$","?","E","M","R","T","M","?","E","?","?","R","BOSS","M","?","$","?","?","E","M","R","T","?","M","?","M","$","R","BOSS"],"items_purchased_type":["Card","Card","Card","Relic","Potion","Card","Relic","Card","Card","Card","Card","Relic","Relic","Card"],"build_version":"2020-12-22","purchased_purges":0,"victory":false,"max_hp_per_floor":[75,75,75,75,75,75,75,75,75,75,75,75,82,82,82,82,82,82,82,82,82,82,82,82,82,82,82,82,82,82,82,82,82,82,82,82,82,82,82,82,82,82,82,82,82,82,82,82,82,82,82],"card_choices":[{"not_picked":["Consume","Aggregate"],"picked":"Ball Lightning","floor":1},{"not_picked":["Ball Lightning","Steam"],"picked":"Hyperbeam","floor":5},{"not_picked":["Ball Lightning","Loop"],"picked":"Streamline","floor":7},{"not_picked":["Compile Driver","Chaos"],"picked":"Leap","floor":11},{"not_picked":["Compile Driver","Leap"],"picked":"Static Discharge","floor":12},{"not_picked":["Cold Snap","Hello World"],"picked":"Sunder","floor":13},{"not_picked":["Turbo","Rebound"],"picked":"Beam Cell","floor":14},{"not_picked":["Fission","Machine Learning"],"picked":"Core Surge","floor":16},{"not_picked":["Static Discharge","Undo+1"],"picked":"Sweeping Beam+1","floor":18},{"not_picked":["Coolheaded","Hyperbeam"],"picked":"Barrage+1","floor":20},{"not_picked":["Cold Snap","Hello World+1"],"picked":"Creative AI","floor":23},{"not_picked":["Beam Cell","Reinforced Body"],"picked":"FTL+1","floor":24},{"not_picked":["Sweeping Beam+1","Undo"],"picked":"BootSequence","floor":27},{"not_picked":["Go for the Eyes","Barrage"],"picked":"Rebound+1","floor":29},{"not_picked":["Biased Cognition","Undo"],"picked":"Auto Shields","floor":30},{"not_picked":["Turbo","Rebound"],"picked":"Streamline","floor":31},{"not_picked":["Core Surge","Creative AI"],"picked":"Reboot","floor":33},{"not_picked":["Self Repair","Streamline+1"],"picked":"Defragment+1","floor":35},{"not_picked":["Swift Strike","Panacea"],"picked":"Chrysalis","floor":39},{"not_picked":["Good Instincts","Thinking Ahead"],"picked":"Trip","floor":39},{"not_picked":["Tempest+1","Redo"],"picked":"Compile Driver","floor":40},{"not_picked":["Barrage+1","Cold Snap"],"picked":"Capacitor","floor":41},{"not_picked":["Coolheaded","Glacier"],"picked":"Scrape","floor":45},{"not_picked":["FTL+1","Coolheaded+1"],"picked":"Static Discharge+1","floor":47},{"not_picked":["Hologram","Turbo+1"],"picked":"White Noise+1","floor":49}],"player_experience":396972,"relics_obtained":[{"floor":11,"key":"Whetstone"},{"floor":13,"key":"Strawberry"},{"floor":17,"key":"Juzu Bracelet"},{"floor":17,"key":"Ornamental Fan"},{"floor":17,"key":"Gambling Chip"},{"floor":23,"key":"Bag of Preparation"},{"floor":26,"key":"Meat on the Bone"},{"floor":29,"key":"Turnip"},{"floor":30,"key":"Red Mask"},{"floor":31,"key":"Ginger"},{"floor":31,"key":"Gremlin Horn"},{"floor":40,"key":"TungstenRod"},{"floor":43,"key":"StrikeDummy"}],"event_choices":[{"damage_healed":0,"gold_gain":175,"player_choice":"AGREE","damage_taken":0,"max_hp_gain":0,"max_hp_loss":0,"event_name":"Liars Game","floor":3,"gold_loss":0,"cards_obtained":["Doubt"]},{"cards_removed":["Doubt"],"damage_healed":0,"gold_gain":0,"player_choice":"Offered Curse","damage_taken":0,"relics_obtained":["Spirit Poop"],"max_hp_gain":0,"max_hp_loss":0,"event_name":"Bonfire Elementals","floor":4,"gold_loss":0},{"damage_healed":0,"gold_gain":30,"player_choice":"Searched \u00272\u0027 times","damage_taken":0,"max_hp_gain":0,"max_hp_loss":0,"event_name":"Dead Adventurer","floor":13,"gold_loss":0},{"damage_healed":0,"gold_gain":0,"cards_transformed":["Strike_B","Defend_B"],"player_choice":"Became Test Subject","damage_taken":0,"max_hp_gain":0,"max_hp_loss":0,"event_name":"Drug Dealer","floor":22,"gold_loss":0,"cards_obtained":["Lockon","Coolheaded"]},{"damage_healed":0,"gold_gain":0,"player_choice":"Ignored","damage_taken":0,"max_hp_gain":0,"max_hp_loss":0,"event_name":"Vampires","floor":28,"gold_loss":0},{"damage_healed":0,"gold_gain":0,"player_choice":"Fought Bandits","damage_taken":0,"max_hp_gain":0,"max_hp_loss":0,"event_name":"Masked Bandits","floor":30,"gold_loss":0},{"damage_healed":0,"gold_gain":0,"player_choice":"Fight","damage_taken":0,"max_hp_gain":0,"max_hp_loss":0,"event_name":"Colosseum","floor":31,"gold_loss":0},{"damage_healed":0,"gold_gain":0,"player_choice":"Fought Nobs","damage_taken":0,"max_hp_gain":0,"max_hp_loss":0,"event_name":"Colosseum","floor":31,"gold_loss":0},{"cards_removed":["Defend_B"],"damage_healed":0,"gold_gain":0,"player_choice":"Removed Skill","damage_taken":0,"max_hp_gain":0,"max_hp_loss":0,"event_name":"Falling","floor":36,"gold_loss":0},{"damage_healed":0,"gold_gain":0,"player_choice":"Embrace Madness","damage_taken":10,"max_hp_gain":0,"max_hp_loss":0,"event_name":"Winding Halls","floor":38,"gold_loss":0,"cards_obtained":["Madness","Madness"]},{"damage_healed":0,"gold_gain":0,"player_choice":"Memory 2","damage_taken":5,"max_hp_gain":0,"max_hp_loss":0,"event_name":"SensoryStone","floor":39,"gold_loss":0},{"damage_healed":0,"gold_gain":100,"player_choice":"Pray","damage_taken":0,"max_hp_gain":0,"max_hp_loss":0,"event_name":"Golden Shrine","floor":46,"gold_loss":0}],"is_beta":false,"boss_relics":[{"not_picked":["Black Star","Astrolabe"],"picked":"Calling Bell"},{"not_picked":["Sozu","Snecko Eye"],"picked":"Philosopher\u0027s Stone"}],"items_purged_floors":[],"is_endless":false,"potions_floor_spawned":[1,7,16,18,23,29,31,31,40,41,45,47],"killed_by":"Time Eater","ascension_level":0}}