{"host":"2qv44oxt58ptq59r","time":1613158405,"event":{"mods":["AchievementEnabler","BaseMod","Colored Powertips","Highlight Path","Minty Spire (QoL Compilation)","Permanent Neow","StSLib"],"gold_per_floor":[115,34,34,46,46,81,81,119,119,119,119,143,185,212,212,347,656,676,705,714,714,736,736,771,16,43,43,43,43,43,28,28,159,159,192,192,192,201,235,235,265,313,313,313,18,42,42,67,67,67,67],"floor_reached":50,"language":"ENG","playtime":11295,"items_purged":["Strike_R","Strike_R"],"score":865,"play_id":"9dd3e2a2-971f-4817-a3d4-7fec085f0e6e","local_time":"20210212193325","is_ascension_mode":true,"campfire_choices":[{"data":"Bash","floor":7.0,"key":"SMITH"},{"floor":10.0,"key":"REST"},{"data":"Carnage","floor":15.0,"key":"SMITH"},{"floor":23.0,"key":"REST"},{"floor":28.0,"key":"REST"},{"floor":30.0,"key":"REST"},{"data":"Metallicize","floor":32.0,"key":"SMITH"},{"floor":40.0,"key":"RECALL"},{"floor":44,"key":"REST"},{"floor":49,"key":"REST"}],"circlet_count":0,"master_deck":["Strike_R","Strike_R","Strike_R","Defend_R","Defend_R+1","Defend_R","Defend_R","Bash+1","Pommel Strike+1","Carnage+1","Limit Break+1","Shrug It Off+1","Bloodletting+1","True Grit+1","Flex+1","Demon Form+1","CurseOfTheBell","Twin Strike+1","Cleave+1","Feed+1","Metallicize+1","Iron Wave+1","Heavy Blade+1","Blind+1","Thunderclap+1","Heavy Blade+1","Twin Strike+1","Metallicize","Heavy Blade+1"],"relics":["Burning Blood","NeowsBlessing","Toxic Egg 2","CeramicFish","Vajra","Golden Idol","Juzu Bracelet","Calling Bell","Orichalcum","Molten Egg 2","Old Coin","PreservedInsect","Bottled Tornado","Art of War","HandDrill","Nunchaku","Mark of Pain","Blue Candle","Red Skull","Gambling Chip"],"acts_visited":["Exordium","TheCity","TheBeyond"],"potions_floor_usage":[41,42,42,48,48],"damage_taken":[{"damage":0.0,"enemies":"Small Slimes","floor":1.0,"turns":1.0},{"damage":0.0,"enemies":"2 Louse","floor":4.0,"turns":1.0},{"damage":0.0,"enemies":"Lagavulin","floor":6.0,"turns":1.0},{"damage":36.0,"enemies":"3 Sentries","floor":8.0,"turns":9.0},{"damage":0.0,"enemies":"Cultist","floor":12.0,"turns":3.0},{"damage":10.0,"enemies":"Gremlin Nob","floor":13.0,"turns":3.0},{"damage":4.0,"enemies":"2 Fungi Beasts","floor":14.0,"turns":2.0},{"damage":0.0,"enemies":"Slime Boss","floor":16.0,"turns":5.0},{"damage":29.0,"enemies":"3 Byrds","floor":18.0,"turns":4.0},{"damage":6.0,"enemies":"Chosen","floor":19.0,"turns":4.0},{"damage":24.0,"enemies":"Centurion and Healer","floor":22.0,"turns":5.0},{"damage":28.0,"enemies":"Slavers","floor":24.0,"turns":7.0},{"damage":23.0,"enemies":"Colosseum Slavers","floor":27.0,"turns":4.0},{"damage":22.0,"enemies":"Collector","floor":33.0,"turns":6.0},{"damage":16.0,"enemies":"Orb Walker","floor":35.0,"turns":4.0},{"damage":34.0,"enemies":"3 Shapes","floor":39.0,"turns":4.0},{"damage":29,"enemies":"Transient","floor":41,"turns":5},{"damage":36,"enemies":"Nemesis","floor":42,"turns":5},{"damage":24,"enemies":"Maw","floor":46,"turns":6},{"damage":6,"enemies":"Spire Growth","floor":48,"turns":3},{"damage":108,"enemies":"Awakened One","floor":50,"turns":7}],"seed_played":"-6278366847640323274","potions_obtained":[{"floor":8.0,"key":"AttackPotion"},{"floor":13.0,"key":"LiquidBronze"},{"floor":16.0,"key":"Fruit Juice"},{"floor":22.0,"key":"LiquidMemories"},{"floor":29.0,"key":"FairyPotion"},{"floor":29.0,"key":"FearPotion"},{"floor":29.0,"key":"Regen Potion"},{"floor":33.0,"key":"ElixirPotion"},{"floor":39.0,"key":"Dexterity Potion"},{"floor":41,"key":"Fire Potion"},{"floor":46,"key":"Block Potion"}],"is_trial":false,"path_per_floor":["M","$","?","M","$","E","R","E","T","R","?","M","E","M","R","B",null,"M","M","?","?","M","R","E","$","T","?","R","?","R","$","R","B",null,"M","?","?","?","M","R","M","E","T","R","$","M","T","M","R","B"],"character_chosen":"IRONCLAD","items_purchased":["Carnage","Bottled Tornado","Art of War","HandDrill","Metallicize","AttackPotion","Iron Wave+1","Red Skull","PowerPotion"],"campfire_rested":6,"item_purchase_floors":[2,25,25,25,25,25,31,45,45],"current_hp_per_floor":[78,78,62,68,68,74,74,44,44,68,48,54,50,52,52,58,75,52,52,52,52,34,58,40,40,40,23,48,53,79,79,79,63,83,77,77,77,77,53,53,45,19,19,49,49,31,31,31,61,0,0],"gold":67,"neow_bonus":"THREE_ENEMY_KILL","is_daily":false,"chose_seed":false,"campfire_upgraded":3,"win_rate":0.0,"timestamp":1613158405,"path_taken":["M","$","?","M","$","E","R","E","T","R","?","M","E","M","R","BOSS","M","M","?","?","M","R","E","$","T","?","R","?","R","$","R","BOSS","M","?","?","?","M","R","M","E","T","R","$","M","?","M","R","BOSS"],"items_purchased_type":["Card","Relic","Relic","Relic","Card","Potion","Card","Relic","Potion"],"build_version":"2020-12-22","purchased_purges":2,"victory":false,"max_hp_per_floor":[80,80,80,80,80,80,80,80,80,80,80,80,80,80,80,80,80,80,80,80,80,80,80,84,84,84,84,84,89,89,89,89,89,89,93,93,93,93,97,97,97,101,101,101,101,101,101,101,101,105,105],"card_choices":[{"not_picked":["Flex","Armaments"],"picked":"Pommel Strike","floor":1.0},{"not_picked":["Twin Strike","Sword Boomerang","Clash"],"picked":"SKIP","floor":4.0},{"not_picked":["Cleave","Twin Strike"],"picked":"Limit Break+1","floor":6.0},{"not_picked":["Perfected Strike","Thunderclap"],"picked":"Shrug It Off+1","floor":8.0},{"not_picked":["Havoc+1","Iron Wave"],"picked":"Bloodletting+1","floor":12.0},{"not_picked":["Juggernaut","Wild Strike"],"picked":"True Grit+1","floor":13.0},{"not_picked":["Bloodletting+1","Twin Strike"],"picked":"Flex+1","floor":14.0},{"not_picked":["Offering+1","Reaper"],"picked":"Demon Form","floor":16.0},{"not_picked":["Anger+1","Sentinel+1","Flex+1"],"picked":"SKIP","floor":18.0},{"not_picked":["Clash+1","Sever Soul+1"],"picked":"Twin Strike+1","floor":19.0},{"not_picked":["Flex+1","Cleave+1"],"picked":"Feed+1","floor":22.0},{"not_picked":["Wild Strike+1","Clash+1","Corruption"],"picked":"SKIP","floor":24.0},{"not_picked":["Combust","Headbutt+1"],"picked":"Heavy Blade+1","floor":35.0},{"not_picked":["Sadistic Nature","Jack Of All Trades+1"],"picked":"Blind+1","floor":38.0},{"not_picked":["Perfected Strike+1","Dual Wield+1"],"picked":"Thunderclap+1","floor":39.0},{"not_picked":["Pommel Strike+1","Power Through+1"],"picked":"Heavy Blade+1","floor":41},{"not_picked":["Sever Soul+1","Ghostly Armor+1"],"picked":"Twin Strike+1","floor":42},{"not_picked":["Disarm+1","Uppercut+1"],"picked":"Metallicize","floor":46},{"not_picked":["Pommel Strike+1","Havoc+1"],"picked":"Heavy Blade+1","floor":48}],"player_experience":5689009,"relics_obtained":[{"floor":6.0,"key":"Toxic Egg 2"},{"floor":8.0,"key":"CeramicFish"},{"floor":9.0,"key":"Vajra"},{"floor":13.0,"key":"Juzu Bracelet"},{"floor":17.0,"key":"Orichalcum"},{"floor":17.0,"key":"Molten Egg 2"},{"floor":17.0,"key":"Old Coin"},{"floor":24.0,"key":"PreservedInsect"},{"floor":26.0,"key":"Nunchaku"},{"floor":42,"key":"Blue Candle"},{"floor":47,"key":"Gambling Chip"}],"event_choices":[{"damage_healed":0.0,"max_hp_gain":0.0,"max_hp_loss":0.0,"gold_gain":0.0,"event_name":"Shining Light","player_choice":"Entered Light","floor":3.0,"gold_loss":0.0,"damage_taken":16.0,"cards_upgraded":["Pommel Strike","Defend_R"]},{"damage_healed":0.0,"max_hp_gain":0.0,"max_hp_loss":0.0,"gold_gain":0.0,"event_name":"Golden Idol","player_choice":"Take Damage","floor":11.0,"gold_loss":0.0,"damage_taken":20.0,"relics_obtained":["Golden Idol"]},{"damage_healed":0.0,"max_hp_gain":0.0,"max_hp_loss":0.0,"gold_gain":0.0,"event_name":"The Library","player_choice":"Read","floor":20.0,"gold_loss":0.0,"damage_taken":0.0,"cards_obtained":["Cleave"]},{"damage_healed":0.0,"max_hp_gain":0.0,"max_hp_loss":0.0,"gold_gain":0.0,"event_name":"Upgrade Shrine","player_choice":"Upgraded","floor":21.0,"gold_loss":0.0,"damage_taken":0.0,"cards_upgraded":["Demon Form"]},{"damage_healed":0.0,"max_hp_gain":0.0,"max_hp_loss":0.0,"gold_gain":0.0,"event_name":"Colosseum","player_choice":"Fight","floor":27.0,"gold_loss":0.0,"damage_taken":0.0},{"damage_healed":0.0,"max_hp_gain":0.0,"max_hp_loss":0.0,"gold_gain":0.0,"event_name":"Colosseum","player_choice":"Fled From Nobs","floor":27.0,"gold_loss":0.0,"damage_taken":0.0},{"damage_healed":0.0,"max_hp_gain":0.0,"max_hp_loss":0.0,"gold_gain":0.0,"event_name":"Lab","player_choice":"Got Potions","floor":29.0,"gold_loss":0.0,"damage_taken":0.0},{"damage_healed":0.0,"max_hp_gain":0.0,"max_hp_loss":0.0,"gold_gain":0.0,"event_name":"SecretPortal","player_choice":"Ignored","floor":36.0,"gold_loss":0.0,"damage_taken":0.0},{"damage_healed":0.0,"max_hp_gain":0.0,"max_hp_loss":0.0,"gold_gain":0.0,"event_name":"The Moai Head","player_choice":"Ignored","floor":37.0,"gold_loss":0.0,"damage_taken":0.0},{"damage_healed":0.0,"max_hp_gain":0.0,"max_hp_loss":0.0,"gold_gain":0.0,"event_name":"SensoryStone","player_choice":"Memory 1","floor":38.0,"gold_loss":0.0,"damage_taken":0.0}],"is_beta":false,"boss_relics":[{"not_picked":["Pandora\u0027s Box","Sozu"],"picked":"Calling Bell"},{"not_picked":["Tiny House","Runic Pyramid"],"picked":"Mark of Pain"}],"items_purged_floors":[25,45],"is_endless":false,"potions_floor_spawned":[8,13,16,22,27,33,39,41,46],"killed_by":"Awakened One","ascension_level":7}}