{"host":"yans4pr1zf0lm9bx","time":1613146550,"event":{"mods":["AchievementEnabler","BaseMod","Minty Spire (QoL Compilation)","Replay The Spire","Shop Mod","StSLib","SuperFastMode","slay the spire mod where everything is the same but ironclad has a cowboy hat"],"gold_per_floor":[119,132,132,152,29,29,57,57,83,101,111,111,146,156,156,253,253,270,195,206,219,235,235,175,175,175,21,41,53,53,0,0,0,0],"floor_reached":33,"language":"ENG","playtime":1007,"items_purged":["Strike_R","Strike_R"],"score":311,"play_id":"7f1c75cb-fd3d-430f-af04-80de5541d2af","local_time":"20210212111550","is_ascension_mode":true,"campfire_choices":[{"data":"Havoc","floor":6,"key":"SMITH"},{"data":"Pummel","floor":8,"key":"SMITH"},{"floor":15,"key":"REST"},{"floor":23,"key":"REST"},{"data":"Demon Form","floor":25,"key":"SMITH"},{"data":"ReplayTheSpireMod:Muscle Training","floor":30,"key":"SMITH"},{"floor":32,"key":"REST"}],"circlet_count":0,"master_deck":["Strike_R","Strike_R","Defend_R","Defend_R","Defend_R","Bash+1","Replay:Undeath\u0027s Touch","Pummel+1","Havoc+1","Warcry","Intimidate","Inflame","ReplayTheSpireMod:Stacked","Feel No Pain+1","Flex","Heavy Blade+1","Demon Form+1","Blood for Blood+1","Feel No Pain","ReplayTheSpireMod:Muscle Training","ReplayTheSpireMod:Muscle Training+1","ReplayTheSpireMod:Muscle Training+1"],"relics":["Burning Blood","NeowsBlessing","Bronze Scales","King of Hearts","Molten Egg 2","Velvet Choker","ReplayTheSpireMod:Shallot"],"acts_visited":["Exordium","TheCity"],"potions_floor_usage":[7,7,13,22,22,29],"damage_taken":[{"damage":0,"enemies":"Cultist","floor":1,"turns":1},{"damage":0,"enemies":"2 Louse","floor":2,"turns":1},{"damage":0,"enemies":"Jaw Worm","floor":4,"turns":1},{"damage":36,"enemies":"Lagavulin","floor":7,"turns":6},{"damage":6,"enemies":"Looter","floor":10,"turns":3},{"damage":24,"enemies":"Exordium Wildlife","floor":11,"turns":5},{"damage":12,"enemies":"Gremlin Nob","floor":13,"turns":3},{"damage":13,"enemies":"Large Slime","floor":14,"turns":5},{"damage":17,"enemies":"The Guardian","floor":16,"turns":8},{"damage":11,"enemies":"Spheric Guardian","floor":18,"turns":5},{"damage":19,"enemies":"Shell Parasite","floor":20,"turns":4},{"damage":31,"enemies":"Snecko","floor":21,"turns":5},{"damage":27,"enemies":"Snake Plant","floor":22,"turns":3},{"damage":7,"enemies":"Sentry and Sphere","floor":28,"turns":4},{"damage":15,"enemies":"3 Cultists","floor":29,"turns":6},{"damage":59,"enemies":"Champ","floor":33,"turns":9}],"seed_played":"3803509841799328389","potions_obtained":[{"floor":1,"key":"EssenceOfSteel"},{"floor":2,"key":"PowerPotion"},{"floor":11,"key":"SteroidPotion"},{"floor":14,"key":"Adrenaline Potion"},{"floor":21,"key":"AttackPotion"},{"floor":22,"key":"Swift Potion"}],"is_trial":false,"path_per_floor":["M","M","?","M","$","R","E","R","T","M","M","?","E","M","R","B",null,"M","?","M","M","M","R","?","R","T","$","M","M","R","?","R","B"],"character_chosen":"IRONCLAD","items_purchased":["Warcry","ReplayTheSpireMod:Muscle Training"],"campfire_rested":3,"item_purchase_floors":[5,27],"current_hp_per_floor":[80,80,80,80,80,80,50,50,50,50,32,32,26,19,43,32,80,75,75,62,37,16,40,40,40,40,40,39,30,30,30,54,0,0],"gold":0,"neow_bonus":"THREE_ENEMY_KILL","is_daily":false,"chose_seed":false,"campfire_upgraded":4,"win_rate":0.0,"timestamp":1613146550,"path_taken":["M","?","?","M","$","R","E","R","T","M","M","?","E","M","R","BOSS","M","?","M","M","M","R","?","R","T","$","M","?","R","?","R","BOSS"],"items_purchased_type":["Card","Card"],"build_version":"2020-12-22","purchased_purges":2,"victory":false,"max_hp_per_floor":[80,80,80,80,80,80,80,80,80,80,80,80,80,80,80,80,80,80,80,80,80,80,80,80,80,80,80,80,80,80,80,80,80,80],"card_choices":[{"not_picked":["Armaments","Combust"],"picked":"Replay:Undeath\u0027s Touch","floor":1},{"not_picked":["Wild Strike","Run Through"],"picked":"Pummel","floor":2},{"not_picked":["Bloodletting","Clothesline"],"picked":"Havoc","floor":4},{"not_picked":["Rupture","Havoc"],"picked":"Intimidate","floor":7},{"not_picked":["Dropkick","Bludgeon"],"picked":"Inflame","floor":10},{"not_picked":["Disarm","Iron Wave"],"picked":"ReplayTheSpireMod:Stacked","floor":11},{"not_picked":["Eclipse","True Grit"],"picked":"Flex","floor":13},{"not_picked":["Pommel Strike+1","Evolve"],"picked":"Heavy Blade+1","floor":14},{"not_picked":["Juggernaut","Immolate+1"],"picked":"Demon Form","floor":16},{"not_picked":["Shrug It Off+1","Pommel Strike+1"],"picked":"Blood for Blood+1","floor":18},{"not_picked":["Run Through+1","Cleave+1","Warcry"],"picked":"SKIP","floor":20},{"not_picked":["Body Slam+1","Rampage+1"],"picked":"Feel No Pain","floor":21},{"not_picked":["Disarm","Dark Embrace","Shrug It Off"],"picked":"SKIP","floor":22},{"not_picked":["Wild Strike+1","ReplayTheSpireMod:Corrosion Curse+1"],"picked":"ReplayTheSpireMod:Muscle Training+1","floor":28},{"not_picked":["Clash+1","Replay:Undeath\u0027s Touch+1","Dropkick+1"],"picked":"SKIP","floor":29}],"player_experience":291288,"relics_obtained":[{"floor":7,"key":"Bronze Scales"},{"floor":9,"key":"King of Hearts"},{"floor":13,"key":"Molten Egg 2"},{"floor":26,"key":"ReplayTheSpireMod:Shallot"}],"event_choices":[{"cards_removed":["Strike_R"],"damage_healed":0,"gold_gain":0,"player_choice":"Gave Gold","damage_taken":0,"max_hp_gain":0,"max_hp_loss":0,"event_name":"Beggar","floor":19,"gold_loss":75},{"damage_healed":0,"gold_gain":0,"player_choice":"Paid Fearfully","damage_taken":0,"max_hp_gain":0,"max_hp_loss":0,"event_name":"Masked Bandits","floor":31,"gold_loss":53}],"is_beta":false,"boss_relics":[{"not_picked":["SacredBark","Fusion Hammer"],"picked":"Velvet Choker"}],"items_purged_floors":[5,27],"is_endless":false,"potions_floor_spawned":[1,2,11,14,21,22],"killed_by":"Champ","ascension_level":4}}