{"host":"fbdlh90rovbiajun","time":1613111296,"event":{"mods":["AchievementEnabler","BaseMod","Colored Map","Minty Spire (QoL Compilation)","SuperFastMode"],"gold_per_floor":[119,136,152,227,227,227,227,239,265,265,278,288,288,303,303,406,406,422,602,619,629,629,629,554,554,554,568,389,389,404,404,404],"floor_reached":31,"language":"KOR","playtime":1080,"items_purged":["Strike_B","Coolheaded"],"score":229,"play_id":"33edfa39-4032-4f37-935f-978db7f130a0","local_time":"20210212152816","is_ascension_mode":false,"campfire_choices":[{"data":"Dualcast","floor":6,"key":"SMITH"},{"data":"Streamline","floor":13,"key":"SMITH"},{"data":"Gash","floor":15,"key":"SMITH"},{"data":"All For One","floor":23,"key":"SMITH"},{"data":"Streamline","floor":25,"key":"SMITH"}],"circlet_count":0,"master_deck":["Strike_B","Strike_B","Strike_B","Defend_B","Defend_B","Defend_B","Zap","Dualcast+1","Sweeping Beam+1","Melter","Streamline+1","Streamline+1","Gash+1","All For One+1","CurseOfTheBell","BootSequence","Gash+1","Gash+1","J.A.X.","Beam Cell+1","FTL+1","Skim+1"],"relics":["Cracked Core","NeowsBlessing","InkBottle","Blood Vial","Calling Bell","Molten Egg 2","Regal Pillow","Pocketwatch","Toxic Egg 2"],"acts_visited":["Exordium","TheCity"],"potions_floor_usage":[],"damage_taken":[{"damage":0,"enemies":"Small Slimes","floor":1,"turns":1},{"damage":0,"enemies":"Jaw Worm","floor":2,"turns":1},{"damage":0,"enemies":"Cultist","floor":3,"turns":1},{"damage":0,"enemies":"Large Slime","floor":8,"turns":6},{"damage":8,"enemies":"Looter","floor":11,"turns":3},{"damage":11,"enemies":"Red Slaver","floor":12,"turns":3},{"damage":0,"enemies":"Large Slime","floor":14,"turns":3},{"damage":21,"enemies":"Slime Boss","floor":16,"turns":8},{"damage":0,"enemies":"Spheric Guardian","floor":18,"turns":1},{"damage":0,"enemies":"Chosen","floor":20,"turns":4},{"damage":20,"enemies":"Snake Plant","floor":21,"turns":4},{"damage":22,"enemies":"Snecko","floor":27,"turns":4},{"damage":6,"enemies":"Cultist and Chosen","floor":30,"turns":4},{"damage":18,"enemies":"Shelled Parasite and Fungi","floor":31,"turns":2}],"seed_played":"-3704244900923322292","potions_obtained":[{"floor":1,"key":"Weak Potion"},{"floor":3,"key":"FocusPotion"},{"floor":14,"key":"Dexterity Potion"},{"floor":16,"key":"Explosive Potion"}],"is_trial":false,"path_per_floor":["M","M","M","?","T","R","?","M","T","?","M","M","R","M","R","B",null,"M","?","M","M","?","R","$","R","T","M","$","?","M","M"],"character_chosen":"DEFECT","items_purchased":["FTL+1"],"campfire_rested":0,"item_purchase_floors":[28],"current_hp_per_floor":[75,75,75,64,64,64,64,64,64,64,58,49,49,51,51,32,75,75,56,58,40,40,40,40,40,40,20,20,20,16,0,0],"gold":404,"neow_bonus":"THREE_ENEMY_KILL","is_daily":false,"chose_seed":false,"campfire_upgraded":5,"win_rate":0.0,"timestamp":1613111296,"path_taken":["M","M","M","?","?","R","?","?","T","?","M","M","R","M","R","BOSS","M","?","?","M","?","R","$","R","T","M","$","?","M","M"],"items_purchased_type":["Card"],"build_version":"2020-12-22","purchased_purges":2,"victory":false,"max_hp_per_floor":[75,75,75,75,75,75,75,75,75,75,75,75,75,75,75,75,75,75,75,75,75,75,75,75,75,75,75,75,75,75,75,75],"card_choices":[{"not_picked":["Aggregate","Stack"],"picked":"Sweeping Beam","floor":1},{"not_picked":["Storm","Ball Lightning","Sweeping Beam"],"picked":"SKIP","floor":2},{"not_picked":["Blizzard","Reinforced Body"],"picked":"Melter","floor":3},{"not_picked":["Hologram","Reprogram","Static Discharge"],"picked":"SKIP","floor":8},{"not_picked":["Compile Driver","Heatsinks"],"picked":"Streamline","floor":11},{"not_picked":["Blizzard","Sweeping Beam"],"picked":"Streamline","floor":12},{"not_picked":["Chaos","Go for the Eyes"],"picked":"Gash","floor":14},{"not_picked":["Machine Learning","Buffer"],"picked":"All For One","floor":16},{"not_picked":["Lockon+1","Defragment+1"],"picked":"BootSequence","floor":18},{"not_picked":["Hologram+1","Coolheaded+1"],"picked":"Gash+1","floor":20},{"not_picked":["Compile Driver+1","Go for the Eyes+1"],"picked":"Gash+1","floor":21},{"not_picked":["Steam+1","White Noise+1"],"picked":"Beam Cell+1","floor":27},{"not_picked":["Rip and Tear+1","Leap+1"],"picked":"Skim+1","floor":30}],"player_experience":3121,"relics_obtained":[{"floor":5,"key":"InkBottle"},{"floor":9,"key":"Blood Vial"},{"floor":17,"key":"Molten Egg 2"},{"floor":17,"key":"Regal Pillow"},{"floor":17,"key":"Pocketwatch"},{"floor":26,"key":"Toxic Egg 2"}],"event_choices":[{"damage_healed":0,"gold_gain":75,"player_choice":"Gather Gold","damage_taken":11,"max_hp_gain":0,"max_hp_loss":0,"event_name":"World of Goop","floor":4,"gold_loss":0},{"damage_healed":0,"gold_gain":0,"player_choice":"Forge","damage_taken":0,"max_hp_gain":0,"max_hp_loss":0,"event_name":"Accursed Blacksmith","floor":7,"gold_loss":0,"cards_upgraded":["Sweeping Beam"]},{"damage_healed":0,"gold_gain":0,"cards_transformed":["Defend_B"],"player_choice":"Change","damage_taken":0,"max_hp_gain":0,"max_hp_loss":0,"event_name":"Living Wall","floor":10,"gold_loss":0,"cards_obtained":["Coolheaded"]},{"damage_healed":0,"gold_gain":180,"player_choice":"GOLD GOLD ","damage_taken":19,"max_hp_gain":0,"max_hp_loss":0,"event_name":"Knowing Skull","floor":19,"potions_obtained":[],"gold_loss":0,"cards_obtained":[]},{"damage_healed":0,"gold_gain":0,"player_choice":"Obtain J.A.X.","damage_taken":0,"max_hp_gain":0,"max_hp_loss":0,"event_name":"Drug Dealer","floor":22,"gold_loss":0,"cards_obtained":["J.A.X."]},{"damage_healed":0,"gold_gain":0,"player_choice":"Ignored","damage_taken":0,"max_hp_gain":0,"max_hp_loss":0,"event_name":"Ghosts","floor":29,"gold_loss":0}],"is_beta":false,"boss_relics":[{"not_picked":["SacredBark","FrozenCore"],"picked":"Calling Bell"}],"items_purged_floors":[24,28],"is_endless":false,"potions_floor_spawned":[1,3,14,16,18,30],"killed_by":"Shelled Parasite and Fungi","ascension_level":0}}