{"host":"ul3z8ex5o8l5j7mh","time":1613161278,"event":{"mods":["AchievementEnabler","BaseMod","Bestiary","Colored Map","Colored Powertips","DeckTracker","Keyboard Shortcuts","Minty Spire (QoL Compilation)","Relic Sorter","Relic Stats","SuperFastMode"],"gold_per_floor":[369,45,62,62,76,76,105,123,175,195,226,226,261,273,273,273,273],"floor_reached":16,"language":"ENG","playtime":603,"items_purged":[],"score":174,"play_id":"bb93a2ac-46d6-4b31-b303-a3cdbcc0fa76","local_time":"20210212212118","is_ascension_mode":true,"campfire_choices":[{"data":"Infernal Blade","floor":6.0,"key":"SMITH"},{"data":"Infernal Blade","floor":12.0,"key":"SMITH"},{"floor":15,"key":"REST"}],"circlet_count":0,"master_deck":["Strike_R","Strike_R","Strike_R","Strike_R","Strike_R","Defend_R+1","Defend_R","Defend_R","Defend_R","Bash","Infernal Blade+1","Infernal Blade+1","Infernal Blade+1","Carnage"],"relics":["Burning Blood","Darkstone Periapt","Self Forming Clay","Ancient Tea Set","Odd Mushroom","Art of War","Potion Belt"],"acts_visited":["Exordium"],"potions_floor_usage":[16],"damage_taken":[{"damage":4.0,"enemies":"2 Louse","floor":1.0,"turns":4.0},{"damage":19.0,"enemies":"Jaw Worm","floor":3.0,"turns":4.0},{"damage":10.0,"enemies":"Small Slimes","floor":5.0,"turns":3.0},{"damage":11.0,"enemies":"3 Sentries","floor":7.0,"turns":6.0},{"damage":4.0,"enemies":"Blue Slaver","floor":8.0,"turns":2.0},{"damage":10.0,"enemies":"The Mushroom Lair","floor":10.0,"turns":3.0},{"damage":0.0,"enemies":"Gremlin Nob","floor":11.0,"turns":2.0},{"damage":24,"enemies":"Lagavulin","floor":13,"turns":5},{"damage":10,"enemies":"Large Slime","floor":14,"turns":3},{"damage":66,"enemies":"Hexaghost","floor":16,"turns":9}],"seed_played":"-5020504409266526719","potions_obtained":[{"floor":1.0,"key":"FairyPotion"},{"floor":3.0,"key":"Weak Potion"},{"floor":5.0,"key":"DuplicationPotion"},{"floor":10.0,"key":"ColorlessPotion"},{"floor":14,"key":"FearPotion"}],"is_trial":false,"path_per_floor":["M","$","M","?","M","R","E","M","T","?","E","R","E","M","R","B"],"character_chosen":"IRONCLAD","items_purchased":["Darkstone Periapt","Infernal Blade"],"campfire_rested":1,"item_purchase_floors":[2,2],"current_hp_per_floor":[72,72,59,45,41,41,36,38,38,34,40,40,22,18,39,0,0],"gold":273,"neow_bonus":"TWO_FIFTY_GOLD","is_daily":false,"chose_seed":false,"campfire_upgraded":2,"win_rate":0.0,"timestamp":1613161278,"path_taken":["M","$","M","?","M","R","E","M","T","?","E","R","E","M","R","BOSS"],"items_purchased_type":["Relic","Card"],"build_version":"2020-12-22","purchased_purges":0,"victory":false,"max_hp_per_floor":[72,72,72,72,72,72,72,72,72,72,72,72,72,72,72,72,72],"relic_stats":{"Darkstone Periapt":0,"counters":[10,41],"Self Forming Clay":[48],"Art of War":[0],"obtain_stats":[{"Darkstone Periapt":2,"Potion Belt":13,"Self Forming Clay":7,"Art of War":11,"Odd Mushroom":10,"Ancient Tea Set":9,"Burning Blood":0},{"Darkstone Periapt":1,"Potion Belt":8,"Self Forming Clay":4,"Art of War":7,"Odd Mushroom":6,"Ancient Tea Set":5,"Burning Blood":0},{"Darkstone Periapt":4,"Potion Belt":29,"Self Forming Clay":17,"Art of War":24,"Odd Mushroom":22,"Ancient Tea Set":19,"Burning Blood":0}],"Burning Blood":52},"card_choices":[{"not_picked":["Uppercut","Pommel Strike"],"picked":"Infernal Blade","floor":1.0},{"not_picked":["Rage","True Grit"],"picked":"Infernal Blade","floor":3.0},{"not_picked":["Combust","Warcry","Battle Trance"],"picked":"SKIP","floor":5.0},{"not_picked":["Barricade","Intimidate"],"picked":"Carnage","floor":7.0},{"not_picked":["Iron Wave","Body Slam","Havoc"],"picked":"SKIP","floor":8.0},{"not_picked":["Cleave","Anger","Warcry"],"picked":"SKIP","floor":11.0},{"not_picked":["Headbutt","Havoc","Flex"],"picked":"SKIP","floor":13},{"not_picked":["Wild Strike","Havoc","Clash"],"picked":"SKIP","floor":14}],"player_experience":356766,"relics_obtained":[{"floor":7.0,"key":"Self Forming Clay"},{"floor":9.0,"key":"Ancient Tea Set"},{"floor":10.0,"key":"Odd Mushroom"},{"floor":11.0,"key":"Art of War"},{"floor":13,"key":"Potion Belt"}],"event_choices":[{"damage_healed":0.0,"max_hp_gain":0.0,"max_hp_loss":0.0,"gold_gain":0.0,"event_name":"Shining Light","player_choice":"Entered Light","floor":4.0,"gold_loss":0.0,"damage_taken":14.0,"cards_upgraded":["Infernal Blade","Defend_R"]},{"damage_healed":0.0,"max_hp_gain":0.0,"max_hp_loss":0.0,"gold_gain":0.0,"event_name":"Mushrooms","player_choice":"Fought Mushrooms","floor":10.0,"gold_loss":0.0,"damage_taken":0.0}],"is_beta":false,"boss_relics":[],"items_purged_floors":[],"is_endless":false,"potions_floor_spawned":[1,3,5,10,14],"killed_by":"Hexaghost","ascension_level":4}}