{"host":"9l1knhxfturzliqa","time":1613100369,"event":{"mods":["AchievementEnabler","BaseMod","Colored Map","Colored Powertips","DeckTracker","Highlight Path","Keyboard Shortcuts","Minty Spire (QoL Compilation)","Random Character Button"],"gold_per_floor":[109,109,125,139,159,159,184,184,184,184,218,233,249,260,260,363,363,381,45,58,69,79,108,108,142,169,169,200,200,200],"floor_reached":29,"language":"KOR","playtime":1122,"items_purged":["Strike_B"],"score":485,"play_id":"679d2736-d79e-4e04-97c7-fcb9a281b3ba","local_time":"20210212122609","is_ascension_mode":true,"campfire_choices":[{"data":"Zap","floor":6.0,"key":"SMITH"},{"floor":8.0,"key":"REST"},{"data":"Tempest","floor":15.0,"key":"SMITH"},{"data":"Electrodynamics","floor":24.0,"key":"SMITH"},{"floor":27.0,"key":"REST"}],"circlet_count":0,"master_deck":["AscendersBane","Strike_B","Strike_B","Strike_B","Defend_B","Defend_B","Defend_B","Defend_B","Zap+1","Dualcast","Gash","Recycle","Self Repair","Sweeping Beam","BootSequence","Electrodynamics+1","Tempest+1","Defragment","Amplify","Ball Lightning","Conserve Battery+1","Turbo+1","Genetic Algorithm+1","Redo+1","Steam+1"],"relics":["Cracked Core","Bag of Preparation","Darkstone Periapt","Shuriken","Inserter","Toxic Egg 2","Mango","Bottled Tornado","Regal Pillow"],"acts_visited":["Exordium","TheCity"],"potions_floor_usage":[29,29],"damage_taken":[{"damage":0.0,"enemies":"2 Louse","floor":1.0,"turns":3.0},{"damage":4.0,"enemies":"Small Slimes","floor":3.0,"turns":3.0},{"damage":8.0,"enemies":"Jaw Worm","floor":4.0,"turns":4.0},{"damage":22.0,"enemies":"Exordium Wildlife","floor":5.0,"turns":4.0},{"damage":32.0,"enemies":"Lagavulin","floor":7.0,"turns":8.0},{"damage":25.0,"enemies":"Gremlin Nob","floor":11.0,"turns":4.0},{"damage":2.0,"enemies":"Looter","floor":12.0,"turns":3.0},{"damage":0.0,"enemies":"2 Fungi Beasts","floor":13.0,"turns":2.0},{"damage":0.0,"enemies":"Red Slaver","floor":14.0,"turns":3.0},{"damage":45.0,"enemies":"The Guardian","floor":16.0,"turns":12.0},{"damage":10.0,"enemies":"Shell Parasite","floor":18.0,"turns":4.0},{"damage":13.0,"enemies":"2 Thieves","floor":20.0,"turns":3.0},{"damage":17.0,"enemies":"Chosen and Byrds","floor":21.0,"turns":5.0},{"damage":23.0,"enemies":"3 Cultists","floor":22.0,"turns":4.0},{"damage":14.0,"enemies":"Slavers","floor":23.0,"turns":2.0},{"damage":20.0,"enemies":"Gremlin Leader","floor":25.0,"turns":5.0},{"damage":38.0,"enemies":"Slavers","floor":28.0,"turns":4.0},{"damage":33,"enemies":"Snecko","floor":29,"turns":3}],"seed_played":"-8648816674841163192","potions_obtained":[{"floor":5.0,"key":"Weak Potion"},{"floor":12.0,"key":"AttackPotion"},{"floor":13.0,"key":"ColorlessPotion"},{"floor":16.0,"key":"Fruit Juice"},{"floor":18.0,"key":"Energy Potion"},{"floor":21.0,"key":"Swift Potion"},{"floor":25.0,"key":"FearPotion"},{"floor":28.0,"key":"FocusPotion"}],"is_trial":false,"path_per_floor":["M","?","M","M","M","R","E","R","T","?","E","M","M","M","R","B",null,"M","$","M","M","M","E","R","E","T","R","E","M"],"character_chosen":"DEFECT","items_purchased":["Toxic Egg 2"],"campfire_rested":2,"item_purchase_floors":[19],"current_hp_per_floor":[68,61,57,49,34,34,9,31,31,56,31,36,43,50,50,12,64,64,64,51,41,32,32,32,19,19,47,16,0,0],"gold":200,"neow_bonus":"ONE_RANDOM_RARE_CARD","is_daily":false,"chose_seed":false,"campfire_upgraded":3,"win_rate":0.0,"timestamp":1613100369,"path_taken":["M","?","M","M","M","R","E","R","T","?","E","M","M","M","R","BOSS","M","$","M","M","M","E","R","E","T","R","E","M"],"items_purchased_type":["Relic"],"build_version":"2020-12-22","purchased_purges":1,"victory":false,"max_hp_per_floor":[75,75,75,75,75,75,75,75,75,75,75,75,75,75,75,75,80,80,80,80,80,80,94,94,94,94,94,94,94,94],"card_choices":[{"not_picked":["Compile Driver","Fusion"],"picked":"Gash","floor":1.0},{"not_picked":["Darkness","Skim"],"picked":"Recycle","floor":3.0},{"not_picked":["Barrage","Rebound"],"picked":"Self Repair","floor":4.0},{"not_picked":["Darkness","Barrage"],"picked":"Sweeping Beam","floor":5.0},{"not_picked":["Undo","Rebound"],"picked":"BootSequence","floor":7.0},{"not_picked":["Go for the Eyes","Recycle"],"picked":"Electrodynamics","floor":11.0},{"not_picked":["White Noise","Recycle"],"picked":"Tempest","floor":12.0},{"not_picked":["Cold Snap","Coolheaded","Stack"],"picked":"SKIP","floor":13.0},{"not_picked":["Ball Lightning","Beam Cell"],"picked":"Defragment","floor":14.0},{"not_picked":["Reboot","Multi-Cast"],"picked":"Amplify","floor":16.0},{"not_picked":["Gash","Beam Cell"],"picked":"Ball Lightning","floor":18.0},{"not_picked":["BootSequence+1","Compile Driver+1"],"picked":"Conserve Battery+1","floor":20.0},{"not_picked":["Recycle+1","Chaos+1","Ball Lightning"],"picked":"SKIP","floor":21.0},{"not_picked":["Steam+1","All For One"],"picked":"Turbo+1","floor":22.0},{"not_picked":["Beam Cell+1","Stack+1"],"picked":"Genetic Algorithm+1","floor":23.0},{"not_picked":["Gash+1","Auto Shields+1"],"picked":"Redo+1","floor":25.0},{"not_picked":["Barrage","Coolheaded+1"],"picked":"Steam+1","floor":28.0}],"player_experience":681295,"relics_obtained":[{"floor":7.0,"key":"Bag of Preparation"},{"floor":9.0,"key":"Darkstone Periapt"},{"floor":11.0,"key":"Shuriken"},{"floor":23.0,"key":"Mango"},{"floor":25.0,"key":"Bottled Tornado"},{"floor":28.0,"key":"Regal Pillow"}],"event_choices":[{"cards_removed":["Rainbow"],"damage_healed":0.0,"max_hp_gain":0.0,"max_hp_loss":0.0,"gold_gain":0.0,"event_name":"Golden Wing","player_choice":"Card Removal","floor":2.0,"gold_loss":0.0,"damage_taken":7.0},{"damage_healed":25.0,"max_hp_gain":0.0,"max_hp_loss":0.0,"gold_gain":0.0,"event_name":"Big Fish","player_choice":"Banana","floor":10.0,"gold_loss":0.0,"damage_taken":0.0}],"is_beta":false,"boss_relics":[{"not_picked":["Busted Crown","Fusion Hammer"],"picked":"Inserter"}],"items_purged_floors":[19],"is_endless":false,"potions_floor_spawned":[5,12,13,14,16,18,21,25,28],"killed_by":"Snecko","ascension_level":11}}