{"host":"zr590xw2unlz0wv7","time":1613151309,"event":{"mods":["BaseMod","Minty Spire (QoL Compilation)","READ ME - Guardian Mod","StSLib"],"gold_per_floor":[99,99,115,190,44,44,69,19,70,88,88,106,106,106,106,209,209,224,257,257,274,287,287,298,298,345,445,445,445],"floor_reached":28,"language":"ZHS","playtime":942,"items_purged":["Strike_B"],"score":301,"play_id":"58c74992-4e96-4bba-9075-3237b33d90d3","local_time":"20210213013509","is_ascension_mode":true,"campfire_choices":[{"data":"Tempest","floor":6,"key":"SMITH"},{"data":"Double Energy","floor":11,"key":"SMITH"},{"data":"Fusion","floor":13,"key":"SMITH"},{"data":"Dualcast","floor":15,"key":"SMITH"},{"floor":23,"key":"REST"},{"floor":25,"key":"REST"}],"circlet_count":0,"master_deck":["Defend_B","Defend_B","Zap","Dualcast+1","Tempest+1","Double Energy+1","Chaos","Fusion+1","Multi-Cast","Steam+1","Force Field+1","Stack+1","Tempest+1","Leap","Zap","Trip","Hologram+1","Consume"],"relics":["Cracked Core","NeowsBlessing","Ice Cream","DataDisk","Astrolabe","Red Mask","Du-Vu Doll","Molten Egg 2"],"acts_visited":["Exordium","TheCity"],"potions_floor_usage":[10,18,19,22,22],"damage_taken":[{"damage":0,"enemies":"Small Slimes","floor":1,"turns":1},{"damage":0,"enemies":"2 Louse","floor":3,"turns":1},{"damage":0,"enemies":"Gremlin Nob","floor":7,"turns":1},{"damage":0,"enemies":"Jaw Worm","floor":10,"turns":2},{"damage":2,"enemies":"Exordium Wildlife","floor":12,"turns":3},{"damage":27,"enemies":"The Guardian","floor":16,"turns":10},{"damage":8,"enemies":"Shell Parasite","floor":18,"turns":4},{"damage":30,"enemies":"Masked Bandits","floor":19,"turns":3},{"damage":0,"enemies":"Chosen","floor":21,"turns":4},{"damage":16,"enemies":"Centurion and Healer","floor":22,"turns":6},{"damage":11,"enemies":"Shelled Parasite and Fungi","floor":24,"turns":6},{"damage":8,"enemies":"Colosseum Slavers","floor":27,"turns":4},{"damage":29,"enemies":"Colosseum Nobs","floor":27,"turns":3},{"damage":11,"enemies":"Sentry and Sphere","floor":28,"turns":3}],"seed_played":"7190831600113030386","potions_obtained":[{"floor":7,"key":"Block Potion"},{"floor":12,"key":"Dexterity Potion"},{"floor":18,"key":"Strength Potion"},{"floor":19,"key":"ColorlessPotion"},{"floor":21,"key":"PowerPotion"}],"is_trial":false,"path_per_floor":["M","?","M","?","$","R","E","?","T","M","R","M","R","$","R","B",null,"M","?","?","M","M","R","M","R","T","?","M"],"character_chosen":"DEFECT","items_purchased":["Tempest"],"campfire_rested":2,"item_purchase_floors":[5],"current_hp_per_floor":[75,75,75,64,64,64,64,64,64,64,64,62,62,62,62,35,65,57,27,27,27,11,33,22,44,44,7,0,0],"gold":445,"neow_bonus":"THREE_ENEMY_KILL","is_daily":false,"chose_seed":false,"campfire_upgraded":4,"win_rate":0.0,"timestamp":1613151309,"path_taken":["M","?","M","?","$","R","E","?","T","M","R","?","R","$","R","BOSS","M","?","?","M","?","R","M","R","T","?","M"],"items_purchased_type":["Card"],"build_version":"2020-12-22","purchased_purges":1,"victory":false,"max_hp_per_floor":[75,75,75,75,75,75,75,75,75,75,75,75,75,75,75,75,75,75,75,75,75,75,75,75,75,75,75,75,75],"card_choices":[{"not_picked":["Hologram","Sunder","Hello World"],"picked":"SKIP","floor":1},{"not_picked":["Blizzard","Cold Snap","Rip and Tear"],"picked":"SKIP","floor":3},{"not_picked":["Go for the Eyes","Beam Cell"],"picked":"Double Energy","floor":7},{"not_picked":["Hologram","Compile Driver"],"picked":"Chaos","floor":10},{"not_picked":["Undo","Go for the Eyes"],"picked":"Fusion","floor":12},{"not_picked":["Thunder Strike","Hyperbeam"],"picked":"Multi-Cast","floor":16},{"not_picked":["Hello World","Reprogram"],"picked":"Tempest+1","floor":18},{"not_picked":["Turbo","Steam Power"],"picked":"Leap","floor":19},{"not_picked":["Gash","Coolheaded"],"picked":"Hologram+1","floor":21},{"not_picked":["Sweeping Beam","Doom and Gloom","Aggregate"],"picked":"SKIP","floor":22},{"not_picked":["Rebound","Storm","Leap"],"picked":"SKIP","floor":24},{"not_picked":["Turbo","Core Surge+1"],"picked":"Consume","floor":27}],"player_experience":553566,"relics_obtained":[{"floor":7,"key":"Ice Cream"},{"floor":9,"key":"DataDisk"},{"floor":19,"key":"Red Mask"},{"floor":27,"key":"Du-Vu Doll"},{"floor":27,"key":"Molten Egg 2"}],"event_choices":[{"cards_removed":["Strike_B"],"damage_healed":0,"gold_gain":0,"player_choice":"Forget","damage_taken":0,"max_hp_gain":0,"max_hp_loss":0,"event_name":"Living Wall","floor":2,"gold_loss":0},{"damage_healed":0,"gold_gain":75,"player_choice":"Gather Gold","damage_taken":11,"max_hp_gain":0,"max_hp_loss":0,"event_name":"World of Goop","floor":4,"gold_loss":0},{"cards_removed":["Strike_B"],"damage_healed":0,"gold_gain":0,"player_choice":"Card Removal","damage_taken":0,"max_hp_gain":0,"max_hp_loss":0,"event_name":"The Cleric","floor":8,"gold_loss":50},{"damage_healed":0,"gold_gain":0,"player_choice":"Fought Bandits","damage_taken":0,"max_hp_gain":0,"max_hp_loss":0,"event_name":"Masked Bandits","floor":19,"gold_loss":0},{"damage_healed":0,"gold_gain":0,"player_choice":"2 cards matched","damage_taken":0,"max_hp_gain":0,"max_hp_loss":0,"event_name":"Match and Keep!","floor":20,"gold_loss":0,"cards_obtained":["Zap","Trip"]},{"damage_healed":0,"gold_gain":0,"player_choice":"Fight","damage_taken":0,"max_hp_gain":0,"max_hp_loss":0,"event_name":"Colosseum","floor":27,"gold_loss":0},{"damage_healed":0,"gold_gain":0,"player_choice":"Fought Nobs","damage_taken":0,"max_hp_gain":0,"max_hp_loss":0,"event_name":"Colosseum","floor":27,"gold_loss":0}],"is_beta":false,"boss_relics":[{"not_picked":["SacredBark","Fusion Hammer"],"picked":"Astrolabe"}],"items_purged_floors":[5],"is_endless":false,"potions_floor_spawned":[7,12,18,19,21],"killed_by":"Sentry and Sphere","ascension_level":5}}