{"host":"zdyzhdc6zlrb7vuj","time":1613139332,"event":{"mods":["BaseMod","Downfall","Hermit","Minty Spire (QoL Compilation)","StSLib","The Bug Knight","The Cursed","The Servant 0.9.4"],"gold_per_floor":[111,129,129,141,141,177,177,238,238,279,279,298,298,353,353,353,353],"floor_reached":16,"language":"ENG","playtime":886,"items_purged":[],"score":108,"play_id":"88a55931-9723-4a8f-8738-88b06497b007","local_time":"20210212141532","is_ascension_mode":false,"campfire_choices":[{"floor":7,"key":"REST"},{"floor":15,"key":"DIG"}],"circlet_count":0,"master_deck":["hermit:Strike_Hermit+1","hermit:Strike_Hermit","hermit:Strike_Hermit","hermit:Strike_Hermit","hermit:Defend_Hermit","hermit:Defend_Hermit","hermit:Defend_Hermit","hermit:Defend_Hermit","hermit:Snapshot","hermit:Covet","hermit:ItchyTrigger+1","hermit:Snipe","hermit:CalledShot","Injury","hermit:ShadowCloak","hermit:FlashPowder","hermit:Manifest","Parasite"],"relics":["hermit:Momento","Boot","Golden Idol","HollowMod:StagPassRelic","Orichalcum","Tiny Chest","Shovel","Regal Pillow","StrikeDummy"],"acts_visited":["Exordium"],"potions_floor_usage":[10,10,16],"damage_taken":[{"damage":0,"enemies":"2 Louse","floor":1,"turns":2},{"damage":6,"enemies":"Jaw Worm","floor":2,"turns":2},{"damage":5,"enemies":"Small Slimes","floor":4,"turns":3},{"damage":26,"enemies":"3 Sentries","floor":6,"turns":7},{"damage":22,"enemies":"Gremlin Nob","floor":10,"turns":4},{"damage":6,"enemies":"3 Louse","floor":12,"turns":4},{"damage":33,"enemies":"Hexaghost","floor":16,"turns":15}],"seed_played":"-73196819287090661","potions_obtained":[{"floor":1,"key":"hermit:BlackBile"},{"floor":2,"key":"Energy Potion"},{"floor":6,"key":"Fire Potion"}],"is_trial":false,"path_per_floor":["M","M","?","M","?","E","R","?","T","E","?","M","?","T","R","B"],"character_chosen":"HERMIT","items_purchased":[],"campfire_rested":1,"item_purchase_floors":[],"current_hp_per_floor":[75,69,54,49,49,23,45,45,45,23,20,14,32,32,32,0,0],"gold":353,"neow_bonus":"RANDOM_COMMON_RELIC","is_daily":false,"chose_seed":false,"campfire_upgraded":0,"win_rate":0.0,"timestamp":1613139332,"path_taken":["M","M","?","M","?","E","R","?","T","E","?","M","?","?","R","BOSS"],"items_purchased_type":[],"build_version":"2020-12-22","purchased_purges":0,"victory":false,"max_hp_per_floor":[75,75,75,75,75,75,75,75,75,75,75,75,75,75,75,75,75],"card_choices":[{"not_picked":["hermit:Showdown","hermit:LuckOfTheDraw"],"picked":"hermit:ItchyTrigger","floor":1},{"not_picked":["hermit:GhostlyPresence","hermit:Scavenge"],"picked":"hermit:Snipe","floor":2},{"not_picked":["hermit:BodyArmor","hermit:HoleUp"],"picked":"hermit:CalledShot","floor":4},{"not_picked":["hermit:Vantage","hermit:Snipe"],"picked":"hermit:ShadowCloak","floor":6},{"not_picked":["hermit:GhostlyPresence","hermit:HighCaliber"],"picked":"hermit:FlashPowder","floor":10},{"not_picked":["hermit:Headshot","hermit:Virtue"],"picked":"hermit:Manifest","floor":12}],"player_experience":473996,"relics_obtained":[{"floor":6,"key":"HollowMod:StagPassRelic"},{"floor":9,"key":"Orichalcum"},{"floor":10,"key":"Tiny Chest"},{"floor":14,"key":"Regal Pillow"},{"floor":15,"key":"StrikeDummy"}],"event_choices":[{"damage_healed":0,"gold_gain":0,"player_choice":"Entered Light","damage_taken":15,"max_hp_gain":0,"max_hp_loss":0,"event_name":"Shining Light","floor":3,"gold_loss":0,"cards_upgraded":["hermit:Strike_Hermit","hermit:ItchyTrigger"]},{"damage_healed":0,"gold_gain":0,"player_choice":"Take Wound","damage_taken":0,"relics_obtained":["Golden Idol"],"max_hp_gain":0,"max_hp_loss":0,"event_name":"Golden Idol","floor":5,"gold_loss":0,"cards_obtained":["Injury"]},{"damage_healed":0,"gold_gain":61,"player_choice":"Gained Gold","damage_taken":0,"max_hp_gain":0,"max_hp_loss":0,"event_name":"Golden Wing","floor":8,"gold_loss":0},{"damage_healed":0,"gold_gain":0,"player_choice":"Success","damage_taken":3,"relics_obtained":["Shovel"],"max_hp_gain":0,"max_hp_loss":0,"event_name":"Scrap Ooze","floor":11,"gold_loss":0},{"damage_healed":18,"gold_gain":0,"player_choice":"Healed and dodged fight","damage_taken":0,"max_hp_gain":0,"max_hp_loss":0,"event_name":"Mushrooms","floor":13,"gold_loss":0,"cards_obtained":["Parasite"]}],"is_beta":false,"boss_relics":[],"items_purged_floors":[],"is_endless":false,"potions_floor_spawned":[1,2,6],"killed_by":"Hexaghost","ascension_level":0}}