{"host":"0m9qzqwuh9r40nrk","time":1613110479,"event":{"mods":["BaseMod","Conspire","Downfall","Hermit","Hubris","Infinite Spire","Jorbs\u0027s Wanderer Trilogy","Minty Spire (QoL Compilation)","Quick Restart","Replay The Spire","Shop Mod","StSLib","The Animator","The Construct","The Cursed","The Disciple","The Hierophant","The Necromancer","The Runesmith","everything is the same but u backflip on backflip"],"gold_per_floor":[119,132,151,161,173,208,219,219,273,286,296,311,336,56,56,155,155,173,188,204,204,204,234,234,268,322,403,415,428,455,469,469,570,620,637,651,661,677,677,677,711,711,711,711,722,722,722,722],"floor_reached":46,"language":"ENG","playtime":8042,"items_purged":[],"score":756,"play_id":"fa0ab83e-0c89-41f4-a672-e6c2ff394e88","local_time":"20210211221439","daily_mods":["SealedDeck"],"is_ascension_mode":true,"campfire_choices":[{"data":"Guardian:BodySlam","floor":8.0,"key":"SMITH"},{"floor":15.0,"key":"DIG"},{"data":"Guardian:BodySlam","floor":24.0,"key":"SMITH"},{"data":"Guardian:FierceBash","floor":32.0,"key":"SMITH"},{"data":"Guardian:GemFire","floor":40,"key":"SMITH"},{"data":"Guardian:TimeBomb","floor":44,"key":"SMITH"}],"circlet_count":0,"master_deck":["Guardian:Preprogram","Guardian:Suspension","Guardian:BodySlam+1","Guardian:ShieldCharger","Guardian:PiercingHide","Guardian:Incinerate","Guardian:PiercingHide","Guardian:Recover","Guardian:BodySlam+1","Guardian:Reroute","Guardian:WalkerClaw","Guardian:TimeBomb+1","Guardian:VentSteam+1","Secret Technique","Guardian:FierceBash+1","Guardian:TimeCapacitor","hubris:Rewind","Guardian:TimeSifter","Guardian:Suspension+1","Guardian:GemFire+1","Guardian:CrystalBeam","Guardian:Gem_Orange"],"relics":["Guardian:ModeShifter","infinitespire:Satchel","Orichalcum","Boot","hubris:MysteriousPyramids","Philosopher\u0027s Stone","hubris:Towel","Happy Flower","Strawberry","infinitespire:Lucky Rock","Bottled Flame","Gremlin Food","Tiny House","sneckomod:BlankCard","champ:DuelingGlove"],"acts_visited":["Exordium","TheCity","TheBeyond"],"potions_floor_usage":[37,41],"damage_taken":[{"damage":5.0,"enemies":"Jaw Worm","floor":1.0,"turns":3.0},{"damage":0.0,"enemies":"Cultist","floor":2.0,"turns":4.0},{"damage":6.0,"enemies":"2 Louse","floor":3.0,"turns":3.0},{"damage":9.0,"enemies":"2 Fungi Beasts","floor":4.0,"turns":3.0},{"damage":9.0,"enemies":"Lots of Slimes","floor":5.0,"turns":4.0},{"damage":0.0,"enemies":"3 Sentries","floor":6.0,"turns":4.0},{"damage":5.0,"enemies":"Gremlin Gang","floor":7.0,"turns":3.0},{"damage":0.0,"enemies":"conspire:2 RoseBushes","floor":10.0,"turns":3.0},{"damage":0.0,"enemies":"Blue Slaver","floor":11.0,"turns":2.0},{"damage":0.0,"enemies":"2 Fungi Beasts","floor":12.0,"turns":3.0},{"damage":4.0,"enemies":"Lagavulin","floor":13.0,"turns":4.0},{"damage":0.0,"enemies":"Hexaghost","floor":16.0,"turns":4.0},{"damage":0.0,"enemies":"Spheric Guardian","floor":18.0,"turns":3.0},{"damage":0.0,"enemies":"Chosen","floor":19.0,"turns":2.0},{"damage":0.0,"enemies":"conspire:HollyBat","floor":20.0,"turns":5.0},{"damage":7.0,"enemies":"Book of Stabbing","floor":23.0,"turns":3.0},{"damage":18.0,"enemies":"conspire:SneckoGhost","floor":25.0,"turns":3.0},{"damage":7.0,"enemies":"Cultist and Chosen","floor":28.0,"turns":3.0},{"damage":16.0,"enemies":"Snake Plant","floor":29.0,"turns":3.0},{"damage":13.0,"enemies":"conspire:Head Lice","floor":30.0,"turns":3.0},{"damage":0.0,"enemies":"Snecko","floor":31.0,"turns":3.0},{"damage":8.0,"enemies":"Champ","floor":33.0,"turns":4.0},{"damage":0.0,"enemies":"Orb Walker","floor":35.0,"turns":1.0},{"damage":19,"enemies":"3 Darklings","floor":36,"turns":3},{"damage":7,"enemies":"Spire Growth","floor":37,"turns":3},{"damage":25,"enemies":"Writhing Mass","floor":38,"turns":3},{"damage":0,"enemies":"Reptomancer","floor":41,"turns":2},{"damage":27,"enemies":"3 Darklings","floor":45,"turns":4},{"damage":43,"enemies":"Transient","floor":46,"turns":2}],"seed_played":"394734272982717668","potions_obtained":[{"floor":1.0,"key":"Milkshake"},{"floor":2.0,"key":"Cursed Concoction"},{"floor":4.0,"key":"Guardian:DefensiveModePotion"},{"floor":19.0,"key":"Guardian:BlockOnCardUsePotion"},{"floor":23.0,"key":"sneckomod:MuddlingPotion"},{"floor":25.0,"key":"construct:ShiftPotion"},{"floor":31.0,"key":"Weak Potion"},{"floor":33.0,"key":"Guardian:BlockOnCardUsePotion"},{"floor":34.0,"key":"Guardian:AcceleratePotion"},{"floor":38,"key":"LiquidBronze"},{"floor":41,"key":"Dexterity Potion"}],"is_trial":true,"path_per_floor":["M","M","M","M","M","E","M","R","T","M","M","M","E","$","R","B",null,"M","M","M","AVR","?","E","R","E","T","T","M","M","E","M","R","B",null,"M","M","M","M","AVR","R","E","?","T","R","M","M"],"character_chosen":"GUARDIAN","items_purchased":["Guardian:Gem_White","Guardian:VentSteam","Secret Technique"],"campfire_rested":0,"item_purchase_floors":[14,14,14],"current_hp_per_floor":[75,75,69,60,51,51,46,46,46,46,46,46,42,42,42,42,80,80,80,80,80,80,73,73,62,62,62,55,39,26,26,26,18,92,92,73,66,41,41,41,41,41,41,41,14,0,0,0],"gold":722,"neow_bonus":"","is_daily":false,"chose_seed":false,"campfire_upgraded":5,"win_rate":0.0,"timestamp":1613110479,"path_taken":["M","M","M","M","M","E","M","R","T","M","M","M","E","$","R","BOSS","M","M","M","AVR","?","E","R","E","T","?","M","M","E","M","R","BOSS","M","M","M","M","AVR","R","E","?","T","R","M","M"],"items_purchased_type":["Card","Card","Card"],"build_version":"2020-12-22","purchased_purges":0,"victory":false,"max_hp_per_floor":[80,80,80,80,80,80,80,80,80,80,80,80,80,80,80,80,80,80,80,80,80,80,80,80,87,87,87,87,87,87,87,87,87,92,92,92,92,92,92,92,92,92,92,92,92,92,92,92],"card_choices":[{"not_picked":["Guardian:Gem_Green","Guardian:ShieldCharger"],"picked":"Guardian:Recover","floor":1.0},{"not_picked":["Guardian:PiercingHide","Guardian:Gem_Cyan"],"picked":"Guardian:BodySlam","floor":2.0},{"not_picked":["Guardian:Clone","Guardian:Suspension"],"picked":"Guardian:Reroute","floor":3.0},{"not_picked":["Guardian:TemporalStrike","Guardian:EvasiveProtocol"],"picked":"Guardian:WalkerClaw","floor":4.0},{"not_picked":["Guardian:ArmoredProtocol","Guardian:TemporalStrike","Guardian:PiercingHide"],"picked":"SKIP","floor":5.0},{"not_picked":["Guardian:SentryBeam","Guardian:SphericShield","Guardian:ChargeCore"],"picked":"SKIP","floor":6.0},{"not_picked":["Guardian:VentSteam","Guardian:Incinerate"],"picked":"Guardian:Gem_Green","floor":7.0},{"not_picked":["Guardian:TemporalShield","Guardian:ChargeCore"],"picked":"Guardian:TimeBomb","floor":10.0},{"not_picked":["Guardian:WalkerClaw","Guardian:GuardianWhirl"],"picked":"Guardian:Gem_Purple","floor":11.0},{"not_picked":["Guardian:GemFire","Guardian:TemporalShield"],"picked":"Guardian:Gem_Red","floor":12.0},{"not_picked":["Guardian:PrimingBeam","Guardian:Harden"],"picked":"Guardian:Gem_Orange","floor":13.0},{"not_picked":["Guardian:ExploitGems","Guardian:TimeSifter"],"picked":"Guardian:FierceBash","floor":16.0},{"not_picked":["Guardian:ChargeCore","Guardian:Recover"],"picked":"Guardian:Gem_Green","floor":18.0},{"not_picked":["Guardian:ChargeCore","Guardian:PrismaticBeam"],"picked":"Guardian:TimeCapacitor","floor":19.0},{"not_picked":["Guardian:Gem_Fragmented","Guardian:ChargeCore","Guardian:DonusPower"],"picked":"SKIP","floor":20.0},{"not_picked":["Guardian:TemporalStrike","Guardian:Reroute","Guardian:GemFire"],"picked":"SKIP","floor":23.0},{"not_picked":["Guardian:Planning","Guardian:TemporalShield"],"picked":"Guardian:TimeSifter","floor":25.0},{"not_picked":["Guardian:PiercingHide","Guardian:RollAttack","Guardian:Harden"],"picked":"SKIP","floor":28.0},{"not_picked":["Guardian:Preprogram","Guardian:Suspension","Guardian:Gem_Green"],"picked":"SKIP","floor":29.0},{"not_picked":["Guardian:SentryBeam+1","Guardian:RollAttack","Guardian:TimeBomb"],"picked":"SKIP","floor":30.0},{"not_picked":["Guardian:Planning","Guardian:RollAttack+1"],"picked":"Guardian:Suspension+1","floor":31.0},{"not_picked":["Guardian:FierceBash","Guardian:GatlingBeam"],"picked":"Guardian:GemFire","floor":33.0},{"not_picked":["Guardian:ChargeUp","Guardian:ShieldSpikes+1"],"picked":"Guardian:Gem_Lightblue","floor":34.0},{"not_picked":["Guardian:EvasiveProtocol+1","Guardian:ShieldSpikes","Guardian:RollAttack"],"picked":"SKIP","floor":35.0},{"not_picked":["Guardian:Gem_Lightblue","Guardian:Harden+1"],"picked":"Guardian:CrystalBeam","floor":36},{"not_picked":["Guardian:RefractedBeam","Guardian:VentSteam","Guardian:Harden+1"],"picked":"SKIP","floor":37},{"not_picked":["Guardian:VentSteam+1","Guardian:Suspension+1","Guardian:ChargeCore"],"picked":"SKIP","floor":38},{"not_picked":["Guardian:Gem_Red","Guardian:PrismaticBeam","Guardian:Preprogram"],"picked":"SKIP","floor":41},{"not_picked":["Guardian:CrystalBeam","Guardian:TemporalShield"],"picked":"Guardian:Gem_Orange","floor":45}],"player_experience":596624,"relics_obtained":[{"floor":6.0,"key":"infinitespire:Satchel"},{"floor":9.0,"key":"Orichalcum"},{"floor":13.0,"key":"Boot"},{"floor":15.0,"key":"hubris:MysteriousPyramids"},{"floor":23.0,"key":"Happy Flower"},{"floor":25.0,"key":"Strawberry"},{"floor":26.0,"key":"infinitespire:Lucky Rock"},{"floor":27.0,"key":"Bottled Flame"},{"floor":30.0,"key":"Gremlin Food"},{"floor":41,"key":"champ:DuelingGlove"}],"event_choices":[{"damage_healed":0,"gold_gain":0,"player_choice":"Ignored","damage_taken":0,"max_hp_gain":0,"max_hp_loss":0,"event_name":"The Moai Head","floor":42,"gold_loss":0}],"is_beta":false,"boss_relics":[{"not_picked":["hubris:RunicObelisk","Replay:Grab Bag"],"picked":"Philosopher\u0027s Stone"},{"not_picked":["Empty Cage","hubris:BlackHole"],"picked":"Tiny House"}],"items_purged_floors":[],"is_endless":false,"potions_floor_spawned":[1,2,4,5,19,23,25,31,33,38,41],"killed_by":"Transient","ascension_level":4}}