{"host":"l88q1sbjrgivgt4w","time":1613141197,"event":{"mods":["BaseMod","BetterRewards","Clawfect","Colored Map","Colored Powertips","Defuse TimeMaze Blight","Friendly Minions","Glutton Mod","Highlight Path","Hubris","Infinite Spire","Mad Scientist","Minty Spire (QoL Compilation)","READ ME - Guardian Mod","READ ME - Snecko Mod","Shop Mod","StSLib","The Disciple","The Poker Player","The Problem Sleuth","The Vixen"],"gold_per_floor":[111,126,126,146,146,184,10,10,80,151,28,28,61,100,100,215,215,270,270,280,89,167,167,222,222],"floor_reached":24,"language":"ENG","playtime":1255,"items_purged":["Glutton:Strike"],"score":356,"play_id":"bbe0479e-6aa0-47d7-af4c-2ba013585d06","local_time":"20210212094637","is_ascension_mode":false,"campfire_choices":[{"floor":8,"key":"REST"},{"floor":12,"key":"REST"},{"floor":15,"key":"REST"},{"floor":23,"key":"REST"}],"circlet_count":0,"master_deck":["Glutton:Strike","Glutton:Strike","Glutton:Strike","Glutton:Strike","Glutton:Defend","Glutton:Defend","Glutton:Defend","Glutton:Flail","Glutton:Masochism","Glutton:Devour","Glutton:ToxicResidue","Glutton:Misery","Glutton:DecrepitStrike","Glutton:Feast","Injury","Glutton:Treasure","Glutton:Feed","Glutton:Chrysosphagy","Glutton:Inversion","Glutton:Demolish","Glutton:ShareWeakness","Glutton:Bite","Glutton:EatAlive","Glutton:Treat","Glutton:Salivate","Glutton:Hoard","Glutton:GnawingHunger"],"relics":["Glutton:EternalHunger","Blue Candle","Golden Idol","Bottled Tornado","Glutton:Lollipop","infinitespire:Eraser","hubris:Zylophone","Cursed Key","FaceOfCleric","Medical Kit"],"acts_visited":["Exordium","TheCity"],"potions_floor_usage":[6],"damage_taken":[{"damage":6,"enemies":"Small Slimes","floor":1,"turns":3},{"damage":17,"enemies":"Jaw Worm","floor":2,"turns":4},{"damage":10,"enemies":"Cultist","floor":4,"turns":3},{"damage":52,"enemies":"3 Sentries","floor":6,"turns":6},{"damage":37,"enemies":"Gremlin Nob","floor":10,"turns":5},{"damage":29,"enemies":"Red Slaver","floor":13,"turns":5},{"damage":23,"enemies":"Looter","floor":14,"turns":3},{"damage":114,"enemies":"Slime Boss","floor":16,"turns":11},{"damage":34,"enemies":"Chosen","floor":18,"turns":5},{"damage":38,"enemies":"2 Thieves","floor":20,"turns":4},{"damage":110,"enemies":"Cultist and Chosen","floor":22,"turns":7},{"damage":92,"enemies":"Sentry and Sphere","floor":24,"turns":7}],"seed_played":"-7081930790811895869","potions_obtained":[{"floor":4,"key":"Regen Potion"},{"floor":10,"key":"Dexterity Potion"},{"floor":16,"key":"Swift Potion"},{"floor":20,"key":"SmokeBomb"}],"is_trial":false,"path_per_floor":["M","M","?","M","?","E","$","R","T","E","$","R","M","M","R","B",null,"M","?","M","$","M","R","M"],"character_chosen":"GLUTTON","items_purchased":["Blue Candle","Glutton:Masochism","Glutton:Devour","Glutton:Lollipop","Glutton:Feed","Glutton:Inversion","Glutton:Demolish","Medical Kit","Glutton:Hoard"],"campfire_rested":4,"item_purchase_floors":[0,0,0,7,7,11,11,21,21],"current_hp_per_floor":[90,73,73,63,63,29,29,65,65,28,28,64,58,58,96,26,129,105,105,93,93,14,60,0,0],"gold":222,"neow_bonus":"","is_daily":false,"chose_seed":false,"campfire_upgraded":0,"win_rate":0.0,"timestamp":1613141197,"path_taken":["M","M","?","M","?","E","?","R","T","E","$","R","M","M","R","BOSS","M","?","?","?","M","R","M"],"items_purchased_type":["Relic","Card","Card","Relic","Card","Card","Card","Relic","Card"],"build_version":"2020-12-22","purchased_purges":1,"victory":false,"max_hp_per_floor":[120,120,120,120,120,123,123,123,123,123,123,123,126,129,129,129,129,139,139,143,143,154,154,159,159],"card_choices":[{"not_picked":["Glutton:Toxicity","Glutton:PainMeditation"],"picked":"Glutton:ToxicResidue","floor":1},{"not_picked":["Glutton:PainMeditation","Glutton:FeverVisions"],"picked":"Glutton:Misery","floor":2},{"not_picked":["Glutton:Brace","Glutton:Bite"],"picked":"Glutton:Feast","floor":4},{"not_picked":["Glutton:Overreach","Glutton:Demolish"],"picked":"Glutton:Treasure","floor":6},{"not_picked":["Glutton:Treat","Glutton:FeverVisions"],"picked":"Glutton:Chrysosphagy","floor":10},{"not_picked":["Glutton:Brace","Glutton:Tantrum"],"picked":"Glutton:ShareWeakness","floor":13},{"not_picked":["Glutton:Yearn","Glutton:Chomp"],"picked":"Glutton:Bite","floor":14},{"not_picked":["Glutton:Vitality","Glutton:Malignancy"],"picked":"Glutton:EatAlive","floor":16},{"not_picked":["Glutton:PainMeditation","Glutton:GuardStance+1"],"picked":"Glutton:Treat","floor":18},{"not_picked":["Glutton:Demolish","Glutton:Mug"],"picked":"Glutton:Salivate","floor":20},{"not_picked":["Glutton:GoldenArmor","Glutton:Rest+1"],"picked":"Glutton:GnawingHunger","floor":22}],"player_experience":793622,"relics_obtained":[{"floor":6,"key":"Bottled Tornado"},{"floor":9,"key":"infinitespire:Eraser"},{"floor":10,"key":"hubris:Zylophone"}],"event_choices":[{"damage_healed":0,"gold_gain":0,"cards_transformed":["Glutton:Strike"],"player_choice":"Change","damage_taken":0,"max_hp_gain":0,"max_hp_loss":0,"event_name":"Living Wall","floor":3,"gold_loss":0,"cards_obtained":["Glutton:DecrepitStrike"]},{"damage_healed":0,"gold_gain":0,"player_choice":"Take Wound","damage_taken":0,"relics_obtained":["Golden Idol"],"max_hp_gain":0,"max_hp_loss":0,"event_name":"Golden Idol","floor":5,"gold_loss":0,"cards_obtained":["Injury"]},{"damage_healed":0,"gold_gain":0,"player_choice":"Trade","damage_taken":0,"relics_obtained":["FaceOfCleric"],"max_hp_gain":0,"max_hp_loss":0,"event_name":"FaceTrader","floor":19,"gold_loss":0}],"is_beta":false,"boss_relics":[{"not_picked":["Tiny House","SlaversCollar"],"picked":"Cursed Key"}],"items_purged_floors":[0],"is_endless":false,"potions_floor_spawned":[4,10,16,20],"killed_by":"Sentry and Sphere","ascension_level":0}}