{"host":"f5gffvlv6a66yqkd","time":1613144318,"event":{"mods":["2.2 Compatiblity","BaseMod","Colored Map","Custom Start","DeckTracker","Keyboard Shortcuts","Minty Spire (QoL Compilation)","Permanent Neow","Quick Restart","Relic Stats","StSLib","SuperFastMode"],"gold_per_floor":[114,114,131,131,131,131,6,39,39,73,101,117,117,156,156,156,156],"floor_reached":16,"language":"KOR","playtime":235,"items_purged":[],"score":199,"play_id":"75293f4d-c5dc-4556-9c54-3dc5e115106c","local_time":"20210213003838","is_ascension_mode":true,"campfire_choices":[{"data":"Prostrate","floor":6,"key":"SMITH"},{"data":"Pray","floor":15,"key":"SMITH"}],"circlet_count":0,"master_deck":["Strike_P","Strike_P","Strike_P","Strike_P","Defend_P","Defend_P","Defend_P","Eruption+1","Vigilance","Prostrate+1","Worship","BowlingBash","Consecrate","Judgement","Study","PathToVictory","Pray+1"],"relics":["PureWater","NeowsBlessing","Golden Idol","Girya","Shuriken","Lantern","Odd Mushroom","Pen Nib"],"acts_visited":["Exordium"],"potions_floor_usage":[10,14],"damage_taken":[{"damage":0.0,"enemies":"Small Slimes","floor":1.0,"turns":1.0},{"damage":0,"enemies":"Cultist","floor":3,"turns":1},{"damage":0,"enemies":"3 Sentries","floor":8,"turns":1},{"damage":0,"enemies":"Gremlin Nob","floor":10,"turns":3},{"damage":5,"enemies":"The Mushroom Lair","floor":11,"turns":3},{"damage":0,"enemies":"Jaw Worm","floor":12,"turns":1},{"damage":11,"enemies":"3 Sentries","floor":14,"turns":4},{"damage":32,"enemies":"Hexaghost","floor":16,"turns":7}],"seed_played":"6754085560759198428","potions_obtained":[{"floor":1,"key":"AttackPotion"},{"floor":12,"key":"EssenceOfSteel"}],"is_trial":false,"path_per_floor":["M","?","M","?","?","R","$","E","T","E","?","M","?","E","R","B"],"character_chosen":"WATCHER","items_purchased":["Worship","BowlingBash"],"campfire_rested":0,"item_purchase_floors":[7,7],"current_hp_per_floor":[72,72,72,65,47,47,47,47,47,47,42,42,47,36,36,4,4],"gold":156,"neow_bonus":"THREE_ENEMY_KILL","is_daily":false,"chose_seed":false,"campfire_upgraded":2,"win_rate":0.0,"timestamp":1613144318,"path_taken":["M","?","?","?","?","R","$","E","T","E","?","M","?","E","R","BOSS"],"items_purchased_type":["Card","Card"],"build_version":"2020-12-22","purchased_purges":0,"victory":false,"max_hp_per_floor":[72,72,72,72,72,72,72,72,72,72,72,72,77,77,77,77,77],"relic_stats":{"counters":[8,21],"Golden Idol":31,"Shuriken":[7],"Pen Nib":[1],"obtain_stats":[{"Girya":8,"Lantern":10,"NeowsBlessing":0,"Golden Idol":5,"Shuriken":9,"Pen Nib":14,"PureWater":0,"Odd Mushroom":11},{"Girya":3,"Lantern":4,"NeowsBlessing":0,"Golden Idol":2,"Shuriken":3,"Pen Nib":7,"PureWater":0,"Odd Mushroom":5},{"Girya":3,"Lantern":6,"NeowsBlessing":0,"Golden Idol":2,"Shuriken":3,"Pen Nib":14,"PureWater":0,"Odd Mushroom":9}]},"card_choices":[{"not_picked":["Study","ThirdEye","Protect"],"picked":"SKIP","floor":1},{"not_picked":["FlyingSleeves","JustLucky"],"picked":"Prostrate","floor":3},{"not_picked":["FlurryOfBlows","ThirdEye"],"picked":"Consecrate","floor":8},{"not_picked":["EmptyMind","ClearTheMind"],"picked":"Judgement","floor":10},{"not_picked":["ReachHeaven","Evaluate"],"picked":"Study","floor":11},{"not_picked":["Crescendo","Consecrate","PathToVictory"],"picked":"SKIP","floor":12},{"not_picked":["Crescendo","Consecrate"],"picked":"PathToVictory","floor":12},{"not_picked":["Consecrate","JustLucky"],"picked":"Pray","floor":14}],"player_experience":1459536,"relics_obtained":[{"floor":8,"key":"Girya"},{"floor":9,"key":"Shuriken"},{"floor":10,"key":"Lantern"},{"floor":11,"key":"Odd Mushroom"},{"floor":14,"key":"Pen Nib"}],"event_choices":[{"damage_healed":0,"gold_gain":0,"player_choice":"Forge","damage_taken":0,"max_hp_gain":0,"max_hp_loss":0,"event_name":"Accursed Blacksmith","floor":2,"gold_loss":0,"cards_upgraded":["Eruption"]},{"cards_removed":["Defend_P"],"damage_healed":0,"gold_gain":0,"player_choice":"Card Removal","damage_taken":7,"max_hp_gain":0,"max_hp_loss":0,"event_name":"Golden Wing","floor":4,"gold_loss":0},{"damage_healed":0,"gold_gain":0,"player_choice":"Take Damage","damage_taken":18,"relics_obtained":["Golden Idol"],"max_hp_gain":0,"max_hp_loss":0,"event_name":"Golden Idol","floor":5,"gold_loss":0},{"damage_healed":0,"gold_gain":0,"player_choice":"Fought Mushrooms","damage_taken":0,"max_hp_gain":0,"max_hp_loss":0,"event_name":"Mushrooms","floor":11,"gold_loss":0},{"damage_healed":0,"gold_gain":0,"player_choice":"Donut","damage_taken":0,"max_hp_gain":5,"max_hp_loss":0,"event_name":"Big Fish","floor":13,"gold_loss":0}],"is_beta":false,"boss_relics":[],"items_purged_floors":[],"is_endless":false,"potions_floor_spawned":[1,12],"killed_by":"Hexaghost","ascension_level":4}}