{"host":"18wi9kpcl4eah7pe","time":1613155810,"event":{"mods":["BaseMod","Colored Powertips","Downfall","Minty Spire (QoL Compilation)","StSLib"],"gold_per_floor":[199,215,200,200,210,210,233,245,256,431,431,331,241,261,280,280,280,280],"floor_reached":16,"language":"ENG","playtime":419,"items_purged":["downfall:Malfunctioning"],"score":120,"play_id":"0fe330cc-dc58-478e-a8e1-aac0bf3b8a32","local_time":"20210212125010","is_ascension_mode":true,"campfire_choices":[{"floor":1,"key":"RECALL"},{"floor":12,"key":"REST"}],"circlet_count":0,"master_deck":["bronze:Strike+1","bronze:Strike","bronze:Strike","bronze:Defend","bronze:Defend+1","bronze:Defend","bronze:Defend","bronze:Replicate","bronze:Goto","bronze:Terminator+1","bronze:OilSpill","bronze:Overload","bronze:ChildClass","bronze:ClassDefault","Doubt","bronze:Optimize","bronze:Iterate","bronze:BuggyMess","bronze:Shield"],"relics":["bronze:BronzeCore","Strawberry","Vajra","downfall:HeartBlessingRed"],"acts_visited":["Exordium"],"potions_floor_usage":[14,14,16,16],"damage_taken":[{"damage":1,"enemies":"2 Louse","floor":2,"turns":3},{"damage":5,"enemies":"downfall:FleeingMerchant","floor":3,"turns":4},{"damage":12,"enemies":"Jaw Worm","floor":5,"turns":3},{"damage":2,"enemies":"Small Slimes","floor":8,"turns":2},{"damage":16,"enemies":"Blue Slaver","floor":9,"turns":3},{"damage":12,"enemies":"downfall:FleeingMerchant","floor":13,"turns":4},{"damage":13,"enemies":"Large Slime","floor":14,"turns":2},{"damage":0,"enemies":"3 Louse","floor":15,"turns":2},{"damage":28,"enemies":"IC_STATUS_ARCHETYPE","floor":16,"turns":4}],"seed_played":"8095522357582038859","potions_obtained":[{"floor":8,"key":"sneckomod:MuddlingPotion"},{"floor":9,"key":"Explosive Potion"},{"floor":14,"key":"Swift Potion"},{"floor":15,"key":"Regen Potion"}],"is_trial":false,"path_per_floor":["R","M","$","?","M","?","T","M","M","?","?","R","$","M","M","B"],"character_chosen":"THE_AUTOMATON","items_purchased":[],"campfire_rested":1,"item_purchase_floors":[],"current_hp_per_floor":[63,62,57,39,27,27,27,25,9,9,9,32,20,7,7,0,0,0],"gold":280,"neow_bonus":"HUNDRED_GOLD","is_daily":false,"chose_seed":false,"campfire_upgraded":0,"win_rate":0.0,"timestamp":1613155810,"path_taken":["R","M","$","?","M","?","T","M","M","?","?","R","$","?","M","BOSS"],"items_purchased_type":[],"build_version":"2020-12-22","purchased_purges":1,"victory":false,"max_hp_per_floor":[70,70,70,77,77,77,77,77,77,77,77,77,77,77,77,77,77,77],"card_choices":[{"not_picked":["bronze:DelayedGuard","bronze:ForceShield"],"picked":"bronze:Terminator","floor":2},{"not_picked":["bronze:Overload","bronze:Repulsor"],"picked":"bronze:OilSpill","floor":3},{"not_picked":["bronze:BronzeArmor","bronze:ForLoop"],"picked":"bronze:Overload","floor":5},{"not_picked":["bronze:Invalidate","bronze:Refactor"],"picked":"bronze:ChildClass","floor":8},{"not_picked":["bronze:Shell","bronze:BronzeOrb"],"picked":"bronze:ClassDefault","floor":9},{"not_picked":["bronze:Optimize","bronze:MaxOutput"],"picked":"bronze:Iterate","floor":13},{"not_picked":["bronze:CutThrough","bronze:Iterate"],"picked":"bronze:BuggyMess","floor":14},{"not_picked":["bronze:Separator","bronze:CutThrough"],"picked":"bronze:Shield","floor":15}],"player_experience":1021592,"relics_obtained":[{"floor":7,"key":"Vajra"}],"event_choices":[{"damage_healed":0,"gold_gain":0,"player_choice":"Success","damage_taken":25,"relics_obtained":["Strawberry"],"max_hp_gain":0,"max_hp_loss":0,"event_name":"Scrap Ooze","floor":4,"gold_loss":0}],"is_beta":false,"boss_relics":[],"items_purged_floors":[13],"is_endless":false,"potions_floor_spawned":[8,9,14,15],"killed_by":"IC_STATUS_ARCHETYPE","ascension_level":6}}