{"host":"juqfttvdeykv99sc","time":1613101208,"event":{"mods":["BaseMod","Colored Map","Downfall","Minty Spire (QoL Compilation)","Rare Cards Sparkle","StSLib"],"gold_per_floor":[99,118,129,146,131,123,123,116,116,142,142,159,159,193,212,319,319,319,337,113,141,134,134,209,209,226,268,268,298,317,317,340,340,340,340],"floor_reached":33,"language":"ENG","playtime":3377,"items_purged":["hexamod:Defend"],"score":287,"play_id":"84d6ebd0-c414-4538-ac03-eb65173b850b","local_time":"20210211224008","is_ascension_mode":false,"campfire_choices":[{"data":"hexamod:Float","floor":1,"key":"SMITH"},{"data":"hexamod:ThermalTransfer","floor":9,"key":"SMITH"},{"data":"hexamod:DynamicBlow","floor":11,"key":"SMITH"},{"data":"hexamod:BurningTouch","floor":13,"key":"SMITH"},{"data":"hexamod:GhostflameInferno","floor":18,"key":"SMITH"},{"data":"hexamod:SoulSteal","floor":23,"key":"SMITH"},{"data":"hexamod:ChargedBarrage","floor":28,"key":"SMITH"}],"circlet_count":0,"master_deck":["hexamod:Strike","hexamod:Strike","hexamod:Strike+1","hexamod:Strike+1","hexamod:Defend","hexamod:Defend","hexamod:Defend","hexamod:Sear","hexamod:Float+1","hexamod:ThermalTransfer+1","hexamod:BurningTouch+1","hexamod:ChargedBarrage+1","hexamod:FourthSeal","hexamod:FirstSeal","hexamod:SecondSeal","hexamod:DynamicBlow+1","hexamod:InspiringFlames","hexamod:GhostflameInferno+1","hexamod:StepThrough","hexamod:TimeWarp","hexamod:SoulSteal+1","hexamod:TimeOfNeed","hexamod:AdvancingGuard","hexamod:DynamicBlow","hexamod:SwordOfDarkness","hexamod:HeatCrush"],"relics":["hexamod:SpiritBrand","HornCleat","StoneCalendar","Velvet Choker","Shuriken","Whetstone","Ornamental Fan"],"acts_visited":["Exordium","TheCity"],"potions_floor_usage":[10,10,16,21,27,33,33,33,33],"damage_taken":[{"damage":0,"enemies":"Cultist","floor":2,"turns":3},{"damage":1,"enemies":"Jaw Worm","floor":3,"turns":3},{"damage":0,"enemies":"2 Louse","floor":4,"turns":3},{"damage":0,"enemies":"downfall:FleeingMerchant","floor":5,"turns":4},{"damage":0,"enemies":"downfall:FleeingMerchant","floor":8,"turns":4},{"damage":6,"enemies":"Red Slaver","floor":10,"turns":4},{"damage":0,"enemies":"Exordium Wildlife","floor":12,"turns":3},{"damage":13,"enemies":"Lagavulin","floor":14,"turns":7},{"damage":0,"enemies":"2 Fungi Beasts","floor":15,"turns":4},{"damage":29,"enemies":"WA_ARCHETYPE_RETAIN","floor":16,"turns":7},{"damage":0,"enemies":"Chosen","floor":19,"turns":4},{"damage":0,"enemies":"downfall:FleeingMerchant","floor":20,"turns":4},{"damage":15,"enemies":"Cultist and Chosen","floor":21,"turns":6},{"damage":6,"enemies":"downfall:FleeingMerchant","floor":22,"turns":4},{"damage":0,"enemies":"3 Cultists","floor":26,"turns":3},{"damage":20,"enemies":"Slavers","floor":27,"turns":3},{"damage":19,"enemies":"Gremlin Leader","floor":29,"turns":6},{"damage":0,"enemies":"Centurion and Healer","floor":30,"turns":3},{"damage":21,"enemies":"Sentry and Sphere","floor":32,"turns":6},{"damage":55,"enemies":"DF_ARCHETYPE_CLAW","floor":33,"turns":5}],"seed_played":"146678352505648966","potions_obtained":[{"floor":4,"key":"BlessingOfTheForge"},{"floor":8,"key":"EntropicBrew"},{"floor":10,"key":"Regen Potion"},{"floor":14,"key":"Block Potion"},{"floor":14,"key":"Fire Potion"},{"floor":16,"key":"Energy Potion"},{"floor":21,"key":"champ:CounterPotion"},{"floor":26,"key":"hexamod:EctoCoolerPotion"},{"floor":27,"key":"LiquidBronze"},{"floor":29,"key":"EntropicBrew"}],"is_trial":false,"path_per_floor":["R","M","M","M","$","?","T","$","R","M","R","M","R","E","M","B",null,"R","M","$","M","$","R","T","?","M","E","R","E","M","?","M","B"],"character_chosen":"THE_SPIRIT","items_purchased":["hexamod:TimeWarp"],"campfire_rested":0,"item_purchase_floors":[20],"current_hp_per_floor":[77,77,76,76,76,69,69,76,76,77,77,77,77,71,77,48,77,77,77,77,62,63,63,63,63,70,57,57,45,52,52,38,0,0,0],"gold":340,"neow_bonus":"TEN_PERCENT_HP_BONUS","is_daily":false,"chose_seed":false,"campfire_upgraded":7,"win_rate":0.0,"timestamp":1613101208,"path_taken":["R","M","M","?","?","?","T","?","R","?","R","M","R","E","M","BOSS","R","M","$","M","$","R","T","?","M","E","R","E","?","?","M","BOSS"],"items_purchased_type":["Card"],"build_version":"2020-12-22","purchased_purges":1,"victory":false,"max_hp_per_floor":[77,77,77,77,77,77,77,77,77,77,77,77,77,77,77,77,77,77,77,77,77,77,77,77,77,77,77,77,77,77,77,77,77,77,77],"card_choices":[{"not_picked":["hexamod:Again","hexamod:FastForward"],"picked":"hexamod:ThermalTransfer","floor":2},{"not_picked":["hexamod:FirstSeal","hexamod:ThermalTransfer"],"picked":"hexamod:BurningTouch","floor":3},{"not_picked":["hexamod:ThirdSeal","hexamod:Firestarter","hexamod:NightmareStrike"],"picked":"SKIP","floor":4},{"not_picked":["hexamod:SpectralAdrenaline","hexamod:FirstSeal"],"picked":"hexamod:ChargedBarrage","floor":5},{"not_picked":["hexamod:FourthSeal","hexamod:Firestarter","hexamod:ShieldOfDarkness"],"picked":"SKIP","floor":8},{"not_picked":["hexamod:NightmareStrike","hexamod:ThermalTransfer"],"picked":"hexamod:DynamicBlow","floor":10},{"not_picked":["hexamod:GhostLash","hexamod:SpectersWail"],"picked":"hexamod:InspiringFlames","floor":12},{"not_picked":["hexamod:SecondSeal","hexamod:BacktrackSmack","hexamod:RecurringNightmare"],"picked":"SKIP","floor":14},{"not_picked":["hexamod:GhostShield","hexamod:SecondSeal","hexamod:EmpoweredFlame"],"picked":"SKIP","floor":15},{"not_picked":["hexamod:ParanormalForm","hexamod:HexaLevel"],"picked":"hexamod:GhostflameInferno","floor":16},{"not_picked":["hexamod:GhostOfSpireFuture","hexamod:NightmareGuise"],"picked":"hexamod:StepThrough","floor":19},{"not_picked":["hexamod:NightmareGuise","hexamod:InspiringFlames","hexamod:GhostLash"],"picked":"SKIP","floor":20},{"not_picked":["hexamod:SpectersWail","hexamod:ShieldOfDarkness+1"],"picked":"hexamod:SoulSteal","floor":21},{"not_picked":["hexamod:GhostOfSpirePast+1","hexamod:ShieldOfDarkness+1"],"picked":"hexamod:TimeOfNeed","floor":22},{"not_picked":["hexamod:ThermalTransfer","hexamod:FastForward+1"],"picked":"hexamod:AdvancingGuard","floor":26},{"not_picked":["hexamod:BacktrackSmack","hexamod:SpectersWail"],"picked":"hexamod:DynamicBlow","floor":27},{"not_picked":["hexamod:ShieldOfDarkness+1","hexamod:RadiantFlame+1"],"picked":"hexamod:SwordOfDarkness","floor":29},{"not_picked":["hexamod:ParanormalForm","hexamod:AdvancingGuard"],"picked":"hexamod:HeatCrush","floor":30},{"not_picked":["hexamod:NightmareGuise","hexamod:SwordOfDarkness","hexamod:NightmareStrike"],"picked":"SKIP","floor":32}],"player_experience":96736,"relics_obtained":[{"floor":7,"key":"HornCleat"},{"floor":14,"key":"StoneCalendar"},{"floor":24,"key":"Shuriken"},{"floor":27,"key":"Whetstone"},{"floor":29,"key":"Ornamental Fan"}],"event_choices":[],"is_beta":false,"boss_relics":[{"not_picked":["Fusion Hammer","bronze:MakeshiftBattery"],"picked":"Velvet Choker"}],"items_purged_floors":[20],"is_endless":false,"potions_floor_spawned":[4,14,15,16,21,29,30],"killed_by":"DF_ARCHETYPE_CLAW","ascension_level":0}}