{"host":"uyrebrj0204enqpc","time":1613168354,"event":{"mods":["Act Like it!","Bard","BaseMod","Block Reminder","Challenge The Spire","Colored Map","Colored Powertips","DeckTracker","Downfall","GifTheSpireLib","HexUI Lib","Highlight Path","Hubris","Minty Spire (QoL Compilation)","Pale of the Ancients","Quick Restart","Random Character Button","Relic Sorter","Relic Stats","Shop Mod","StSLib","The Blue Laboratory","The Bug Knight","The Cursed","The Jungle","The Marked","Wandering Minibosses"],"gold_per_floor":[115,132,149,149,135,167,167,167,167],"floor_reached":8,"language":"ENG","playtime":458,"items_purged":[],"score":84,"play_id":"4dacc546-dbb0-4826-ade5-75eb514f9938","local_time":"20210212171914","is_ascension_mode":true,"campfire_choices":[{"floor":7,"key":"REST"}],"circlet_count":0,"master_deck":["theMarked:SuspiciousRaven","theMarked:Strike","theMarked:Strike","theMarked:Strike","theMarked:Defend","theMarked:Defend","theMarked:Defend","theMarked:SoldierOfQuellstein","theMarked:Generate","theMarked:CreepingChasm"],"relics":["Omamori"],"acts_visited":["Exordium"],"potions_floor_usage":[6,6],"damage_taken":[{"damage":0.0,"enemies":"Cultist","floor":1.0,"turns":3.0},{"damage":4.0,"enemies":"2 Louse","floor":2.0,"turns":2.0},{"damage":0.0,"enemies":"Small Slimes","floor":3.0,"turns":3.0},{"damage":14.0,"enemies":"3 Louse","floor":5.0,"turns":6.0},{"damage":37,"enemies":"Lagavulin","floor":6,"turns":8},{"damage":30,"enemies":"3 Sentries","floor":8,"turns":4}],"seed_played":"-2126699426535305318","potions_obtained":[{"floor":3.0,"key":"Fire Potion"},{"floor":5.0,"key":"blueLaboratory:PyrophylliteBrew"}],"is_trial":false,"path_per_floor":["M","M","M","?","M","E","R","E"],"character_chosen":"THE_DEFAULT","items_purchased":[],"campfire_rested":1,"item_purchase_floors":[],"current_hp_per_floor":[63,59,59,59,45,8,26,0,0],"gold":167,"neow_bonus":"REMOVE_TWO","is_daily":false,"chose_seed":false,"campfire_upgraded":0,"win_rate":0.0,"timestamp":1613168354,"path_taken":["M","?","M","?","M","E","R","E"],"items_purchased_type":[],"build_version":"2020-12-22","purchased_purges":0,"victory":false,"max_hp_per_floor":[63,63,63,63,63,63,63,63,63],"relic_stats":{"counters":[6,26],"obtain_stats":[{"theMarked:ArtifactOfAir":0,"Omamori":6},{"theMarked:ArtifactOfAir":0,"Omamori":5},{"theMarked:ArtifactOfAir":0,"Omamori":22}]},"card_choices":[{"not_picked":["theMarked:HeightenedSenses","theMarked:Convert"],"picked":"theMarked:Generate","floor":1.0},{"not_picked":["theMarked:AttractMetal","theMarked:ResourceFulStrike"],"picked":"theMarked:CreepingChasm","floor":2.0},{"not_picked":["theMarked:ParalyzingBlade","theMarked:Parry","theMarked:SwordAndMagic"],"picked":"SKIP","floor":3.0},{"not_picked":["theMarked:TakeCover","theMarked:BanishingStrike","theMarked:ContemptForTheProud"],"picked":"SKIP","floor":5.0},{"not_picked":["theMarked:ResourceFulStrike","theMarked:ElectricStrings","theMarked:Aftermath"],"picked":"SKIP","floor":6}],"player_experience":1120348,"relics_obtained":[{"floor":6,"key":"Omamori"}],"event_choices":[{"cards_removed":["theMarked:Strike"],"damage_healed":0.0,"max_hp_gain":0.0,"max_hp_loss":0.0,"gold_gain":0.0,"event_name":"Bonfire Elementals","player_choice":"Offered Basic","floor":4.0,"gold_loss":0.0,"damage_taken":0.0}],"is_beta":false,"boss_relics":[],"items_purged_floors":[],"is_endless":false,"potions_floor_spawned":[3,5],"killed_by":"3 Sentries","ascension_level":9}}