{"host":"fxrgx7wt2cpkbhka","time":1613111149,"event":{"mods":["AchievementEnabler","BaseMod","Colored Powertips","Dark Map","Minty Spire (QoL Compilation)","Permanent Neow","Quick Restart","Slay-I","StSLib","Waifu the Spire"],"gold_per_floor":[109,122,122,134,6,6,6,47,74,74,74,87,106,156,156,242,242,254,304,317,317,328,328,344,344,344],"floor_reached":25,"language":"ENG","playtime":636,"items_purged":[],"score":355,"play_id":"1eabe764-697b-4d49-8067-77ba0f73e481","local_time":"20210211222549","is_ascension_mode":true,"campfire_choices":[{"data":"Perfected Strike","floor":6,"key":"SMITH"},{"floor":10,"key":"REST"},{"data":"Flex","floor":15,"key":"SMITH"},{"data":"Perfected Strike","floor":23,"key":"SMITH"}],"circlet_count":0,"master_deck":["AscendersBane","Strike_R+1","Strike_R","Strike_R","Strike_R+1","Defend_R","Defend_R","Defend_R","Defend_R","Bash","Uppercut+1","Perfected Strike+1","Perfected Strike+1","Metallicize","Flex+1","Uppercut","Perfected Strike","Limit Break","Clothesline","Clash"],"relics":["Burning Blood","Regal Pillow","Busted Crown","Nloth\u0027s Gift"],"acts_visited":["Exordium","TheCity"],"potions_floor_usage":[12,24],"damage_taken":[{"damage":9,"enemies":"Cultist","floor":1,"turns":5},{"damage":7,"enemies":"Small Slimes","floor":2,"turns":3},{"damage":0,"enemies":"2 Louse","floor":4,"turns":2},{"damage":40,"enemies":"Lagavulin","floor":8,"turns":6},{"damage":9,"enemies":"Red Slaver","floor":12,"turns":2},{"damage":12,"enemies":"2 Fungi Beasts","floor":13,"turns":2},{"damage":19,"enemies":"The Guardian","floor":16,"turns":10},{"damage":6,"enemies":"Spheric Guardian","floor":18,"turns":3},{"damage":12,"enemies":"Chosen","floor":20,"turns":3},{"damage":21,"enemies":"Snake Plant","floor":22,"turns":4},{"damage":27,"enemies":"Sentry and Sphere","floor":24,"turns":4},{"damage":24,"enemies":"Book of Stabbing","floor":25,"turns":3}],"seed_played":"-3942202975894221261","potions_obtained":[{"floor":8,"key":"DistilledChaos"},{"floor":12,"key":"FearPotion"},{"floor":13,"key":"SkillPotion"}],"is_trial":false,"path_per_floor":["M","M","?","M","$","R","?","E","T","R","?","M","M","?","R","B",null,"M","?","M","?","M","R","M","E"],"character_chosen":"IRONCLAD","items_purchased":["Metallicize","Flex"],"campfire_rested":1,"item_purchase_floors":[5,5],"current_hp_per_floor":[65,64,41,47,47,47,47,13,13,50,50,47,41,34,34,21,62,62,62,56,56,41,41,20,0,0],"gold":344,"neow_bonus":"THREE_CARDS","is_daily":false,"chose_seed":false,"campfire_upgraded":3,"win_rate":0.0,"timestamp":1613111149,"path_taken":["M","M","?","M","$","R","?","E","T","R","?","M","?","?","R","BOSS","M","?","M","?","M","R","?","E"],"items_purchased_type":["Card","Card"],"build_version":"2020-12-22","purchased_purges":0,"victory":false,"max_hp_per_floor":[75,75,75,75,75,75,75,75,75,75,75,75,75,75,75,75,75,75,75,75,75,75,75,75,75,75],"card_choices":[{"not_picked":["Metallicize","Disarm"],"picked":"Uppercut","floor":0},{"not_picked":["Body Slam","Seeing Red"],"picked":"Perfected Strike","floor":1},{"not_picked":["Disarm","Cleave"],"picked":"Perfected Strike","floor":2},{"not_picked":["Anger","Body Slam","Armaments"],"picked":"SKIP","floor":4},{"not_picked":["Impervious","Pummel"],"picked":"Uppercut","floor":8},{"not_picked":["Armaments","Headbutt","Clothesline"],"picked":"SKIP","floor":12},{"not_picked":["Uppercut","True Grit"],"picked":"Perfected Strike","floor":13},{"not_picked":["Fiend Fire","Bludgeon"],"picked":"Limit Break","floor":16},{"not_picked":["Armaments"],"picked":"SKIP","floor":18},{"not_picked":["Shrug It Off"],"picked":"SKIP","floor":20},{"not_picked":[],"picked":"Clothesline","floor":22},{"not_picked":[],"picked":"Clash","floor":24}],"player_experience":769590,"relics_obtained":[{"floor":8,"key":"CeramicFish"},{"floor":9,"key":"Regal Pillow"}],"event_choices":[{"damage_healed":0,"gold_gain":0,"player_choice":"Entered Light","damage_taken":23,"max_hp_gain":0,"max_hp_loss":0,"event_name":"Shining Light","floor":3,"gold_loss":0,"cards_upgraded":["Strike_R","Strike_R"]},{"damage_healed":0,"gold_gain":0,"player_choice":"Grow","damage_taken":0,"max_hp_gain":0,"max_hp_loss":0,"event_name":"Living Wall","floor":7,"gold_loss":0,"cards_upgraded":["Uppercut"]},{"cards_removed":["Strike_R"],"damage_healed":0,"gold_gain":0,"player_choice":"Purged","damage_taken":0,"max_hp_gain":0,"max_hp_loss":0,"event_name":"Purifier","floor":11,"gold_loss":0},{"damage_healed":0,"gold_gain":50,"player_choice":"Touch","damage_taken":7,"max_hp_gain":0,"max_hp_loss":0,"event_name":"FaceTrader","floor":14,"gold_loss":0},{"damage_healed":0,"gold_gain":50,"player_choice":"Stole From Cult","damage_taken":0,"max_hp_gain":0,"max_hp_loss":0,"event_name":"Nest","floor":19,"gold_loss":0},{"damage_healed":0,"gold_gain":0,"player_choice":"Traded Relic","damage_taken":0,"relics_obtained":["Nloth\u0027s Gift"],"max_hp_gain":0,"max_hp_loss":0,"event_name":"N\u0027loth","floor":21,"relics_lost":["CeramicFish"],"gold_loss":0}],"is_beta":false,"boss_relics":[{"not_picked":["Runic Cube","Astrolabe"],"picked":"Busted Crown"}],"items_purged_floors":[],"is_endless":false,"potions_floor_spawned":[8,12,13],"killed_by":"Book of Stabbing","ascension_level":15}}