{"host":"s24sb66hw4a4sfft","time":1613116163,"event":{"mods":["AchievementEnabler","BaseMod","Colored Map","Colored Powertips","Googly Eyes","Hermit","Hubris","Minty Spire (QoL Compilation)","Quick Restart","Shop Mod","StSLib"],"gold_per_floor":[117,117,128,128,128,128,159,159,211,41,78,78,91,128,128,228,228,259,289,29,29,29,29],"floor_reached":22,"language":"ENG","playtime":1059,"items_purged":[],"score":184,"play_id":"2ab897d8-7441-456c-bd3b-b633a432a927","local_time":"20210212024923","is_ascension_mode":false,"campfire_choices":[{"data":"hermit:FlashPowder","floor":6.0,"key":"SMITH"},{"floor":8.0,"key":"REST"},{"data":"hermit:Reprieve","floor":12.0,"key":"SMITH"},{"floor":15.0,"key":"REST"}],"circlet_count":0,"master_deck":["hermit:Strike_Hermit+1","hermit:Strike_Hermit","hermit:Strike_Hermit","hermit:Strike_Hermit","hermit:Defend_Hermit","hermit:Defend_Hermit","hermit:Defend_Hermit+1","hermit:Defend_Hermit+1","hermit:Snapshot+1","hermit:Covet","Transmutation+1","hermit:BigShot","Regret","hermit:FlashPowder+1","hermit:Coalescence","HandOfGreed","hermit:Reprieve+1","hermit:Headshot","hermit:Horror","hermit:DeadOrAlive","hermit:Snipe"],"relics":["hermit:Momento","hermit:RyeStalk","War Paint","hermit:BartenderGlass","Gremlin Horn"],"acts_visited":["Exordium","TheCity"],"potions_floor_usage":[22],"damage_taken":[{"damage":9.0,"enemies":"Jaw Worm","floor":1.0,"turns":4.0},{"damage":5.0,"enemies":"Small Slimes","floor":3.0,"turns":3.0},{"damage":13.0,"enemies":"Lagavulin","floor":7.0,"turns":7.0},{"damage":7.0,"enemies":"2 Louse","floor":11.0,"turns":4.0},{"damage":16.0,"enemies":"Large Slime","floor":13.0,"turns":5.0},{"damage":10.0,"enemies":"Exordium Thugs","floor":14.0,"turns":4.0},{"damage":15.0,"enemies":"Slime Boss","floor":16.0,"turns":8.0},{"damage":47.0,"enemies":"Chosen","floor":18.0,"turns":8.0},{"damage":30.0,"enemies":"2 Thieves","floor":19.0,"turns":3.0},{"damage":12,"enemies":"Centurion and Healer","floor":22,"turns":2}],"seed_played":"-8835537126297762943","potions_obtained":[{"floor":3.0,"key":"LiquidBronze"},{"floor":7.0,"key":"SpeedPotion"},{"floor":13.0,"key":"Explosive Potion"},{"floor":14.0,"key":"FairyPotion"},{"floor":19.0,"key":"Strength Potion"}],"is_trial":false,"path_per_floor":["M","?","M","?","?","R","E","R","T","$","M","R","M","M","R","B",null,"M","M","$","?","M"],"character_chosen":"HERMIT","items_purchased":["HandOfGreed","Gremlin Horn"],"campfire_rested":2,"item_purchase_floors":[10,20],"current_hp_per_floor":[59,59,54,40,40,40,27,47,47,47,40,40,24,18,38,27,68,21,20,20,20,12,12],"gold":29,"neow_bonus":"RANDOM_COLORLESS_2","is_daily":false,"chose_seed":false,"campfire_upgraded":2,"win_rate":0.0,"timestamp":1613116163,"path_taken":["M","?","M","?","?","R","E","R","T","$","M","R","M","M","R","BOSS","M","M","$","?","M"],"items_purchased_type":["Card","Relic"],"build_version":"2020-12-22","purchased_purges":0,"victory":false,"max_hp_per_floor":[68,68,68,68,68,68,68,68,68,68,68,68,68,68,68,68,68,68,68,68,68,68,68],"card_choices":[{"not_picked":["Chrysalis","Sadistic Nature"],"picked":"Transmutation","floor":0.0},{"not_picked":["hermit:Dive","hermit:Combo"],"picked":"hermit:BigShot","floor":1.0},{"not_picked":["hermit:LoneWolf","hermit:LowProfile"],"picked":"hermit:FlashPowder","floor":3.0},{"not_picked":["hermit:Headshot","hermit:TakeCover"],"picked":"hermit:Coalescence","floor":7.0},{"not_picked":["hermit:HighCaliber","hermit:WideOpen"],"picked":"hermit:Reprieve","floor":11.0},{"not_picked":["hermit:Virtue","hermit:HoleUp","hermit:Headshot"],"picked":"SKIP","floor":13.0},{"not_picked":["hermit:Virtue","hermit:HoleUp"],"picked":"hermit:Headshot","floor":13.0},{"not_picked":["hermit:Virtue","hermit:CalledShot"],"picked":"hermit:Horror","floor":14.0},{"not_picked":["hermit:Purgatory","hermit:Dissolve"],"picked":"hermit:DeadOrAlive","floor":16.0},{"not_picked":["hermit:HoleUp","hermit:CalledShot"],"picked":"hermit:Snipe","floor":18.0},{"not_picked":["hermit:CalledShot","hermit:Desperado","hermit:Maintenance"],"picked":"SKIP","floor":19.0}],"player_experience":628928,"relics_obtained":[{"floor":7.0,"key":"War Paint"}],"event_choices":[{"damage_healed":0.0,"max_hp_gain":0.0,"max_hp_loss":0.0,"gold_gain":0.0,"event_name":"Big Fish","player_choice":"Box","floor":2.0,"gold_loss":0.0,"damage_taken":0.0,"relics_obtained":["hermit:RyeStalk"],"cards_obtained":["Regret"]},{"damage_healed":0.0,"max_hp_gain":0.0,"max_hp_loss":0.0,"gold_gain":0.0,"event_name":"Shining Light","player_choice":"Entered Light","floor":4.0,"gold_loss":0.0,"damage_taken":14.0,"cards_upgraded":["hermit:Snapshot","hermit:Strike_Hermit"]},{"damage_healed":0,"gold_gain":0,"player_choice":"Ignored","damage_taken":0,"max_hp_gain":0,"max_hp_loss":0,"event_name":"Ghosts","floor":21,"gold_loss":0}],"is_beta":false,"boss_relics":[{"not_picked":["hubris:BlackHole","hubris:TerracottaHorce"],"picked":"hermit:BartenderGlass"}],"items_purged_floors":[],"is_endless":false,"potions_floor_spawned":[3,7,13,14,19],"killed_by":"Centurion and Healer","ascension_level":0}}