{"host":"pjgcdp3h1plnbocs","time":1613137062,"event":{"mods":["AchievementEnabler","BaseMod","Colored Map","Downfall","Highlight Path","Minty Spire (QoL Compilation)","StSLib"],"gold_per_floor":[119,6,6,6,21,21,38,56,56,56,56],"floor_reached":10,"language":"ENG","playtime":299,"items_purged":["Strike_G"],"score":93,"play_id":"ced244d5-b37f-4c83-ac90-cc63bed5c034","local_time":"20210212143742","is_ascension_mode":true,"campfire_choices":[{"data":"Well Laid Plans","floor":6,"key":"SMITH"}],"circlet_count":0,"master_deck":["AscendersBane","Strike_G","Strike_G","Strike_G","Strike_G","Defend_G","Defend_G","Defend_G","Defend_G","Survivor","Neutralize","Well Laid Plans+1","Leg Sweep","Regret","Distraction"],"relics":["Ring of the Snake","HornCleat","Peace Pipe"],"acts_visited":["Exordium"],"potions_floor_usage":[],"damage_taken":[{"damage":2,"enemies":"2 Louse","floor":1,"turns":4},{"damage":6,"enemies":"Cultist","floor":5,"turns":7},{"damage":10,"enemies":"Jaw Worm","floor":7,"turns":6},{"damage":6,"enemies":"Exordium Wildlife","floor":8,"turns":6},{"damage":0,"enemies":"3 Sentries","floor":10,"turns":1}],"seed_played":"-3897392118996437548","potions_obtained":[],"is_trial":false,"path_per_floor":["M","$","?","?","M","R","M","M","T","E"],"character_chosen":"THE_SILENT","items_purchased":["Leg Sweep"],"campfire_rested":0,"item_purchase_floors":[2],"current_hp_per_floor":[61,61,61,61,55,55,45,39,39,39,39],"gold":56,"neow_bonus":"REMOVE_CARD","is_daily":false,"chose_seed":false,"campfire_upgraded":1,"win_rate":0.0,"timestamp":1613137062,"path_taken":["M","$","?","?","M","R","M","M","T","E"],"items_purchased_type":["Card"],"build_version":"2020-12-22","purchased_purges":1,"victory":false,"max_hp_per_floor":[70,70,70,70,70,70,70,70,70,70,70],"card_choices":[{"not_picked":["PiercingWail","Acrobatics"],"picked":"Well Laid Plans","floor":1},{"not_picked":["Accuracy","Deflect","Dagger Throw"],"picked":"SKIP","floor":5},{"not_picked":["Backstab","Infinite Blades"],"picked":"Distraction","floor":7},{"not_picked":["Dodge and Roll","Predator","Dagger Throw"],"picked":"SKIP","floor":8}],"player_experience":237256,"relics_obtained":[{"floor":9,"key":"Peace Pipe"}],"event_choices":[{"damage_healed":0,"gold_gain":0,"player_choice":"Ignored","damage_taken":0,"max_hp_gain":0,"max_hp_loss":0,"event_name":"Liars Game","floor":3,"gold_loss":0},{"damage_healed":0,"gold_gain":0,"player_choice":"Box","damage_taken":0,"relics_obtained":["HornCleat"],"max_hp_gain":0,"max_hp_loss":0,"event_name":"Big Fish","floor":4,"gold_loss":0,"cards_obtained":["Regret"]}],"is_beta":false,"boss_relics":[],"items_purged_floors":[2],"is_endless":false,"potions_floor_spawned":[],"killed_by":"3 Sentries","ascension_level":12}}