{"host":"u21q392b5xaj11fl","time":1613135621,"event":{"mods":["2.2 Compatiblity","Bard","BaseMod","Better Note","Colored Map","Colored Powertips","Conspire","Custom Start","Downfall","Faster Ascension Climbing","GifTheSpireLib","Gremlin Skip","Highlight Path","Hubris","Infinite Spire","Mad Scientist","Marisa????????","Mimic Mod","Minty Spire (QoL Compilation)","Monster B Gone","Permanent Neow","Potionbrewer","Quick Restart","READ ME - Guardian Mod","Relic Sorter","Replay The Spire","Shop Mod","Somnambulant","StSLib","Stuff the Spire","SuperFastMode","The Construct","The Disciple","The Servant 0.9.4"],"gold_per_floor":[210,210,210,228,55,55,84,84,84,116,116,116,133,153,153,164,164,238,238,251,213,213,213,20,20,54,54,54,54,83,97,97,22,22,99,99,113,64,82,82,94,94,130,130,130,162,182,215,215,240,240,240,240,240,47,81,81,81,81],"floor_reached":57,"language":"ENG","playtime":8626,"items_purged":["bronze:Strike","bronze:WhirlingStrike"],"score":1567,"play_id":"702aa38b-1e9f-4fcd-995d-c98589db1c84","local_time":"20210212071341","is_ascension_mode":true,"campfire_choices":[{"data":"bronze:BugBarrage","floor":6.0,"key":"SMITH"},{"floor":8.0,"key":"REST"},{"floor":15.0,"key":"REST"},{"data":"bronze:Strike","floor":17.0,"key":"PURGE"},{"data":"bronze:Mutator","floor":25.0,"key":"SMITH"},{"floor":34.0,"key":"REST"},{"data":"bronze:BuggyMess","floor":42.0,"key":"SMITH"},{"floor":44.0,"key":"REST"},{"floor":49.0,"key":"RECALL"},{"floor":51.0,"key":"DIG"},{"data":"ReplayTheSpireMod:Haul","floor":54.0,"key":"SMITH"}],"circlet_count":0,"master_deck":["AscendersBane","bronze:Defend","bronze:Defend","bronze:Defend","bronze:Defend","bronze:Replicate","bronze:Goto","bronze:BugBarrage+1","bronze:MaxOutput","bronze:ItsAFeature","bronze:Branch","bronze:DelayedGuard","bronze:FineTuning","bronze:Refactor","bronze:Mutator+1","bronze:OilSpill","bronze:Format","bronze:MaxOutput","bronze:Allocate","potionbrewer:ChainReaction","bronze:BuggyMess+1","bronze:BuggyMess+1","bronze:Deprecate+1","ReplayTheSpireMod:Haul+1","bronze:Library","Finesse","bronze:CutThrough+1","bronze:OilSpill","bronze:Shell","bronze:FineTuning","bronze:Shell","bronze:FineTuning+1","bronze:AlphaBuild","bronze:ItsAFeature+1"],"relics":["StuffTheSpire:OccultApparatus","ReplayTheSpireMod:Shallot","InkBottle","Iron Hammer","MerchantsRug","Vajra","Pantograph","hubris:Metronome","StuffTheSpire:GrapeVine","StuffTheSpire:CocoNut","Slimebound:StickyStick","Incense Burner","Akabeko","Guardian:BottledAnomaly","Replay:Wax Seal"],"acts_visited":["Exordium","TheCity","TheBeyond","TheEnding"],"potions_floor_usage":[56,57],"damage_taken":[{"damage":14.0,"enemies":"2 Louse","floor":1.0,"turns":4.0},{"damage":7.0,"enemies":"Jaw Worm","floor":4.0,"turns":3.0},{"damage":19.0,"enemies":"3 Sentries","floor":7.0,"turns":10.0},{"damage":8.0,"enemies":"Gremlin Nob","floor":10.0,"turns":4.0},{"damage":0.0,"enemies":"Cultist","floor":13.0,"turns":3.0},{"damage":11.0,"enemies":"3 Louse","floor":14.0,"turns":4.0},{"damage":0.0,"enemies":"Exordium Wildlife","floor":16.0,"turns":3.0},{"damage":0.0,"enemies":"Hexaghost","floor":18.0,"turns":8.0},{"damage":0.0,"enemies":"3 Byrds","floor":20.0,"turns":4.0},{"damage":6.0,"enemies":"Book of Stabbing","floor":26.0,"turns":3.0},{"damage":6.0,"enemies":"Gremlin Leader","floor":30.0,"turns":6.0},{"damage":5.0,"enemies":"Shell Parasite","floor":31.0,"turns":4.0},{"damage":0.0,"enemies":"Champ","floor":35.0,"turns":5.0},{"damage":32.0,"enemies":"3 Darklings","floor":37.0,"turns":5.0},{"damage":0.0,"enemies":"Orb Walker","floor":39.0,"turns":2.0},{"damage":4.0,"enemies":"3 Darklings","floor":41.0,"turns":7.0},{"damage":7.0,"enemies":"Nemesis","floor":43.0,"turns":7.0},{"damage":0.0,"enemies":"Giant Head","floor":46.0,"turns":6.0},{"damage":22.0,"enemies":"Spire Growth","floor":47.0,"turns":4.0},{"damage":2.0,"enemies":"R_Hoarder","floor":48.0,"turns":5.0},{"damage":0.0,"enemies":"Mind Bloom Boss Battle","floor":50.0,"turns":6.0},{"damage":50.0,"enemies":"Awakened One","floor":52.0,"turns":9.0},{"damage":20,"enemies":"Shield and Spear","floor":56,"turns":7},{"damage":103,"enemies":"The Heart","floor":57,"turns":3}],"seed_played":"-4040196961846313219","potions_obtained":[{"floor":10.0,"key":"ColorlessPotion"},{"floor":13.0,"key":"Venom Potion"},{"floor":14.0,"key":"Reflective Coating"},{"floor":26.0,"key":"EntropicBrew"},{"floor":31.0,"key":"Strength Potion"},{"floor":35.0,"key":"SpeedPotion"},{"floor":39.0,"key":"sneckomod:MuddlingPotion"},{"floor":41.0,"key":"DistilledChaos"},{"floor":46.0,"key":"champ:CounterPotion"},{"floor":56,"key":"potionbrewer:NoxiousPotion"}],"is_trial":false,"path_per_floor":["M","?","?","M","$","R","E","R","T","E","PTL","PTL","M","M","R","M","R_BF","B",null,"M","$","?","?","$","R","E","?","T","?","E","M","AVR","?","R","B",null,"M","$","M","?","M","R","E","R","T","E","M","E","R","?","R","B",null,"R","$","E","B"],"character_chosen":"THE_AUTOMATON","items_purchased":["bronze:ItsAFeature","bronze:Branch","bronze:DelayedGuard","MerchantsRug","bronze:Allocate","bronze:BuggyMess","Vajra","Membership Card","StuffTheSpire:GrapeVine","Finesse","Incense Burner","Akabeko","Guardian:BottledAnomaly","Languid Potion"],"campfire_rested":4,"item_purchase_floors":[5,5,5,21,21,24,24,38,38,38,55,55,55,55],"current_hp_per_floor":[43,43,36,29,29,29,10,28,28,20,20,20,20,9,27,27,27,27,54,54,54,54,43,43,43,37,37,37,37,31,26,26,26,46,68,68,36,36,36,36,32,32,25,45,45,52,30,28,28,53,53,25,63,63,75,55,0,0,0],"gold":81,"neow_bonus":"HUNDRED_GOLD","is_daily":false,"chose_seed":false,"campfire_upgraded":4,"win_rate":0.0,"timestamp":1613135621,"path_taken":["M","?","?","M","$","R","E","R","T","E","PTL","PTL","M","M","R","M","R_BF","BOSS","M","$","?","?","?","R","E","?","T","?","E","?","AVR","?","R","BOSS","M","$","M","?","?","R","E","R","T","E","M","E","R","?","R","BOSS","R","$","E","BOSS"],"items_purchased_type":["Card","Card","Card","Relic","Card","Card","Relic","Relic","Relic","Card","Relic","Relic","Relic","Potion"],"build_version":"2020-12-22","purchased_purges":2,"victory":false,"max_hp_per_floor":[63,63,63,63,63,63,63,63,63,63,63,63,63,63,63,63,63,63,63,63,63,63,68,68,68,68,68,68,68,68,68,68,68,68,68,68,68,68,68,68,68,68,68,68,68,75,75,75,75,75,75,75,75,75,75,75,75,75,75],"card_choices":[{"not_picked":["bronze:WildBeam","bronze:BitShift"],"picked":"bronze:BugBarrage","floor":1.0},{"not_picked":["bronze:Separator","bronze:InfiniteBeams"],"picked":"bronze:MaxOutput","floor":4.0},{"not_picked":["bronze:Fortify","bronze:DelayedSlice"],"picked":"bronze:FineTuning","floor":7.0},{"not_picked":["bronze:BronzeArmor","bronze:WildBeam"],"picked":"bronze:Refactor","floor":10.0},{"not_picked":["bronze:BuggyMess","bronze:DelayedSlice"],"picked":"bronze:WhirlingStrike","floor":13.0},{"not_picked":["bronze:Invalidate","bronze:DelayedSlice"],"picked":"bronze:Mutator","floor":14.0},{"not_picked":["bronze:BronzeOrb","bronze:DelayedGuard"],"picked":"bronze:OilSpill","floor":16.0},{"not_picked":["bronze:CleanCode","bronze:RecursiveStrike"],"picked":"bronze:Format","floor":18.0},{"not_picked":["bronze:Branch+1","bronze:BitShift"],"picked":"bronze:MaxOutput","floor":20.0},{"not_picked":["bronze:WhirlingStrike","bronze:Overheat","bronze:Branch"],"picked":"SKIP","floor":26.0},{"not_picked":["bronze:DelayedGuard","bronze:HyperBeam","bronze:Turbo"],"picked":"SKIP","floor":30.0},{"not_picked":["bronze:Shield","bronze:Iterate"],"picked":"bronze:Deprecate+1","floor":31.0},{"not_picked":["bronze:HyperBeam","bronze:InfiniteLoop"],"picked":"bronze:Library","floor":35.0},{"not_picked":["bronze:ChildClass","bronze:WildBeam","bronze:ForLoop"],"picked":"SKIP","floor":37.0},{"not_picked":["bronze:Frontload","bronze:DelayedGuard"],"picked":"bronze:CutThrough+1","floor":39.0},{"not_picked":["bronze:CutThrough","bronze:DarkDash"],"picked":"bronze:OilSpill","floor":41.0},{"not_picked":["bronze:Separator","bronze:Shield"],"picked":"bronze:Shell","floor":43.0},{"not_picked":["bronze:Constructor","bronze:Fortify"],"picked":"bronze:FineTuning","floor":46.0},{"not_picked":["bronze:WildBeam","bronze:CutThrough"],"picked":"bronze:Shell","floor":47.0},{"not_picked":["bronze:Invalidate","bronze:Shell+1"],"picked":"bronze:FineTuning+1","floor":48.0},{"not_picked":["bronze:WildBeam","bronze:Constructor"],"picked":"bronze:AlphaBuild","floor":50.0},{"not_picked":["bronze:InfiniteBeams","bronze:FineTuning+1"],"picked":"bronze:ItsAFeature+1","floor":56}],"player_experience":265893,"relics_obtained":[{"floor":7.0,"key":"ReplayTheSpireMod:Shallot"},{"floor":9.0,"key":"InkBottle"},{"floor":10.0,"key":"Iron Hammer"},{"floor":26.0,"key":"Pantograph"},{"floor":28.0,"key":"hubris:Metronome"},{"floor":30.0,"key":"hubris:TenFootPole"},{"floor":43.0,"key":"Blue Doll"},{"floor":46.0,"key":"StuffTheSpire:CocoNut"},{"floor":48.0,"key":"MealTicket"},{"floor":50.0,"key":"Replay:Multitool"},{"floor":51.0,"key":"Slimebound:StickyStick"},{"floor":56,"key":"Replay:Wax Seal"}],"event_choices":[{"cards_removed":["bronze:Strike"],"damage_healed":0.0,"max_hp_gain":0.0,"max_hp_loss":0.0,"gold_gain":0.0,"event_name":"Golden Wing","player_choice":"Card Removal","floor":3.0,"gold_loss":0.0,"damage_taken":7.0},{"cards_removed":["bronze:Mutator"],"damage_healed":0.0,"max_hp_gain":0.0,"max_hp_loss":0.0,"gold_gain":0.0,"event_name":"betterNote:BetterNote","player_choice":"Take \u0026 Give","floor":22.0,"gold_loss":0.0,"damage_taken":0.0,"cards_obtained":["potionbrewer:ChainReaction"]},{"damage_healed":0.0,"max_hp_gain":5.0,"max_hp_loss":0.0,"gold_gain":0.0,"event_name":"Forgotten Altar","player_choice":"Shed Blood","floor":23.0,"gold_loss":0.0,"damage_taken":16.0},{"damage_healed":0.0,"max_hp_gain":0.0,"max_hp_loss":0.0,"gold_gain":0.0,"event_name":"The Woman in Blue","player_choice":"Bought 0 Potions","floor":29.0,"gold_loss":0.0,"damage_taken":0.0},{"cards_removed":["bronze:Strike"],"damage_healed":0.0,"max_hp_gain":0.0,"max_hp_loss":0.0,"gold_gain":0.0,"event_name":"Beggar","player_choice":"Gave Gold","floor":33.0,"gold_loss":75.0,"damage_taken":0.0},{"damage_healed":0.0,"max_hp_gain":0.0,"max_hp_loss":0.0,"gold_gain":0.0,"event_name":"Upgrade Shrine","player_choice":"Upgraded","floor":40.0,"gold_loss":0.0,"damage_taken":0.0,"cards_upgraded":["bronze:BuggyMess"]},{"damage_healed":0.0,"max_hp_gain":0.0,"max_hp_loss":0.0,"gold_gain":0.0,"event_name":"MindBloom","player_choice":"Fight","floor":50.0,"gold_loss":0.0,"damage_taken":0.0}],"is_beta":false,"boss_relics":[{"not_picked":["StuffTheSpire:RunicConfusion","hubris:ScarierMask"],"picked":"hubris:HollowSoul"},{"not_picked":["StuffTheSpire:RunicHypercube","Velvet Choker"],"picked":"Philosopher\u0027s Stone"}],"items_purged_floors":[32,55],"is_endless":false,"potions_floor_spawned":[10,13,14,18,26,31,35,39,41,46,56],"killed_by":"The Heart","ascension_level":14}}