{"host":"wyloba13dxa5qu9d","time":1613148554,"event":{"mods":["100% Spire Juice","AchievementEnabler","BaseMod","Bestiary","Colored Map","Colored Powertips","Curses Come First","Downfall","Lobotomy","Marked Mod","Minty Spire (QoL Compilation)","Quick Restart","Reliquary","StSLib","SuperFastMode"],"gold_per_floor":[117,117,130,150,150,150,185,207,207,97,97,77,77,104,104,203,83,99,114,114,129,129,129,9,9,9],"floor_reached":25,"language":"ZHS","playtime":1054,"items_purged":[],"score":226,"play_id":"1e40fa7b-214e-4940-8abc-083145bfe550","local_time":"20210213004914","is_ascension_mode":false,"campfire_choices":[{"data":"Moonworks:Ambush","floor":6.0,"key":"SMITH"},{"data":"Moonworks:ScrambledEve","floor":11,"key":"SMITH"},{"data":"Moonworks:LulusLuckyEgg","floor":13,"key":"SMITH"},{"floor":15,"key":"REST"},{"floor":23,"key":"REST"}],"circlet_count":0,"master_deck":["Moonworks:Strike","Moonworks:Strike","Moonworks:Strike","Moonworks:Strike","Moonworks:Defend","Moonworks:Defend","Moonworks:Defend","Moonworks:Defend","Moonworks:Ambush+1","Moonworks:LongDistanceShot","Moonworks:LulusLuckyEgg+1","Moonworks:MiracleRedBeanIceCream","Moonworks:CrystalBarrier","Moonworks:CloudOfSeagulls","Moonworks:ScrambledEve+1","Moonworks:NicePresent","Moonworks:MiracleRedBeanIceCream","Moonworks:AccelHyper","Moonworks:CloudOfSeagulls","Necronomicurse","Moonworks:SakisCookie"],"relics":["Moonworks:BrokenBomb","Moonworks:Homemark","NeowsBlessing","Blue Candle","Bottled Lightning","Odd Mushroom","Mango","Dream Catcher","reliquary:Ember","Necronomicon","Art of War"],"acts_visited":["Exordium","TheCity"],"potions_floor_usage":[],"damage_taken":[{"damage":0.0,"enemies":"Cultist","floor":1.0,"turns":1.0},{"damage":0.0,"enemies":"2 Louse","floor":3.0,"turns":1.0},{"damage":0.0,"enemies":"Small Slimes","floor":4.0,"turns":2.0},{"damage":31,"enemies":"Lagavulin","floor":7,"turns":5},{"damage":33,"enemies":"The Mushroom Lair","floor":8,"turns":5},{"damage":4,"enemies":"Blue Slaver","floor":10,"turns":4},{"damage":4,"enemies":"Exordium Thugs","floor":12,"turns":4},{"damage":10,"enemies":"The Guardian","floor":16,"turns":14},{"damage":7,"enemies":"Shell Parasite","floor":18,"turns":5},{"damage":24,"enemies":"2 Thieves","floor":19,"turns":5},{"damage":58,"enemies":"Sentry and Sphere","floor":21,"turns":7},{"damage":40,"enemies":"Cultist and Chosen","floor":25,"turns":6}],"seed_played":"-1919818688145268263","potions_obtained":[{"floor":3.0,"key":"champ:CounterPotion"},{"floor":4.0,"key":"FairyPotion"},{"floor":8,"key":"Energy Potion"},{"floor":18,"key":"CultistPotion"}],"is_trial":false,"path_per_floor":["M","$","M","M","?","R","E","?","T","M","R","M","R","T","R","B",null,"M","M","?","M","?","R","?","M"],"character_chosen":"THE_STARBREAKER","items_purchased":[],"campfire_rested":2,"item_purchase_floors":[],"current_hp_per_floor":[60,60,60,60,55,55,29,1,15,16,16,17,17,17,39,39,74,72,58,42,19,5,28,28,0,0],"gold":9,"neow_bonus":"THREE_ENEMY_KILL","is_daily":false,"chose_seed":false,"campfire_upgraded":3,"win_rate":0.0,"timestamp":1613148554,"path_taken":["M","$","?","M","?","R","E","?","T","M","R","M","R","?","R","BOSS","M","M","?","M","?","R","?","M"],"items_purchased_type":[],"build_version":"2020-12-22","purchased_purges":0,"victory":false,"max_hp_per_floor":[60,60,60,60,60,60,60,60,74,74,74,74,74,74,74,74,74,74,74,74,74,79,79,79,79,79],"card_choices":[{"not_picked":["Moonworks:IndiscriminateFireSupport","Moonworks:Flamethrower"],"picked":"Moonworks:BigMagnum","floor":1.0},{"not_picked":["Moonworks:CloudOfSeagulls","Moonworks:DeployBits"],"picked":"Moonworks:LulusLuckyEgg","floor":3.0},{"not_picked":["Moonworks:LulusLuckyEgg","Moonworks:EvilSpyWorkPreparation"],"picked":"Moonworks:MiracleRedBeanIceCream","floor":4.0},{"not_picked":["Moonworks:RedAndBlue","Moonworks:FullSpeedAlicianrone"],"picked":"Moonworks:CrystalBarrier","floor":7},{"not_picked":["Moonworks:ImOnFire","Moonworks:SelfDestruct"],"picked":"Moonworks:CloudOfSeagulls","floor":8},{"not_picked":["Moonworks:EvilSpyWorkPreparation","Moonworks:ImOnFire"],"picked":"Moonworks:ScrambledEve","floor":10},{"not_picked":["Moonworks:ImmovableObject","Moonworks:MiracleRedBeanIceCream"],"picked":"Moonworks:NicePresent","floor":12},{"not_picked":["Moonworks:DeployBits","Moonworks:Dash"],"picked":"Moonworks:MiracleRedBeanIceCream","floor":15},{"not_picked":["Moonworks:MeltingMemories","Moonworks:FinalBattle"],"picked":"Moonworks:AccelHyper","floor":16},{"not_picked":["Moonworks:BigMagnum","Moonworks:SelfDestruct","Moonworks:CastOff"],"picked":"SKIP","floor":18},{"not_picked":["Moonworks:EvilSpyWorkPreparation","Moonworks:LulusLuckyEgg"],"picked":"Moonworks:CloudOfSeagulls","floor":19},{"not_picked":["Moonworks:Flamethrower","Moonworks:DeployBits+1","Moonworks:EvilSpyWorkPreparation"],"picked":"SKIP","floor":21},{"not_picked":["Moonworks:IndiscriminateFireSupport+1","Moonworks:NicePresent+1"],"picked":"Moonworks:SakisCookie","floor":23}],"player_experience":151497,"relics_obtained":[{"floor":7,"key":"Bottled Lightning"},{"floor":8,"key":"Odd Mushroom"},{"floor":9,"key":"Mango"},{"floor":14,"key":"Dream Catcher"},{"floor":20,"key":"Necronomicon"}],"event_choices":[{"damage_healed":0,"gold_gain":0,"player_choice":"Fought Mushrooms","damage_taken":0,"max_hp_gain":0,"max_hp_loss":0,"event_name":"Mushrooms","floor":8,"gold_loss":0},{"damage_healed":0,"gold_gain":0,"player_choice":"Obtained Book","damage_taken":16,"max_hp_gain":0,"max_hp_loss":0,"event_name":"Cursed Tome","floor":20,"gold_loss":0},{"damage_healed":0,"gold_gain":0,"player_choice":"Shed Blood","damage_taken":19,"max_hp_gain":5,"max_hp_loss":0,"event_name":"Forgotten Altar","floor":22,"gold_loss":0},{"cards_removed":["Moonworks:BigMagnum"],"damage_healed":0,"gold_gain":0,"player_choice":"Gave Card","damage_taken":0,"relics_obtained":["Art of War"],"max_hp_gain":0,"max_hp_loss":0,"event_name":"WeMeetAgain","floor":24,"gold_loss":0}],"is_beta":false,"boss_relics":[{"not_picked":["Ectoplasm","Philosopher\u0027s Stone"],"picked":"reliquary:Ember"}],"items_purged_floors":[],"is_endless":false,"potions_floor_spawned":[3,4,8,10,16,18,19],"killed_by":"Cultist and Chosen","ascension_level":0}}