{"host":"k7udt7atmcuzf6l0","time":1613096085,"event":{"mods":["AchievementEnabler","BaseMod","BetterRewards","Colored Map","Colored Powertips","Highlight Path","Minty Spire (QoL Compilation)","Quick Restart","Rare Cards Sparkle","Relic Stats","StSLib","UnlockEverythingMod"],"gold_per_floor":[117,117,19,86,195,230,230,9,9,9,59,59,74,299,299,397,447,465,481,496,71,121,121,140,167,167,179,229,229,254,304,304,304,304],"floor_reached":33,"language":"ZHS","playtime":789,"items_purged":["Doubt"],"score":331,"play_id":"1e16eeec-4012-4e8b-ae08-66c8b4719a51","local_time":"20210212101445","is_ascension_mode":false,"campfire_choices":[{"data":"Armaments","floor":7.0,"key":"SMITH"},{"data":"Spot Weakness","floor":10.0,"key":"SMITH"},{"data":"Inflame","floor":12.0,"key":"SMITH"},{"data":"Anger","floor":15.0,"key":"SMITH"},{"data":"Flex","floor":23,"key":"SMITH"},{"floor":29,"key":"REST"},{"data":"Shockwave","floor":32,"key":"SMITH"}],"circlet_count":0,"master_deck":["Strike_R","Strike_R","Strike_R","Strike_R","Strike_R","Defend_R","Defend_R","Defend_R+1","Defend_R","Bash","Anger+1","Spot Weakness+1","Armaments+1","Clash","Inflame+1","Havoc","Offering","Havoc+1","Flex+1","Double Tap","Sword Boomerang+1","Flex+1","Discovery","Pummel","Shockwave+1","Infernal Blade","Iron Wave+1","Berserk+1","Writhe"],"relics":["Burning Blood","NeowsBlessing","SsserpentHead","InkBottle","Membership Card","Dream Catcher","Bottled Lightning","Tiny House","Bottled Tornado","Orrery","Mercury Hourglass","Enchiridion","Akabeko","Prayer Wheel","Frozen Egg 2","Pantograph"],"acts_visited":["Exordium","TheCity"],"potions_floor_usage":[18,20,24,25,27,30],"damage_taken":[{"damage":0.0,"enemies":"Small Slimes","floor":1.0,"turns":1.0},{"damage":0.0,"enemies":"Cultist","floor":4.0,"turns":1.0},{"damage":0.0,"enemies":"Lagavulin","floor":6.0,"turns":1.0},{"damage":1.0,"enemies":"Jaw Worm","floor":13.0,"turns":2.0},{"damage":42.0,"enemies":"Hexaghost","floor":16.0,"turns":7.0},{"damage":18,"enemies":"Shell Parasite","floor":18,"turns":5},{"damage":21,"enemies":"3 Byrds","floor":19,"turns":6},{"damage":7,"enemies":"Centurion and Healer","floor":20,"turns":4},{"damage":16,"enemies":"Cultist and Chosen","floor":24,"turns":3},{"damage":24,"enemies":"Gremlin Leader","floor":25,"turns":3},{"damage":0,"enemies":"Snecko","floor":27,"turns":2},{"damage":6,"enemies":"Slavers","floor":30,"turns":1},{"damage":97,"enemies":"Automaton","floor":33,"turns":6}],"seed_played":"-3893585593281127422","potions_obtained":[{"floor":13.0,"key":"FearPotion"},{"floor":16.0,"key":"BlessingOfTheForge"},{"floor":17,"key":"SteroidPotion"},{"floor":24,"key":"PowerPotion"},{"floor":25,"key":"AttackPotion"},{"floor":27,"key":"EssenceOfSteel"}],"is_trial":false,"path_per_floor":["M","?","$","M","?","E","R","$","T","R","?","R","M","?","R","B",null,"M","M","M","$","?","R","M","E","T","M","?","R","E","?","R","B"],"character_chosen":"IRONCLAD","items_purchased":["Spot Weakness","Armaments","Membership Card","Dream Catcher","Bottled Tornado","Orrery","Mercury Hourglass","SteroidPotion","Discovery"],"campfire_rested":1,"item_purchase_floors":[3,3,8,8,21,21,21,21,21],"current_hp_per_floor":[80,80,80,80,80,80,80,80,80,80,85,85,85,85,85,49,90,78,63,62,62,46,46,36,18,18,24,24,51,51,51,51,0,0],"gold":304,"neow_bonus":"THREE_ENEMY_KILL","is_daily":false,"chose_seed":false,"campfire_upgraded":6,"win_rate":0.0,"timestamp":1613096085,"path_taken":["M","?","$","?","?","E","R","$","T","R","?","R","M","?","R","BOSS","M","M","M","$","?","R","M","E","T","M","?","R","E","?","R","BOSS"],"items_purchased_type":["Card","Card","Relic","Relic","Relic","Relic","Relic","Potion","Card"],"build_version":"2020-12-22","purchased_purges":1,"victory":false,"max_hp_per_floor":[80,80,80,80,80,80,80,80,80,80,85,85,85,85,85,85,90,90,90,90,90,90,90,90,90,90,90,90,90,90,90,90,90,90],"relic_stats":{"SsserpentHead":350,"Dream Catcher":1,"counters":[13,42],"Pantograph":25,"Prayer Wheel":1,"obtain_stats":[{"Tiny House":17,"NeowsBlessing":0,"Enchiridion":22,"Bottled Tornado":21,"Frozen Egg 2":30,"Burning Blood":0,"Akabeko":25,"Mercury Hourglass":21,"SsserpentHead":2,"Dream Catcher":8,"Pantograph":31,"Orrery":21,"Prayer Wheel":26,"Membership Card":8,"Bottled Lightning":9,"InkBottle":6},{"Tiny House":5,"NeowsBlessing":0,"Enchiridion":8,"Bottled Tornado":8,"Frozen Egg 2":12,"Burning Blood":0,"Akabeko":10,"Mercury Hourglass":8,"SsserpentHead":1,"Dream Catcher":3,"Pantograph":12,"Orrery":8,"Prayer Wheel":10,"Membership Card":3,"Bottled Lightning":3,"InkBottle":3},{"Tiny House":12,"NeowsBlessing":0,"Enchiridion":27,"Bottled Tornado":27,"Frozen Egg 2":36,"Burning Blood":0,"Akabeko":33,"Mercury Hourglass":27,"SsserpentHead":1,"Dream Catcher":3,"Pantograph":36,"Orrery":27,"Prayer Wheel":33,"Membership Card":3,"Bottled Lightning":3,"InkBottle":3}],"Burning Blood":49,"InkBottle":[17],"Mercury Hourglass":[88]},"card_choices":[{"not_picked":["Clothesline","Feel No Pain"],"picked":"Anger","floor":1.0},{"not_picked":["Body Slam","Twin Strike"],"picked":"Clash","floor":4.0},{"not_picked":["Clash","Hemokinesis"],"picked":"Inflame","floor":6.0},{"not_picked":["Clothesline","Iron Wave"],"picked":"Havoc","floor":13.0},{"not_picked":["Corruption","Barricade"],"picked":"Offering","floor":16.0},{"not_picked":["Heavy Blade","Wild Strike+1","Disarm"],"picked":"SKIP","floor":18},{"not_picked":["Wild Strike","Inflame","Anger"],"picked":"SKIP","floor":19},{"not_picked":["Searing Blow","Metallicize"],"picked":"Havoc+1","floor":20},{"not_picked":["Anger+1","Dropkick"],"picked":"Flex+1","floor":21},{"not_picked":["Sword Boomerang","Twin Strike"],"picked":"Double Tap","floor":21},{"not_picked":["Flex","Perfected Strike"],"picked":"Sword Boomerang+1","floor":21},{"not_picked":["Inflame","Evolve"],"picked":"Flex","floor":21},{"not_picked":["Clothesline","Flame Barrier"],"picked":"Pummel","floor":24},{"not_picked":["Evolve","Pommel Strike+1"],"picked":"Shockwave","floor":25},{"not_picked":["Inflame","Twin Strike"],"picked":"Infernal Blade","floor":27},{"not_picked":["Heavy Blade","Bludgeon"],"picked":"Iron Wave+1","floor":27},{"not_picked":["Headbutt+1","True Grit"],"picked":"Berserk+1","floor":30}],"player_experience":102559,"relics_obtained":[{"floor":6.0,"key":"InkBottle"},{"floor":9.0,"key":"Bottled Lightning"},{"floor":22,"key":"Enchiridion"},{"floor":25,"key":"Akabeko"},{"floor":26,"key":"Prayer Wheel"},{"floor":30,"key":"Frozen Egg 2"}],"event_choices":[{"damage_healed":0.0,"max_hp_gain":0.0,"max_hp_loss":0.0,"gold_gain":0.0,"event_name":"FaceTrader","player_choice":"Trade","floor":2.0,"gold_loss":0.0,"damage_taken":0.0,"relics_obtained":["SsserpentHead"]},{"damage_healed":0.0,"max_hp_gain":0.0,"max_hp_loss":0.0,"gold_gain":59.0,"event_name":"Golden Wing","player_choice":"Gained Gold","floor":5.0,"gold_loss":0.0,"damage_taken":0.0},{"damage_healed":0.0,"max_hp_gain":5.0,"max_hp_loss":0.0,"gold_gain":0.0,"event_name":"Big Fish","player_choice":"Donut","floor":11.0,"gold_loss":0.0,"damage_taken":0.0},{"damage_healed":0.0,"max_hp_gain":0.0,"max_hp_loss":0.0,"gold_gain":175.0,"event_name":"Liars Game","player_choice":"AGREE","floor":14.0,"gold_loss":0.0,"damage_taken":0.0,"cards_obtained":["Doubt"]},{"damage_healed":0,"gold_gain":0,"player_choice":"Obtained Book","damage_taken":16,"max_hp_gain":0,"max_hp_loss":0,"event_name":"Cursed Tome","floor":22,"gold_loss":0},{"damage_healed":0,"gold_gain":0,"player_choice":"Ignored","damage_taken":0,"max_hp_gain":0,"max_hp_loss":0,"event_name":"Ghosts","floor":28,"gold_loss":0},{"damage_healed":0,"gold_gain":0,"player_choice":"Opened","damage_taken":0,"relics_obtained":["Pantograph"],"max_hp_gain":0,"max_hp_loss":0,"event_name":"The Mausoleum","floor":31,"gold_loss":0,"cards_obtained":["Writhe"]}],"is_beta":false,"boss_relics":[{"not_picked":["Pandora\u0027s Box","Cursed Key"],"picked":"Tiny House"}],"items_purged_floors":[21],"is_endless":false,"potions_floor_spawned":[13,16,24,25,27],"killed_by":"Automaton","ascension_level":0}}