{"host":"el5kvct9xewg63ey","time":1613168778,"event":{"mods":["AchievementEnabler","Act Like it!","BaseMod","Block Reminder","Colored Map","Colored Powertips","Googly Eyes","Minty Spire (QoL Compilation)","Quick Restart","Rare Cards Sparkle","Relic Stats","StSLib","everything is the same but u backflip on backflip"],"gold_per_floor":[109,121,131,150,167,167,198,212,212,229,247,54,54,65,65,162,162,179,179,206,221,235,235,263,275,341,353,384,396,438,450,462,571,583,609,971,983,476,476,507,507,538,538,538,413,413,440,36,36,36,36,36,36,69,69,69],"floor_reached":55,"language":"ENG","playtime":2285,"items_purged":["Strike_R","Strike_R","Anger"],"score":979,"play_id":"c93b1d99-d54f-47ab-9e1a-702be56ea9b6","local_time":"20210212172618","is_ascension_mode":true,"campfire_choices":[{"data":"Fiend Fire","floor":6.0,"key":"SMITH"},{"data":"Wild Strike","floor":13.0,"key":"SMITH"},{"data":"Heavy Blade","floor":15.0,"key":"SMITH"},{"data":"Limit Break","floor":23.0,"key":"SMITH"},{"data":"Shrug It Off","floor":25.0,"key":"SMITH"},{"data":"True Grit","floor":27.0,"key":"SMITH"},{"floor":29.0,"key":"REST"},{"data":"Impervious","floor":32.0,"key":"SMITH"},{"floor":41,"key":"REST"},{"floor":44,"key":"REST"},{"floor":49,"key":"RECALL"},{"data":"Double Tap","floor":52,"key":"SMITH"}],"circlet_count":0,"master_deck":["Defend_R","Defend_R","Defend_R","Bash","Deep Breath","Inflame","Clothesline","Fiend Fire+1","Pommel Strike","Shockwave","Offering","Wild Strike+1","Impervious+1","True Grit+1","Dropkick","Heavy Blade+1","Limit Break+1","Heavy Blade","Shrug It Off+1","Flex+1","Dark Embrace+1","Exhume","Sentinel+1","Sword Boomerang+1","Rage+1","Second Wind+1","Double Tap+1","Power Through+1","Shrug It Off+1","Master of Strategy","Heavy Blade+1","Shrug It Off+1","Flame Barrier"],"relics":["Burning Blood","Kunai","Matryoshka","Philosopher\u0027s Stone","Enchiridion","Red Mask","MawBank","Paper Frog","WingedGreaves","MutagenicStrength","Astrolabe","Old Coin","Orrery","Self Forming Clay","Ancient Tea Set","HornCleat","Lantern","Eternal Feather","Orichalcum","Bag of Marbles","Lee\u0027s Waffle","Bottled Tornado"],"acts_visited":["Exordium","TheCity","TheBeyond","TheEnding"],"potions_floor_usage":[40,40,42,50,50],"damage_taken":[{"damage":6.0,"enemies":"Cultist","floor":1.0,"turns":3.0},{"damage":7.0,"enemies":"Jaw Worm","floor":2.0,"turns":3.0},{"damage":1.0,"enemies":"Small Slimes","floor":3.0,"turns":3.0},{"damage":7.0,"enemies":"3 Louse","floor":4.0,"turns":4.0},{"damage":3.0,"enemies":"Looter","floor":5.0,"turns":2.0},{"damage":35.0,"enemies":"3 Sentries","floor":7.0,"turns":7.0},{"damage":19.0,"enemies":"Large Slime","floor":8.0,"turns":6.0},{"damage":19.0,"enemies":"Exordium Thugs","floor":10.0,"turns":3.0},{"damage":1.0,"enemies":"Blue Slaver","floor":11.0,"turns":2.0},{"damage":15.0,"enemies":"Exordium Wildlife","floor":14.0,"turns":3.0},{"damage":19.0,"enemies":"Slime Boss","floor":16.0,"turns":8.0},{"damage":0.0,"enemies":"Chosen","floor":18.0,"turns":4.0},{"damage":16.0,"enemies":"Masked Bandits","floor":20.0,"turns":3.0},{"damage":12.0,"enemies":"Spheric Guardian","floor":21.0,"turns":3.0},{"damage":6.0,"enemies":"Snake Plant","floor":22.0,"turns":3.0},{"damage":33.0,"enemies":"Gremlin Leader","floor":24.0,"turns":6.0},{"damage":14.0,"enemies":"Snecko","floor":28.0,"turns":3.0},{"damage":16.0,"enemies":"Slavers","floor":30.0,"turns":4.0},{"damage":10.0,"enemies":"Automaton","floor":33.0,"turns":7.0},{"damage":11.0,"enemies":"Orb Walker","floor":35.0,"turns":3.0},{"damage":12.0,"enemies":"Mind Bloom Boss Battle","floor":36.0,"turns":3.0},{"damage":35,"enemies":"Giant Head","floor":40,"turns":7},{"damage":49,"enemies":"Reptomancer","floor":42,"turns":6},{"damage":31,"enemies":"Donu and Deca","floor":50,"turns":6},{"damage":6,"enemies":"Shield and Spear","floor":54,"turns":4},{"damage":86,"enemies":"The Heart","floor":55,"turns":6}],"seed_played":"903016514062545437","potions_obtained":[{"floor":1.0,"key":"FearPotion"},{"floor":3.0,"key":"ElixirPotion"},{"floor":10.0,"key":"Block Potion"},{"floor":14.0,"key":"BloodPotion"},{"floor":20.0,"key":"SkillPotion"},{"floor":21.0,"key":"DuplicationPotion"},{"floor":28.0,"key":"PowerPotion"},{"floor":33.0,"key":"AttackPotion"},{"floor":35.0,"key":"Explosive Potion"}],"is_trial":false,"path_per_floor":["M","M","M","M","M","R","E","M","T","M","M","$","R","M","R","B",null,"M","?","?","M","M","R","E","R","T","R","M","R","E","?","R","B",null,"M","?","?","$","?","E","R","E","T","R","$","?","T","$","R","B",null,"R","$","E","B"],"character_chosen":"IRONCLAD","items_purchased":["True Grit","Dropkick","Orrery","Self Forming Clay","Bag of Marbles","Lee\u0027s Waffle","BlessingOfTheForge","Weak Potion"],"campfire_rested":3,"item_purchase_floors":[12,12,38,38,48,48,48,48],"current_hp_per_floor":[80,79,80,79,80,80,51,38,38,25,30,30,30,21,21,8,62,68,52,42,52,52,52,25,25,25,25,17,41,31,31,31,27,67,62,56,56,56,56,27,51,8,8,50,50,50,50,83,83,58,77,83,83,83,0,0],"gold":69,"neow_bonus":"RANDOM_COLORLESS","is_daily":false,"chose_seed":false,"campfire_upgraded":8,"win_rate":0.0,"timestamp":1613168778,"path_taken":["M","?","M","M","M","R","E","M","T","M","M","?","R","M","R","BOSS","M","?","?","M","M","R","E","R","T","R","M","R","E","?","R","BOSS","M","?","?","$","?","E","R","E","T","R","$","?","?","$","R","BOSS","R","$","E","BOSS"],"items_purchased_type":["Card","Card","Relic","Relic","Relic","Relic","Potion","Potion"],"build_version":"2020-12-22","purchased_purges":3,"victory":false,"max_hp_per_floor":[80,80,80,80,80,80,80,80,80,80,80,80,80,80,80,80,80,80,80,80,80,80,80,80,80,80,80,80,80,80,80,80,80,80,80,80,80,80,80,80,80,80,80,80,80,76,76,83,83,83,83,83,83,83,83,83],"relic_stats":{"Lee\u0027s Waffle":33,"counters":[26,112],"Self Forming Clay":[93],"Astrolabe":["Sentinel","Sword Boomerang","Rage"],"Eternal Feather":24,"Kunai":[27],"Orichalcum":[6],"MawBank":168,"obtain_stats":[{"Lantern":43,"Lee\u0027s Waffle":48,"Self Forming Clay":38,"Astrolabe":34,"Enchiridion":19,"Eternal Feather":43,"Orichalcum":47,"Bottled Tornado":54,"MawBank":24,"Ancient Tea Set":40,"Burning Blood":0,"Old Coin":36,"Matryoshka":9,"HornCleat":42,"MutagenicStrength":31,"Orrery":38,"Philosopher\u0027s Stone":17,"WingedGreaves":30,"Red Mask":20,"Bag of Marbles":48,"Kunai":7,"Paper Frog":26},{"Lantern":23,"Lee\u0027s Waffle":23,"Self Forming Clay":21,"Astrolabe":19,"Enchiridion":12,"Eternal Feather":23,"Orichalcum":23,"Bottled Tornado":25,"MawBank":16,"Ancient Tea Set":22,"Burning Blood":0,"Old Coin":21,"Matryoshka":7,"HornCleat":23,"MutagenicStrength":18,"Orrery":21,"Philosopher\u0027s Stone":11,"WingedGreaves":18,"Red Mask":13,"Bag of Marbles":23,"Kunai":6,"Paper Frog":16},{"Lantern":96,"Lee\u0027s Waffle":96,"Self Forming Clay":83,"Astrolabe":77,"Enchiridion":48,"Eternal Feather":96,"Orichalcum":96,"Bottled Tornado":106,"MawBank":63,"Ancient Tea Set":90,"Burning Blood":0,"Old Coin":83,"Matryoshka":28,"HornCleat":96,"MutagenicStrength":70,"Orrery":83,"Philosopher\u0027s Stone":44,"WingedGreaves":70,"Red Mask":51,"Bag of Marbles":96,"Kunai":22,"Paper Frog":63}],"Burning Blood":144},"card_choices":[{"not_picked":["Purity","Good Instincts"],"picked":"Deep Breath","floor":0.0},{"not_picked":["Flex","Warcry"],"picked":"Inflame","floor":1.0},{"not_picked":["True Grit","Clash"],"picked":"Clothesline","floor":2.0},{"not_picked":["Pommel Strike","Thunderclap"],"picked":"Fiend Fire","floor":3.0},{"not_picked":["Carnage","Heavy Blade"],"picked":"Pommel Strike","floor":4.0},{"not_picked":["Warcry","True Grit"],"picked":"Shockwave","floor":5.0},{"not_picked":["Seeing Red","Dark Embrace"],"picked":"Offering","floor":7.0},{"not_picked":["Sword Boomerang","Perfected Strike"],"picked":"Wild Strike","floor":8.0},{"not_picked":["Metallicize","Wild Strike"],"picked":"Anger","floor":10.0},{"not_picked":["Battle Trance","Body Slam"],"picked":"Impervious","floor":11.0},{"not_picked":["Rage","Warcry"],"picked":"Heavy Blade","floor":14.0},{"not_picked":["Reaper","Impervious"],"picked":"Limit Break","floor":16.0},{"not_picked":["Ghostly Armor","True Grit","Flex"],"picked":"SKIP","floor":18.0},{"not_picked":["Uppercut","True Grit"],"picked":"Heavy Blade","floor":20.0},{"not_picked":["Twin Strike","Wild Strike","Clash+1"],"picked":"SKIP","floor":21.0},{"not_picked":["Carnage","Anger","Ghostly Armor"],"picked":"SKIP","floor":22.0},{"not_picked":["Anger","Clothesline"],"picked":"Shrug It Off","floor":24.0},{"not_picked":["Fire Breathing","Bludgeon"],"picked":"Flex+1","floor":28.0},{"not_picked":["Rage","Clash"],"picked":"Dark Embrace+1","floor":30.0},{"not_picked":["Juggernaut","Feed"],"picked":"Exhume","floor":33.0},{"not_picked":["Seeing Red","Iron Wave+1","Combust+1"],"picked":"SKIP","floor":35.0},{"not_picked":["Evolve+1","Sentinel+1"],"picked":"Second Wind+1","floor":38.0},{"not_picked":["Headbutt+1","Clash"],"picked":"Double Tap","floor":38.0},{"not_picked":["Armaments","Shrug It Off"],"picked":"Power Through+1","floor":38.0},{"not_picked":["Perfected Strike+1","Pommel Strike"],"picked":"Shrug It Off+1","floor":38.0},{"not_picked":["Dramatic Entrance","Good Instincts"],"picked":"Master of Strategy","floor":39.0},{"not_picked":["Battle Trance+1","Anger+1"],"picked":"Heavy Blade+1","floor":40},{"not_picked":["Combust","Thunderclap+1"],"picked":"Shrug It Off+1","floor":42},{"not_picked":["Searing Blow","Sever Soul+1"],"picked":"Flame Barrier","floor":54}],"player_experience":74195,"relics_obtained":[{"floor":7.0,"key":"Kunai"},{"floor":9.0,"key":"Matryoshka"},{"floor":19.0,"key":"Enchiridion"},{"floor":20.0,"key":"Red Mask"},{"floor":24.0,"key":"MawBank"},{"floor":26.0,"key":"Paper Frog"},{"floor":30.0,"key":"WingedGreaves"},{"floor":36.0,"key":"Old Coin"},{"floor":40,"key":"Ancient Tea Set"},{"floor":42,"key":"HornCleat"},{"floor":43,"key":"Lantern"},{"floor":43,"key":"Eternal Feather"},{"floor":47,"key":"Orichalcum"},{"floor":54,"key":"Bottled Tornado"}],"event_choices":[{"damage_healed":0.0,"max_hp_gain":0.0,"max_hp_loss":0.0,"gold_gain":0.0,"event_name":"Cursed Tome","player_choice":"Obtained Book","floor":19.0,"gold_loss":0.0,"damage_taken":16.0},{"damage_healed":0.0,"max_hp_gain":0.0,"max_hp_loss":0.0,"gold_gain":0.0,"event_name":"Masked Bandits","player_choice":"Fought Bandits","floor":20.0,"gold_loss":0.0,"damage_taken":0.0},{"damage_healed":0.0,"max_hp_gain":0.0,"max_hp_loss":0.0,"gold_gain":0.0,"event_name":"Drug Dealer","player_choice":"Inject Mutagens","floor":31.0,"gold_loss":0.0,"damage_taken":0.0,"relics_obtained":["MutagenicStrength"]},{"damage_healed":0.0,"max_hp_gain":0.0,"max_hp_loss":0.0,"gold_gain":0.0,"event_name":"MindBloom","player_choice":"Fight","floor":36.0,"gold_loss":0.0,"damage_taken":0.0},{"cards_removed":["Strike_R"],"damage_healed":0.0,"max_hp_gain":0.0,"max_hp_loss":0.0,"gold_gain":0.0,"event_name":"Falling","player_choice":"Removed Attack","floor":37.0,"gold_loss":0.0,"damage_taken":0.0},{"damage_healed":0.0,"max_hp_gain":0.0,"max_hp_loss":0.0,"gold_gain":0.0,"event_name":"SensoryStone","player_choice":"Memory 1","floor":39.0,"gold_loss":0.0,"damage_taken":0.0},{"damage_healed":0,"gold_gain":0,"player_choice":"Max HP","damage_taken":0,"max_hp_gain":0,"max_hp_loss":4,"event_name":"Winding Halls","floor":46,"gold_loss":0}],"is_beta":false,"boss_relics":[{"not_picked":["Snecko Eye","SacredBark"],"picked":"Philosopher\u0027s Stone"},{"not_picked":["Black Star","Runic Pyramid"],"picked":"Astrolabe"}],"items_purged_floors":[12,38,45],"is_endless":false,"potions_floor_spawned":[1,3,10,14,20,21,28,33,35],"killed_by":"The Heart","ascension_level":5}}