{"host":"anl785ehjgcmdvvq","time":1613112353,"event":{"mods":["AchievementEnabler","BaseMod","Minty Spire (QoL Compilation)"],"gold_per_floor":[10,10,10,25,25,54,71,81,81,256,268,303,324,358,358,453,453,468,485,485,5,5,5,43,43,68,89,113,143,143,177,177,177,177],"floor_reached":33,"language":"ENG","playtime":1375,"items_purged":["Doubt"],"score":433,"play_id":"166f2edf-1896-4bed-beaa-54e67847aeb4","local_time":"20210212094553","is_ascension_mode":true,"campfire_choices":[{"data":"Armaments","floor":15,"key":"SMITH"},{"data":"RitualDagger","floor":23,"key":"SMITH"},{"floor":30,"key":"RECALL"},{"floor":32,"key":"REST"}],"circlet_count":0,"master_deck":["Strike_R","Strike_R","Strike_R","Strike_R","Defend_R","Defend_R","Defend_R","Bash","Clash","Perfected Strike+1","Dropkick","Thunderclap","Twin Strike","Wild Strike","Armaments+1","CurseOfTheBell","Spot Weakness+1","Infernal Blade","RitualDagger+1","Shame","Twin Strike+1","Twin Strike+1","Clash+1"],"relics":["Burning Blood","FossilizedHelix","Magic Flower","Pocketwatch","Odd Mushroom","Ornamental Fan","Calling Bell","Toy Ornithopter","Meat on the Bone","Ice Cream","Blood Vial","TheAbacus","Tiny Chest","CeramicFish","MutagenicStrength","Orichalcum","Ancient Tea Set","Oddly Smooth Stone"],"acts_visited":["Exordium","TheCity"],"potions_floor_usage":[6,11,16,16,16,16,19,21,24,29],"damage_taken":[{"damage":9,"enemies":"Jaw Worm","floor":1,"turns":2},{"damage":0,"enemies":"Cultist","floor":4,"turns":2},{"damage":40,"enemies":"3 Sentries","floor":6,"turns":9},{"damage":0,"enemies":"2 Louse","floor":7,"turns":2},{"damage":0,"enemies":"Exordium Wildlife","floor":8,"turns":3},{"damage":6,"enemies":"2 Fungi Beasts","floor":11,"turns":3},{"damage":0,"enemies":"Gremlin Nob","floor":12,"turns":3},{"damage":0,"enemies":"The Mushroom Lair","floor":13,"turns":2},{"damage":10,"enemies":"3 Sentries","floor":14,"turns":6},{"damage":26,"enemies":"Slime Boss","floor":16,"turns":11},{"damage":17,"enemies":"Shell Parasite","floor":18,"turns":5},{"damage":12,"enemies":"3 Byrds","floor":19,"turns":5},{"damage":18,"enemies":"Gremlin Leader","floor":24,"turns":7},{"damage":16,"enemies":"Snake Plant","floor":27,"turns":2},{"damage":27,"enemies":"Book of Stabbing","floor":29,"turns":4},{"damage":36,"enemies":"Gremlin Leader","floor":31,"turns":7},{"damage":93,"enemies":"Automaton","floor":33,"turns":8}],"seed_played":"-8636777554685101624","potions_obtained":[{"floor":1,"key":"Dexterity Potion"},{"floor":4,"key":"SpeedPotion"},{"floor":8,"key":"SkillPotion"},{"floor":13,"key":"Weak Potion"},{"floor":14,"key":"EntropicBrew"},{"floor":16,"key":"Fire Potion"},{"floor":19,"key":"EssenceOfSteel"}],"is_trial":false,"path_per_floor":["M","?","?","M","$","E","M","M","T","?","M","E","?","E","R","B",null,"M","M","?","$","?","R","E","?","T","M","T","E","R","E","R","B"],"character_chosen":"IRONCLAD","items_purchased":["Fruit Juice","Blood Vial","TheAbacus"],"campfire_rested":1,"item_purchase_floors":[21,21,21],"current_hp_per_floor":[77,77,80,80,80,46,52,58,58,58,61,70,79,78,78,61,75,67,72,66,76,76,76,78,78,78,74,74,67,67,61,85,0,0],"gold":177,"neow_bonus":"TRANSFORM_TWO_CARDS","is_daily":false,"chose_seed":false,"campfire_upgraded":2,"win_rate":0.0,"timestamp":1613112353,"path_taken":["M","?","?","?","$","E","M","M","T","?","M","E","?","E","R","BOSS","M","M","?","$","?","R","E","?","T","M","?","E","R","E","R","BOSS"],"items_purchased_type":["Potion","Relic","Relic"],"build_version":"2020-12-22","purchased_purges":1,"victory":false,"max_hp_per_floor":[80,80,80,80,80,80,80,80,80,80,80,80,80,80,80,80,80,80,80,80,85,85,85,85,85,85,85,85,85,85,85,85,85,85],"card_choices":[{"not_picked":["Searing Blow","Wild Strike"],"picked":"Perfected Strike","floor":1},{"not_picked":["Whirlwind","Uppercut"],"picked":"Dropkick","floor":4},{"not_picked":["Feel No Pain","Pummel"],"picked":"Thunderclap","floor":6},{"not_picked":["Uppercut","Intimidate"],"picked":"Twin Strike","floor":7},{"not_picked":["Pummel","Rampage"],"picked":"Wild Strike","floor":8},{"not_picked":["Disarm","Clash","Carnage"],"picked":"SKIP","floor":11},{"not_picked":["True Grit","Bludgeon"],"picked":"Armaments","floor":12},{"not_picked":["Battle Trance","Rampage","Pummel"],"picked":"SKIP","floor":14},{"not_picked":["Havoc","Second Wind"],"picked":"Spot Weakness+1","floor":18},{"not_picked":["Carnage","Cleave"],"picked":"Infernal Blade","floor":19},{"not_picked":["Exhume","Feel No Pain"],"picked":"Twin Strike+1","floor":24},{"not_picked":["Warcry","Feel No Pain"],"picked":"Twin Strike+1","floor":27},{"not_picked":["Battle Trance","Cleave","Thunderclap+1"],"picked":"SKIP","floor":29},{"not_picked":["Thunderclap","Iron Wave"],"picked":"Clash+1","floor":31}],"player_experience":130200,"relics_obtained":[{"floor":6,"key":"FossilizedHelix"},{"floor":9,"key":"Magic Flower"},{"floor":12,"key":"Pocketwatch"},{"floor":13,"key":"Odd Mushroom"},{"floor":14,"key":"Ornamental Fan"},{"floor":17,"key":"Toy Ornithopter"},{"floor":17,"key":"Meat on the Bone"},{"floor":17,"key":"Ice Cream"},{"floor":24,"key":"CeramicFish"},{"floor":28,"key":"Orichalcum"},{"floor":29,"key":"Ancient Tea Set"},{"floor":31,"key":"Oddly Smooth Stone"}],"event_choices":[{"damage_healed":0,"gold_gain":0,"player_choice":"Grow","damage_taken":0,"max_hp_gain":0,"max_hp_loss":0,"event_name":"Living Wall","floor":2,"gold_loss":0,"cards_upgraded":["Perfected Strike"]},{"cards_removed":["Shockwave"],"damage_healed":3,"gold_gain":0,"player_choice":"Offered Uncommon","damage_taken":0,"max_hp_gain":0,"max_hp_loss":0,"event_name":"Bonfire Elementals","floor":3,"gold_loss":0},{"damage_healed":0,"gold_gain":175,"player_choice":"AGREE","damage_taken":0,"max_hp_gain":0,"max_hp_loss":0,"event_name":"Liars Game","floor":10,"gold_loss":0,"cards_obtained":["Doubt"]},{"damage_healed":0,"gold_gain":0,"player_choice":"Fought Mushrooms","damage_taken":0,"max_hp_gain":0,"max_hp_loss":0,"event_name":"Mushrooms","floor":13,"gold_loss":0},{"damage_healed":0,"gold_gain":0,"player_choice":"Joined the Cult","damage_taken":6,"max_hp_gain":0,"max_hp_loss":0,"event_name":"Nest","floor":20,"gold_loss":0,"cards_obtained":["RitualDagger"]},{"damage_healed":0,"gold_gain":0,"player_choice":"Stole Relic","damage_taken":0,"relics_obtained":["Tiny Chest"],"max_hp_gain":0,"max_hp_loss":0,"event_name":"Addict","floor":22,"gold_loss":0,"cards_obtained":["Shame"]},{"damage_healed":0,"gold_gain":0,"player_choice":"Inject Mutagens","damage_taken":0,"relics_obtained":["MutagenicStrength"],"max_hp_gain":0,"max_hp_loss":0,"event_name":"Drug Dealer","floor":25,"gold_loss":0}],"is_beta":false,"boss_relics":[{"not_picked":["Busted Crown","Black Blood"],"picked":"Calling Bell"}],"items_purged_floors":[21],"is_endless":false,"potions_floor_spawned":[1,4,8,13,14,16,18,19],"killed_by":"Automaton","ascension_level":5}}