{"host":"2j7k79oxv8es4yqd","time":1613105760,"event":{"mods":["BaseMod","Minty Spire (QoL Compilation)","Permanent Neow","StSLib"],"gold_per_floor":[113,113,113,113,125,125,155,155,155,184,196,206,206,223,223,323,323,335,335,355,355,355,384,384,415,438,456,470,499,499,519,519,621,671,687,687,413,426,446,477,494,494,544,579,504,504,504,854,854,854,854,854,461,494,494],"floor_reached":56,"language":"ZHT","playtime":3052,"items_purged":["Deadly Poison","Poisoned Stab"],"score":1323,"play_id":"64868b35-de6b-45d2-a58a-f93a8fee9f79","local_time":"20210212125600","is_ascension_mode":false,"campfire_choices":[{"floor":6,"key":"RECALL"},{"data":"Neutralize","floor":8,"key":"SMITH"},{"data":"Defend_G","floor":15,"key":"SMITH"},{"data":"Bane","floor":24,"key":"SMITH"},{"data":"Infinite Blades","floor":32,"key":"SMITH"},{"data":"After Image","floor":42,"key":"SMITH"},{"data":"Backflip","floor":49,"key":"SMITH"},{"data":"Backflip","floor":52,"key":"SMITH"}],"circlet_count":0,"master_deck":["Strike_G+1","Strike_G+1","Defend_G+1","Defend_G+1","Defend_G+1","Defend_G+1","Survivor+1","Neutralize+1","Escape Plan+1","Deadly Poison","Corpse Explosion","Cloak And Dagger","Escape Plan","Die Die Die+1","RitualDagger+1","Bane+1","Infinite Blades+1","Backflip+1","Escape Plan","Blade Dance","After Image+1","Deflect+1","Backflip+1","Cloak And Dagger","Backflip+1","Prepared+1","Madness","Madness","Blade Dance+1"],"relics":["Coffee Dripper","Boot","Ninja Scroll","White Beast Statue","Empty Cage","Shuriken","Nunchaku","Question Card","Happy Flower","Ornamental Fan","Tiny House","Gremlin Horn","Kunai","Whetstone","Regal Pillow","Centennial Puzzle","Old Coin","HornCleat","Lantern"],"acts_visited":["Exordium","TheCity","TheBeyond","TheEnding"],"potions_floor_usage":[12,16,20,23,25,25,29,33,33,33,33,38,41,50,55,55,55],"damage_taken":[{"damage":0,"enemies":"2 Louse","floor":1,"turns":4},{"damage":0,"enemies":"Cultist","floor":5,"turns":3},{"damage":12,"enemies":"3 Sentries","floor":7,"turns":9},{"damage":19,"enemies":"Gremlin Nob","floor":10,"turns":4},{"damage":6,"enemies":"Jaw Worm","floor":11,"turns":2},{"damage":0,"enemies":"3 Louse","floor":12,"turns":2},{"damage":0,"enemies":"Large Slime","floor":14,"turns":3},{"damage":22,"enemies":"Slime Boss","floor":16,"turns":8},{"damage":3,"enemies":"Shell Parasite","floor":18,"turns":4},{"damage":0,"enemies":"Spheric Guardian","floor":20,"turns":3},{"damage":7,"enemies":"Gremlin Leader","floor":23,"turns":5},{"damage":1,"enemies":"Book of Stabbing","floor":25,"turns":5},{"damage":9,"enemies":"Centurion and Healer","floor":27,"turns":5},{"damage":6,"enemies":"Sentry and Sphere","floor":28,"turns":5},{"damage":0,"enemies":"Gremlin Leader","floor":29,"turns":5},{"damage":0,"enemies":"Snake Plant","floor":31,"turns":3},{"damage":18,"enemies":"Automaton","floor":33,"turns":6},{"damage":8,"enemies":"3 Darklings","floor":35,"turns":2},{"damage":1,"enemies":"3 Shapes","floor":38,"turns":3},{"damage":8,"enemies":"Maw","floor":39,"turns":7},{"damage":10,"enemies":"Nemesis","floor":40,"turns":6},{"damage":0,"enemies":"Spire Growth","floor":41,"turns":4},{"damage":0,"enemies":"Giant Head","floor":44,"turns":7},{"damage":0,"enemies":"Mind Bloom Boss Battle","floor":48,"turns":5},{"damage":19,"enemies":"Time Eater","floor":50,"turns":13},{"damage":10,"enemies":"Shield and Spear","floor":54,"turns":3},{"damage":29,"enemies":"The Heart","floor":55,"turns":9}],"seed_played":"-1035665343828564067","potions_obtained":[{"floor":1,"key":"Swift Potion"},{"floor":5,"key":"GamblersBrew"},{"floor":10,"key":"Regen Potion"},{"floor":11,"key":"Dexterity Potion"},{"floor":14,"key":"Strength Potion"},{"floor":16,"key":"Fire Potion"},{"floor":18,"key":"Strength Potion"},{"floor":20,"key":"Energy Potion"},{"floor":23,"key":"Swift Potion"},{"floor":25,"key":"LiquidBronze"},{"floor":27,"key":"CunningPotion"},{"floor":28,"key":"EntropicBrew"},{"floor":29,"key":"SteroidPotion"},{"floor":33,"key":"Fire Potion"},{"floor":34,"key":"GhostInAJar"},{"floor":35,"key":"LiquidMemories"},{"floor":38,"key":"Fruit Juice"},{"floor":39,"key":"Energy Potion"},{"floor":40,"key":"CunningPotion"},{"floor":41,"key":"PowerPotion"}],"is_trial":false,"path_per_floor":["M","?","?","?","M","R","E","R","T","E","M","M","?","M","R","B",null,"M","?","M","?","?","E","R","E","T","M","M","E","?","M","R","B",null,"M","T","$","M","M","E","M","R","T","E","$","?","?","?","R","B",null,"R","$","E","B",null],"character_chosen":"THE_SILENT","items_purchased":["Kunai","Cloak And Dagger","PowerPotion","HornCleat"],"campfire_rested":0,"item_purchase_floors":[37,37,53,53],"current_hp_per_floor":[70,70,56,56,56,56,44,44,44,25,19,24,24,24,24,2,70,67,67,67,61,61,54,54,53,53,44,38,38,38,38,38,20,75,67,67,67,71,63,53,53,53,53,53,53,53,43,43,43,24,80,80,80,70,41],"gold":494,"neow_bonus":"BOSS_RELIC","is_daily":false,"chose_seed":false,"campfire_upgraded":7,"win_rate":0.0,"timestamp":1613105760,"path_taken":["M","?","?","?","M","R","E","R","T","E","M","?","?","M","R","BOSS","M","?","M","?","?","E","R","E","T","M","?","E","?","M","R","BOSS","M","?","$","M","M","E","M","R","T","E","$","?","?","?","R","BOSS","R","$","E","BOSS"],"items_purchased_type":["Relic","Card","Potion","Relic"],"build_version":"2020-12-22","purchased_purges":2,"victory":true,"max_hp_per_floor":[70,70,70,70,70,70,70,70,70,70,70,70,70,70,70,70,70,70,70,70,70,70,70,70,70,70,70,70,70,70,70,70,70,75,75,75,75,80,80,80,80,80,80,80,80,80,80,80,80,80,80,80,80,80,80],"card_choices":[{"not_picked":["Blade Dance","Sucker Punch"],"picked":"Escape Plan","floor":1},{"not_picked":["Predator","Blade Dance"],"picked":"Deadly Poison","floor":5},{"not_picked":["Deflect","Setup"],"picked":"Poisoned Stab","floor":7},{"not_picked":["Quick Slash","PiercingWail"],"picked":"Corpse Explosion","floor":10},{"not_picked":["Underhanded Strike","Outmaneuver","Reflex"],"picked":"SKIP","floor":11},{"not_picked":["Deflect","Quick Slash"],"picked":"Cloak And Dagger","floor":12},{"not_picked":["Dagger Spray","PiercingWail"],"picked":"Escape Plan","floor":14},{"not_picked":["Grand Finale","A Thousand Cuts"],"picked":"Die Die Die","floor":16},{"not_picked":["Crippling Poison","Deflect","Heel Hook"],"picked":"SKIP","floor":18},{"not_picked":["Blade Dance","Masterful Stab","Flechettes"],"picked":"SKIP","floor":20},{"not_picked":["Acrobatics","Eviscerate"],"picked":"Bane","floor":23},{"not_picked":["PiercingWail","Dodge and Roll"],"picked":"Infinite Blades","floor":25},{"not_picked":["Outmaneuver","Deflect","Bouncing Flask"],"picked":"Backflip","floor":27},{"not_picked":["Slice","Phantasmal Killer","Prepared","Deflect"],"picked":"SKIP","floor":28},{"not_picked":["Dodge and Roll+1","Deflect","Calculated Gamble"],"picked":"Escape Plan","floor":29},{"not_picked":["Dagger Throw","Quick Slash","Backstab"],"picked":"Blade Dance","floor":31},{"not_picked":["Night Terror","Glass Knife","Storm of Steel"],"picked":"After Image","floor":33},{"not_picked":["PiercingWail","Flechettes","Deadly Poison"],"picked":"Deflect+1","floor":34},{"not_picked":["Deflect+1","Prepared","Leg Sweep"],"picked":"Backflip","floor":35},{"not_picked":["Prepared","All Out Attack","Calculated Gamble"],"picked":"Backflip+1","floor":38},{"not_picked":["Doppelganger","Deflect+1","Flechettes"],"picked":"Prepared+1","floor":39},{"not_picked":["Choke+1","Backstab","Storm of Steel","Masterful Stab+1"],"picked":"SKIP","floor":40},{"not_picked":["Bane","Dagger Throw+1","Dodge and Roll+1","Acrobatics+1"],"picked":"SKIP","floor":41},{"not_picked":["Quick Slash","Deadly Poison+1","Caltrops","Deflect"],"picked":"SKIP","floor":44},{"not_picked":["Dagger Spray+1","Underhanded Strike+1","All Out Attack+1"],"picked":"Blade Dance+1","floor":48},{"not_picked":["Predator+1","Outmaneuver+1","Slice","Backstab"],"picked":"SKIP","floor":54}],"player_experience":540992,"relics_obtained":[{"floor":7,"key":"Boot"},{"floor":10,"key":"Ninja Scroll"},{"floor":23,"key":"Nunchaku"},{"floor":25,"key":"Question Card"},{"floor":26,"key":"Happy Flower"},{"floor":29,"key":"Ornamental Fan"},{"floor":36,"key":"Gremlin Horn"},{"floor":40,"key":"Whetstone"},{"floor":43,"key":"Regal Pillow"},{"floor":44,"key":"Centennial Puzzle"},{"floor":48,"key":"Old Coin"},{"floor":54,"key":"Lantern"}],"event_choices":[{"cards_removed":["Defend_G"],"damage_healed":0,"gold_gain":0,"player_choice":"Forget","damage_taken":0,"max_hp_gain":0,"max_hp_loss":0,"event_name":"Living Wall","floor":2,"gold_loss":0},{"damage_healed":0,"gold_gain":0,"player_choice":"Entered Light","damage_taken":14,"max_hp_gain":0,"max_hp_loss":0,"event_name":"Shining Light","floor":3,"gold_loss":0,"cards_upgraded":["Strike_G","Survivor"]},{"damage_healed":0,"gold_gain":0,"cards_transformed":["Strike_G"],"player_choice":"Transformed","damage_taken":0,"max_hp_gain":0,"max_hp_loss":0,"event_name":"Transmorgrifier","floor":4,"gold_loss":0,"cards_obtained":["Deadly Poison"]},{"damage_healed":0,"gold_gain":0,"player_choice":"Searched \u00271\u0027 times","damage_taken":0,"relics_obtained":["White Beast Statue"],"max_hp_gain":0,"max_hp_loss":0,"event_name":"Dead Adventurer","floor":13,"gold_loss":0},{"damage_healed":0,"gold_gain":0,"player_choice":"Simplicity","damage_taken":0,"max_hp_gain":0,"max_hp_loss":0,"event_name":"Back to Basics","floor":19,"gold_loss":0,"cards_upgraded":["Strike_G","Defend_G","Defend_G","Defend_G"]},{"damage_healed":0,"gold_gain":0,"player_choice":"Joined the Cult","damage_taken":6,"max_hp_gain":0,"max_hp_loss":0,"event_name":"Nest","floor":21,"gold_loss":0,"cards_obtained":["RitualDagger"]},{"damage_healed":0,"gold_gain":0,"player_choice":"Opened","damage_taken":0,"relics_obtained":["Shuriken"],"max_hp_gain":0,"max_hp_loss":0,"event_name":"The Mausoleum","floor":22,"gold_loss":0},{"damage_healed":0,"gold_gain":0,"player_choice":"0 cards matched","damage_taken":0,"max_hp_gain":0,"max_hp_loss":0,"event_name":"Match and Keep!","floor":30,"gold_loss":0,"cards_obtained":[]},{"damage_healed":0,"gold_gain":0,"player_choice":"Ignored","damage_taken":0,"max_hp_gain":0,"max_hp_loss":0,"event_name":"Tomb of Lord Red Mask","floor":46,"gold_loss":0},{"damage_healed":0,"gold_gain":0,"player_choice":"Embrace Madness","damage_taken":10,"max_hp_gain":0,"max_hp_loss":0,"event_name":"Winding Halls","floor":47,"gold_loss":0,"cards_obtained":["Madness","Madness"]},{"damage_healed":0,"gold_gain":0,"player_choice":"Fight","damage_taken":0,"max_hp_gain":0,"max_hp_loss":0,"event_name":"MindBloom","floor":48,"gold_loss":0}],"is_beta":false,"boss_relics":[{"not_picked":["Calling Bell","Philosopher\u0027s Stone"],"picked":"Empty Cage"},{"not_picked":["Astrolabe","Snecko Eye"],"picked":"Tiny House"}],"items_purged_floors":[45,53],"is_endless":false,"potions_floor_spawned":[1,5,10,11,14,16,18,20,23,25,27,28,29,31,33,35,38,39,40,41,44,48,54],"ascension_level":0}}