{"host":"67b023zx83deun0a","time":1613089743,"event":{"mods":["BaseMod","Block Reminder","Minty Spire (QoL Compilation)","Relic Stats","StSLib"],"gold_per_floor":[367,13,29,29,42,69,69,87,87,87,102,132,162,187,187,288,288,299,91,106,106,106,106,141,141,190,190,190,190,190,215,215,311,311,328,328,328,328,339,339,339],"floor_reached":40,"language":"ENG","playtime":1854,"items_purged":["Strike_B","Strike_B"],"score":613,"play_id":"382c6269-703e-46ee-849f-e942cf11a9f3","local_time":"20210211162903","is_ascension_mode":true,"campfire_choices":[{"data":"Zap","floor":7.0,"key":"SMITH"},{"data":"Dualcast","floor":10.0,"key":"SMITH"},{"data":"Capacitor","floor":15.0,"key":"SMITH"},{"data":"Defragment","floor":23.0,"key":"SMITH"},{"data":"Coolheaded","floor":27.0,"key":"SMITH"},{"data":"Double Energy","floor":29.0,"key":"SMITH"},{"data":"Go for the Eyes","floor":32.0,"key":"SMITH"}],"circlet_count":0,"master_deck":["Strike_B","Defend_B","Defend_B","Defend_B","Defend_B","Zap+1","Dualcast+1","Rip and Tear","Capacitor+1","Go for the Eyes+1","Rebound","Chill","Cold Snap","Coolheaded+1","Ball Lightning","Turbo","Electrodynamics","CurseOfTheBell","Undo","Defragment+1","Lockon+1","Necronomicurse","Writhe","Double Energy+1","Core Surge","Genetic Algorithm+1","Reinforced Body+1"],"relics":["Cracked Core","Bag of Marbles","Incense Burner","Shuriken","Pantograph","Odd Mushroom","StoneCalendar","Calling Bell","Oddly Smooth Stone","Eternal Feather","FossilizedHelix","Necronomicon","Art of War","Blue Candle","Gremlin Horn","Ancient Tea Set","SlaversCollar"],"acts_visited":["Exordium","TheCity","TheBeyond"],"potions_floor_usage":[],"damage_taken":[{"damage":1.0,"enemies":"Cultist","floor":1.0,"turns":3.0},{"damage":0.0,"enemies":"2 Louse","floor":3.0,"turns":2.0},{"damage":0.0,"enemies":"Small Slimes","floor":5.0,"turns":3.0},{"damage":15.0,"enemies":"Gremlin Nob","floor":6.0,"turns":3.0},{"damage":2.0,"enemies":"Blue Slaver","floor":8.0,"turns":3.0},{"damage":4.0,"enemies":"Looter","floor":11.0,"turns":3.0},{"damage":1.0,"enemies":"Lagavulin","floor":12.0,"turns":7.0},{"damage":24.0,"enemies":"The Mushroom Lair","floor":13.0,"turns":3.0},{"damage":7.0,"enemies":"3 Sentries","floor":14.0,"turns":7.0},{"damage":24.0,"enemies":"Hexaghost","floor":16.0,"turns":10.0},{"damage":0.0,"enemies":"Spheric Guardian","floor":18.0,"turns":4.0},{"damage":3.0,"enemies":"Chosen","floor":20.0,"turns":5.0},{"damage":20.0,"enemies":"Gremlin Leader","floor":24.0,"turns":6.0},{"damage":24.0,"enemies":"Book of Stabbing","floor":31.0,"turns":5.0},{"damage":22.0,"enemies":"Collector","floor":33.0,"turns":8.0},{"damage":34.0,"enemies":"3 Darklings","floor":35.0,"turns":7.0},{"damage":0.0,"enemies":"3 Shapes","floor":39.0,"turns":6.0},{"damage":0,"enemies":"Giant Head","floor":40,"turns":1}],"seed_played":"-6378965697864265466","potions_obtained":[{"floor":3.0,"key":"EssenceOfSteel"},{"floor":8.0,"key":"BlessingOfTheForge"},{"floor":12.0,"key":"Strength Potion"},{"floor":13.0,"key":"LiquidMemories"},{"floor":16.0,"key":"LiquidMemories"},{"floor":24.0,"key":"Explosive Potion"},{"floor":33.0,"key":"Weak Potion"},{"floor":35.0,"key":"SpeedPotion"},{"floor":38.0,"key":"AttackPotion"}],"is_trial":false,"path_per_floor":["M","$","M","?","M","E","R","M","T","R","M","E","?","E","R","B",null,"M","$","M","?","?","R","E","?","T","R","T","R","?","E","R","B",null,"M","?","?","?","M","E"],"character_chosen":"DEFECT","items_purchased":["PowerPotion","Capacitor","Go for the Eyes","Bag of Marbles","Defragment","Lockon"],"campfire_rested":0,"item_purchase_floors":[2,2,2,2,19,19],"current_hp_per_floor":[67,67,67,67,67,52,52,50,50,50,46,45,21,14,14,15,55,55,55,52,36,36,48,28,28,28,40,40,52,52,28,40,43,62,28,28,28,28,28,28,28],"gold":339,"neow_bonus":"TWO_FIFTY_GOLD","is_daily":false,"chose_seed":false,"campfire_upgraded":7,"win_rate":0.0,"timestamp":1613089743,"path_taken":["M","$","M","?","M","E","R","?","T","R","M","E","?","E","R","BOSS","M","$","M","?","?","R","E","?","T","R","?","R","?","E","R","BOSS","M","?","?","?","M","E"],"items_purchased_type":["Potion","Card","Card","Relic","Card","Card"],"build_version":"2020-12-22","purchased_purges":2,"victory":false,"max_hp_per_floor":[68,68,68,68,68,68,68,68,68,68,68,68,68,68,68,68,68,68,68,68,68,68,68,68,68,68,68,68,68,68,68,68,68,68,68,68,65,65,65,65,65],"relic_stats":{"Gremlin Horn":[6,6],"counters":[18,85],"Shuriken":[9],"Pantograph":50,"Blue Candle":[2],"StoneCalendar":[104],"Eternal Feather":48,"Necronomicon":[0],"Art of War":[8],"obtain_stats":[{"Gremlin Horn":28,"Blue Candle":24,"Oddly Smooth Stone":17,"StoneCalendar":14,"Eternal Feather":17,"Incense Burner":6,"Odd Mushroom":13,"Ancient Tea Set":31,"Calling Bell":17,"SlaversCollar":34,"Shuriken":9,"Pantograph":12,"Bag of Marbles":2,"Necronomicon":21,"Art of War":22,"Cracked Core":0,"FossilizedHelix":17},{"Gremlin Horn":13,"Blue Candle":13,"Oddly Smooth Stone":10,"StoneCalendar":9,"Eternal Feather":10,"Incense Burner":4,"Odd Mushroom":8,"Ancient Tea Set":14,"Calling Bell":10,"SlaversCollar":15,"Shuriken":5,"Pantograph":7,"Bag of Marbles":1,"Necronomicon":12,"Art of War":12,"Cracked Core":0,"FossilizedHelix":10},{"Gremlin Horn":59,"Blue Candle":59,"Oddly Smooth Stone":44,"StoneCalendar":34,"Eternal Feather":44,"Incense Burner":11,"Odd Mushroom":27,"Ancient Tea Set":64,"Calling Bell":44,"SlaversCollar":72,"Shuriken":14,"Pantograph":24,"Bag of Marbles":3,"Necronomicon":53,"Art of War":53,"Cracked Core":0,"FossilizedHelix":44}]},"card_choices":[{"not_picked":["Redo","Rebound"],"picked":"Rip and Tear","floor":1.0},{"not_picked":["Melter","Beam Cell"],"picked":"Rebound","floor":3.0},{"not_picked":["Sweeping Beam","Redo","Barrage"],"picked":"SKIP","floor":5.0},{"not_picked":["Barrage","Steam"],"picked":"Chill","floor":6.0},{"not_picked":["Steam","Go for the Eyes"],"picked":"Cold Snap","floor":8.0},{"not_picked":["Hologram","Stack"],"picked":"Coolheaded","floor":11.0},{"not_picked":["White Noise","Steam Power"],"picked":"Ball Lightning","floor":12.0},{"not_picked":["Barrage","Rebound"],"picked":"Turbo","floor":14.0},{"not_picked":["Amplify","Echo Form"],"picked":"Electrodynamics","floor":16.0},{"not_picked":["Barrage","Leap"],"picked":"Undo","floor":18.0},{"not_picked":["Coolheaded","Gash","Ball Lightning"],"picked":"SKIP","floor":20.0},{"not_picked":["Compile Driver","Leap"],"picked":"Double Energy","floor":24.0},{"not_picked":["Machine Learning","Ball Lightning+1","Hyperbeam"],"picked":"SKIP","floor":31.0},{"not_picked":["Hyperbeam","Rainbow"],"picked":"Core Surge","floor":33.0},{"not_picked":["Darkness","Ball Lightning"],"picked":"Genetic Algorithm+1","floor":35.0},{"not_picked":["Steam+1","Consume"],"picked":"Reinforced Body+1","floor":39.0}],"player_experience":366492,"relics_obtained":[{"floor":6.0,"key":"Incense Burner"},{"floor":9.0,"key":"Shuriken"},{"floor":12.0,"key":"Pantograph"},{"floor":13.0,"key":"Odd Mushroom"},{"floor":14.0,"key":"StoneCalendar"},{"floor":17.0,"key":"Oddly Smooth Stone"},{"floor":17.0,"key":"Eternal Feather"},{"floor":17.0,"key":"FossilizedHelix"},{"floor":21.0,"key":"Necronomicon"},{"floor":24.0,"key":"Blue Candle"},{"floor":28.0,"key":"Gremlin Horn"},{"floor":31.0,"key":"Ancient Tea Set"}],"event_choices":[{"cards_removed":["Strike_B"],"damage_healed":0.0,"max_hp_gain":0.0,"max_hp_loss":0.0,"gold_gain":0.0,"event_name":"Purifier","player_choice":"Purged","floor":4.0,"gold_loss":0.0,"damage_taken":0.0},{"damage_healed":0.0,"max_hp_gain":0.0,"max_hp_loss":0.0,"gold_gain":0.0,"event_name":"Mushrooms","player_choice":"Fought Mushrooms","floor":13.0,"gold_loss":0.0,"damage_taken":0.0},{"damage_healed":0.0,"max_hp_gain":0.0,"max_hp_loss":0.0,"gold_gain":0.0,"event_name":"Cursed Tome","player_choice":"Obtained Book","floor":21.0,"gold_loss":0.0,"damage_taken":16.0},{"damage_healed":0.0,"max_hp_gain":0.0,"max_hp_loss":0.0,"gold_gain":0.0,"event_name":"The Mausoleum","player_choice":"Opened","floor":22.0,"gold_loss":0.0,"damage_taken":0.0,"relics_obtained":["Art of War"],"cards_obtained":["Writhe"]},{"damage_healed":0.0,"max_hp_gain":0.0,"max_hp_loss":0.0,"gold_gain":0.0,"event_name":"Vampires","player_choice":"Ignored","floor":25.0,"gold_loss":0.0,"damage_taken":0.0},{"damage_healed":0.0,"max_hp_gain":0.0,"max_hp_loss":0.0,"gold_gain":0.0,"event_name":"Accursed Blacksmith","player_choice":"Forge","floor":30.0,"gold_loss":0.0,"damage_taken":0.0,"cards_upgraded":["Lockon"]},{"damage_healed":0.0,"max_hp_gain":0.0,"max_hp_loss":0.0,"gold_gain":0.0,"event_name":"The Moai Head","player_choice":"Ignored","floor":36.0,"gold_loss":0.0,"damage_taken":0.0},{"damage_healed":0.0,"max_hp_gain":0.0,"max_hp_loss":3.0,"gold_gain":0.0,"event_name":"Winding Halls","player_choice":"Max HP","floor":37.0,"gold_loss":0.0,"damage_taken":0.0},{"damage_healed":0.0,"max_hp_gain":0.0,"max_hp_loss":0.0,"gold_gain":0.0,"event_name":"Lab","player_choice":"Got Potions","floor":38.0,"gold_loss":0.0,"damage_taken":0.0}],"is_beta":false,"boss_relics":[{"not_picked":["Black Star","Pandora\u0027s Box"],"picked":"Calling Bell"},{"not_picked":["SacredBark","Inserter"],"picked":"SlaversCollar"}],"items_purged_floors":[2,19],"is_endless":false,"potions_floor_spawned":[3,8,12,13,16,24,33,35,39],"killed_by":"Giant Head","ascension_level":8}}