{"host":"njb27ds59h4j3ikk","time":1613159376,"event":{"mods":["AchievementEnabler","BaseMod","Better Altar","Better Match","Better Note","Better Sensory Stone","Better Skull","Better Third Choice","BetterRewards","Downfall","Hermit","Hubris","Minty Spire (QoL Compilation)","Permanent Neow","Quarter Circle Forward PUNCH!","Quick Restart","Rare Cards Sparkle","Replay The Spire","Shop Mod","StSLib","Trackpad","Transform Curses"],"gold_per_floor":[24,24,24,34,46,78,24,49,49,14,14,24,24,55,55,158,208,218,178,195,28,28,68,68,118,118,168,190,210,275,310,310,411,411,431,481,327,427,557,596,667,332,358,358,358],"floor_reached":44,"language":"ENG","playtime":1948,"items_purged":[],"score":774,"play_id":"8ae1cf7b-69f5-40ef-893f-b38ad3960a73","local_time":"20210212144936","is_ascension_mode":true,"campfire_choices":[{"data":"hermit:CalledShot","floor":15.0,"key":"SMITH"},{"data":"hermit:Maintenance","floor":24.0,"key":"SMITH"},{"data":"hermit:Showdown","floor":32.0,"key":"SMITH"}],"circlet_count":0,"master_deck":["hermit:Strike_Hermit","hermit:Strike_Hermit+1","hermit:Strike_Hermit","hermit:Strike_Hermit","hermit:Defend_Hermit","hermit:Defend_Hermit","hermit:Defend_Hermit+1","hermit:Defend_Hermit","hermit:Snapshot","hermit:Covet","hermit:Quickdraw","Poisoned Strike","hermit:Feint","hermit:HighCaliber","Malaise","Clumsy","Slimebound:SplitLeeching+1","hermit:CalledShot+1","hermit:WideOpen","hermit:DeadMansHand+1","hermit:Snipe","hermit:EyeOfTheStorm","Slimebound:SplitMire","hermit:RoundhouseKick+1","hermit:Vantage","hermit:Scavenge","hermit:Gestalt+1","Dramatic Entrance","hermit:Ricochet","hermit:Maintenance+1","Slimebound:FinishingTackle","hermit:FlashPowder+1","hermit:Showdown+1","hermit:HighCaliber","hermit:Glare+1","Slimebound:RallyTheTroops","hermit:HighCaliber+1","hermit:Virtue","ReplayTheSpireMod:Private Reserves","Looming Evil","ReplayTheSpireMod:Splinters","downfall:Malfunctioning","hermit:GhostlyPresence+1","hermit:Desperado+1","Slimebound:SlimeSpikes","Enlightenment+1"],"relics":["hermit:Momento","Mango","Oddly Smooth Stone","hubris:DisguiseKit","trackpad:WindUpAutoDealer","trackpad:RapidFire","hubris:SphereOfDissonance","Centennial Puzzle","Tiny House","SsserpentHead","Kunai","trackpad:FieryHotPepper","Toy Ornithopter","ReplayTheSpireMod:DimensionalGlitch","Ring of Fangs","Ring of Greed","Golden Idol","Replay:Wax Seal","Golden Egg","Omamori","trackpad:DisasterInABottle"],"acts_visited":["Exordium","TheCity","TheBeyond"],"potions_floor_usage":[44],"damage_taken":[{"damage":0.0,"enemies":"Small Slimes","floor":1.0,"turns":2.0},{"damage":8.0,"enemies":"Jaw Worm","floor":4.0,"turns":2.0},{"damage":3.0,"enemies":"2 Louse","floor":5.0,"turns":2.0},{"damage":4.0,"enemies":"Gremlin Nob","floor":6.0,"turns":5.0},{"damage":13.0,"enemies":"3 Sentries","floor":8.0,"turns":8.0},{"damage":6.0,"enemies":"Looter","floor":12.0,"turns":2.0},{"damage":8.0,"enemies":"Lagavulin","floor":14.0,"turns":4.0},{"damage":29.0,"enemies":"Fading Forest","floor":16.0,"turns":11.0},{"damage":4.0,"enemies":"2 Thieves","floor":18.0,"turns":2.0},{"damage":1.0,"enemies":"Shell Parasite","floor":20.0,"turns":2.0},{"damage":1.0,"enemies":"Book of Stabbing","floor":23.0,"turns":5.0},{"damage":0.0,"enemies":"Chosen and Byrds","floor":28.0,"turns":4.0},{"damage":0.0,"enemies":"Snecko","floor":29.0,"turns":3.0},{"damage":6.0,"enemies":"Centurion and Healer","floor":30.0,"turns":5.0},{"damage":4.0,"enemies":"Gremlin Leader","floor":31.0,"turns":3.0},{"damage":18.0,"enemies":"hubris:MusketHawk","floor":33.0,"turns":6.0},{"damage":0.0,"enemies":"3 Darklings","floor":35.0,"turns":2.0},{"damage":20,"enemies":"Nemesis","floor":40,"turns":5},{"damage":16,"enemies":"Orb Walker","floor":41,"turns":4},{"damage":66,"enemies":"Giant Head","floor":44,"turns":8}],"seed_played":"1684361476804665131","potions_obtained":[{"floor":12.0,"key":"SteroidPotion"},{"floor":14.0,"key":"hermit:Tonic"},{"floor":16.0,"key":"SteroidPotion"},{"floor":17.0,"key":"Elixir"},{"floor":23.0,"key":"Block Potion"},{"floor":28.0,"key":"Strength Potion"},{"floor":30.0,"key":"Adrenaline Potion"},{"floor":33.0,"key":"Explosive Potion"},{"floor":35.0,"key":"Elixir"},{"floor":39,"key":"Reflective Coating"}],"is_trial":false,"path_per_floor":["M","?","?","M","M","E","$","E","T","?","$","M","?","E","R","B",null,"M","?","M","$","?","E","R","?","T","?","M","M","M","E","R","B",null,"M","?","$","?","?","E","M","$","T","E"],"character_chosen":"HERMIT","items_purchased":["Mango","hermit:Quickdraw","Poisoned Strike","hermit:Feint","hermit:DeadMansHand+1","Dramatic Entrance","hermit:Ricochet","hermit:Maintenance","hermit:Virtue","ReplayTheSpireMod:Private Reserves","trackpad:DisasterInABottle","Enlightenment"],"campfire_rested":0,"item_purchase_floors":[0,0,0,0,7,21,21,21,37,37,42,42],"current_hp_per_floor":[89,77,77,69,66,62,62,49,49,71,71,65,65,57,57,48,94,90,90,89,89,89,88,88,88,88,88,88,88,82,78,78,65,94,94,94,94,94,94,74,58,58,58,0,0],"gold":358,"neow_bonus":"","is_daily":false,"chose_seed":false,"campfire_upgraded":3,"win_rate":0.0,"timestamp":1613159376,"path_taken":["M","?","?","M","?","E","$","E","T","?","?","M","?","E","R","BOSS","M","?","M","$","?","E","R","?","T","?","M","M","?","E","R","BOSS","M","?","$","?","?","E","?","$","T","E"],"items_purchased_type":["Relic","Card","Card","Card","Card","Card","Card","Card","Card","Card","Relic","Card"],"build_version":"2020-12-22","purchased_purges":0,"victory":false,"max_hp_per_floor":[89,89,89,89,89,89,89,89,89,89,89,89,89,89,89,89,94,94,94,94,94,94,94,94,94,94,94,94,94,94,94,94,94,94,94,94,94,94,94,94,94,94,94,94,94],"card_choices":[{"not_picked":["hermit:Desperado","hermit:Shortfuse"],"picked":"hermit:HighCaliber","floor":1.0},{"not_picked":["hermit:TakeCover","hermit:CursedWeapon","hermit:Snipe"],"picked":"Slimebound:SplitLeeching","floor":4.0},{"not_picked":["hermit:SprayPray","hermit:BodyArmor","Slimebound:Prepare"],"picked":"hermit:CalledShot","floor":5.0},{"not_picked":["hermit:EyeOfTheStorm","hermit:Headshot","Slimebound:SlimeTap"],"picked":"hermit:WideOpen","floor":6.0},{"not_picked":["hermit:Dive","hermit:NoHoldsBarred","Slimebound:LeechLife"],"picked":"hermit:Snipe","floor":8.0},{"not_picked":["hermit:BodyArmor","hermit:Headshot","Slimebound:Equalize"],"picked":"hermit:EyeOfTheStorm","floor":12.0},{"not_picked":["hermit:Vantage","hermit:LowProfile","hermit:Snipe"],"picked":"Slimebound:SplitMire","floor":14.0},{"not_picked":["hermit:HighNoon","hermit:FromBeyond","Slimebound:CheckThePlaybook"],"picked":"hermit:RoundhouseKick","floor":16.0},{"not_picked":["hermit:WideOpen","hermit:SprayPray","Slimebound:SplitBruiser"],"picked":"hermit:Vantage","floor":17.0},{"not_picked":["hermit:GhostlyPresence","hermit:BodyArmor","Slimebound:Chomp"],"picked":"hermit:Scavenge","floor":18.0},{"not_picked":["hermit:Glare","hermit:Roulette+1","Slimebound:GoopSpray"],"picked":"hermit:Gestalt+1","floor":20.0},{"not_picked":["hermit:Manifest","hermit:Ricochet","hermit:Shortfuse"],"picked":"Slimebound:FinishingTackle","floor":23.0},{"not_picked":["hermit:SprayPray","hermit:TakeCover","Slimebound:SlimeSpikes"],"picked":"hermit:Showdown","floor":28.0},{"not_picked":["hermit:CalledShot","hermit:Ricochet","hermit:DeadMansHand"],"picked":"Slimebound:LeadByExample","floor":29.0},{"not_picked":["hermit:Manifest","hermit:DeadMansHand+1","Slimebound:LeechEnergy"],"picked":"hermit:HighCaliber","floor":30.0},{"not_picked":["hermit:EternalForm","hermit:Ricochet","Slimebound:LeadByExample"],"picked":"hermit:Glare+1","floor":31.0},{"not_picked":["hermit:BlackWind","hermit:OverwhelmingPower","hermit:Magnum"],"picked":"Slimebound:RallyTheTroops","floor":33.0},{"not_picked":["hermit:HoleUp","hermit:LoneWolf","Slimebound:LeechEnergy"],"picked":"hermit:HighCaliber+1","floor":35.0},{"not_picked":["hermit:Vantage+1","hermit:CalledShot+1","Slimebound:HungryTackle"],"picked":"hermit:GhostlyPresence+1","floor":39},{"not_picked":["hermit:Reprieve","hermit:Combo","Slimebound:SplitAcid"],"picked":"hermit:Desperado+1","floor":40},{"not_picked":["hermit:Ricochet+1","hermit:HoleUp","hermit:WideOpen"],"picked":"Slimebound:SlimeSpikes","floor":41}],"player_experience":1359984,"relics_obtained":[{"floor":6.0,"key":"trackpad:WindUpAutoDealer"},{"floor":8.0,"key":"trackpad:RapidFire"},{"floor":9.0,"key":"hubris:SphereOfDissonance"},{"floor":14.0,"key":"Centennial Puzzle"},{"floor":23.0,"key":"Kunai"},{"floor":26.0,"key":"trackpad:FieryHotPepper"},{"floor":31.0,"key":"Toy Ornithopter"},{"floor":38,"key":"Ring of Fangs"},{"floor":38,"key":"Ring of Greed"},{"floor":38,"key":"Golden Idol"},{"floor":38,"key":"Replay:Wax Seal"},{"floor":39,"key":"Golden Egg"},{"floor":40,"key":"Omamori"}],"event_choices":[{"damage_healed":22.0,"max_hp_gain":0.0,"max_hp_loss":0.0,"gold_gain":0.0,"event_name":"The Cleric","player_choice":"Healed","floor":10.0,"gold_loss":35.0,"damage_taken":0.0},{"damage_healed":65.0,"max_hp_gain":0.0,"max_hp_loss":89.0,"gold_gain":0.0,"event_name":"betterThird:BetterShining","player_choice":"Leave","floor":13.0,"gold_loss":0.0,"damage_taken":0.0},{"damage_healed":0.0,"max_hp_gain":0.0,"max_hp_loss":0.0,"gold_gain":0.0,"event_name":"Designer","player_choice":"Upgraded Two","floor":19.0,"gold_loss":40.0,"damage_taken":0.0,"cards_upgraded":["hermit:Strike_Hermit","Slimebound:SplitLeeching"]},{"damage_healed":0.0,"max_hp_gain":0.0,"max_hp_loss":0.0,"gold_gain":0.0,"event_name":"FaceTrader","player_choice":"Trade","floor":22.0,"gold_loss":0.0,"damage_taken":0.0,"relics_obtained":["SsserpentHead"]},{"cards_removed":["hermit:Maintenance"],"damage_healed":0.0,"max_hp_gain":0.0,"max_hp_loss":0.0,"gold_gain":0.0,"event_name":"betterNote:BetterNote","player_choice":"Take \u0026 Give","floor":25.0,"gold_loss":0.0,"damage_taken":0.0,"cards_obtained":["hermit:FlashPowder"]},{"damage_healed":0.0,"max_hp_gain":0.0,"max_hp_loss":0.0,"gold_gain":0.0,"event_name":"Upgrade Shrine","player_choice":"Upgraded","floor":27.0,"gold_loss":0.0,"damage_taken":0.0,"cards_upgraded":["hermit:RoundhouseKick"]},{"cards_removed":["Slimebound:LeadByExample"],"damage_healed":0.0,"max_hp_gain":0.0,"max_hp_loss":0.0,"gold_gain":0.0,"event_name":"Falling","player_choice":"Removed Power","floor":36.0,"gold_loss":0.0,"damage_taken":0.0}],"is_beta":false,"boss_relics":[{"not_picked":["Painkiller Herb","Honey Jar"],"picked":"Tiny House"},{"not_picked":["Snecko Eye","qcfpunch:Killian_Engine_Alpha"],"picked":"ReplayTheSpireMod:DimensionalGlitch"}],"items_purged_floors":[],"is_endless":false,"potions_floor_spawned":[12,14,16,23,28,30,33,35],"killed_by":"Giant Head","ascension_level":1}}