{"host":"sc0o2qwpf9j16a4i","time":1613152964,"event":{"mods":["AchievementEnabler","BaseMod","BetterRewards","Block Reminder","Colored Map","Colored Powertips","Custom Start","Highlight Path","Minty Spire (QoL Compilation)","Relic Stats"],"gold_per_floor":[111,127,127,28,44,44,57,91,160,179,195,220,271,371,371,470,470,480,18,28,54,66,111,157,185,197,240,252,276,288,319,331,442,454,486,509,9,9,24,54,54,68,68,68,68,68,102,116,116,116],"floor_reached":51,"language":"ENG","playtime":1746,"items_purged":["Strike_R"],"score":1109,"play_id":"06632ef4-687b-45ae-97d3-a71f3ce5e719","local_time":"20210212200244","daily_mods":["Chimera","Vintage","Binary"],"is_ascension_mode":false,"campfire_choices":[{"floor":6,"key":"DIG"},{"floor":15,"key":"REST"},{"floor":32,"key":"DIG"},{"floor":41,"key":"DIG"},{"floor":45,"key":"DIG"},{"floor":49,"key":"DIG"}],"circlet_count":0,"master_deck":["Bash+1","Survivor+1","Zap","Eruption","Strike_G","Strike_B","Defend_R+1","Defend_P+1","Blade Dance","Accuracy","Envenom+1","CurseOfTheBell","Apotheosis","Well Laid Plans+1","Dagger Throw+1","Infinite Blades+1","Noxious Fumes+1","Venomology+1","Footwork+1","Finisher+1","Master of Strategy+1","Chrysalis+1","Sadistic Nature+1","Backflip+1"],"relics":["Ring of the Snake","Shovel","Toy Ornithopter","InkBottle","Gambling Chip","Mummified Hand","PreservedInsect","Frozen Egg 2","War Paint","Potion Belt","Incense Burner","Calling Bell","Happy Flower","Blue Candle","Du-Vu Doll","Omamori","Lantern","MawBank","Blood Vial","Enchiridion","Unceasing Top","Red Mask","Toxic Egg 2","Mercury Hourglass","Nunchaku","FaceOfCleric","Pantograph","White Beast Statue","Ornamental Fan","Gremlin Horn","Cursed Key","StrikeDummy","Shuriken","Mango","Sling","Prayer Wheel","Bronze Scales","Bottled Tornado","Strawberry","Bottled Flame","Eternal Feather","Juzu Bracelet","Letter Opener","Bottled Lightning"],"acts_visited":["Exordium","TheCity","TheBeyond"],"potions_floor_usage":[7,8,12,24,35,36,39,42,47,50,50,50,50,50],"damage_taken":[{"damage":0,"enemies":"Small Slimes","floor":1,"turns":4},{"damage":0,"enemies":"Jaw Worm","floor":2,"turns":3},{"damage":0,"enemies":"Cultist","floor":5,"turns":4},{"damage":0,"enemies":"Lots of Slimes","floor":7,"turns":1},{"damage":36,"enemies":"Lagavulin","floor":8,"turns":4},{"damage":0,"enemies":"2 Fungi Beasts","floor":10,"turns":4},{"damage":0,"enemies":"Exordium Thugs","floor":11,"turns":3},{"damage":0,"enemies":"Gremlin Nob","floor":12,"turns":3},{"damage":19,"enemies":"Slime Boss","floor":16,"turns":6},{"damage":12,"enemies":"2 Thieves","floor":18,"turns":4},{"damage":0,"enemies":"Spheric Guardian","floor":20,"turns":3},{"damage":0,"enemies":"Centurion and Healer","floor":21,"turns":4},{"damage":0,"enemies":"Gremlin Leader","floor":23,"turns":4},{"damage":0,"enemies":"Masked Bandits","floor":24,"turns":3},{"damage":5,"enemies":"Shelled Parasite and Fungi","floor":25,"turns":3},{"damage":11,"enemies":"Slavers","floor":27,"turns":3},{"damage":7,"enemies":"Snake Plant","floor":29,"turns":3},{"damage":7,"enemies":"Centurion and Healer","floor":31,"turns":3},{"damage":10,"enemies":"Champ","floor":33,"turns":6},{"damage":0,"enemies":"Orb Walker","floor":35,"turns":3},{"damage":0,"enemies":"3 Shapes","floor":36,"turns":2},{"damage":13,"enemies":"Spire Growth","floor":39,"turns":3},{"damage":0,"enemies":"Nemesis","floor":40,"turns":1},{"damage":0,"enemies":"Sphere and 2 Shapes","floor":42,"turns":3},{"damage":0,"enemies":"Reptomancer","floor":47,"turns":2},{"damage":0,"enemies":"4 Shapes","floor":48,"turns":2},{"damage":0,"enemies":"Time Eater","floor":50,"turns":4}],"seed_played":"477383850990438156","potions_obtained":[{"floor":1,"key":"SpeedPotion"},{"floor":2,"key":"Explosive Potion"},{"floor":7,"key":"Poison Potion"},{"floor":10,"key":"Ancient Potion"},{"floor":20,"key":"CunningPotion"},{"floor":24,"key":"LiquidBronze"},{"floor":29,"key":"LiquidBronze"},{"floor":31,"key":"CultistPotion"}],"is_trial":true,"path_per_floor":["M","M","?","$","M","R","M","E","T","M","M","E","?","?","R","B",null,"M","$","M","M","?","E","?","M","T","E","?","M","T","M","R","B",null,"M","M","$","?","M","E","R","M","T","?","R","?","E","M","R","B",null],"character_chosen":"THE_SILENT","items_purchased":["Explosive Potion","Blade Dance","Apotheosis","Lantern","Well Laid Plans+1","Footwork+1","Mango","Sling"],"campfire_rested":1,"item_purchase_floors":[4,4,19,19,19,37,37,37],"current_hp_per_floor":[70,70,56,56,56,56,61,30,30,30,30,35,35,35,56,37,70,58,58,58,58,42,44,51,48,48,39,39,35,35,31,31,49,73,74,75,89,85,73,76,76,91,91,91,91,81,89,92,97,98],"gold":116,"neow_bonus":"","is_daily":false,"chose_seed":false,"campfire_upgraded":0,"win_rate":0.0,"timestamp":1613152964,"path_taken":["M","M","?","$","M","R","M","E","T","M","M","E","?","?","R","BOSS","M","$","M","?","?","E","?","M","T","E","?","?","?","M","R","BOSS","M","M","$","?","M","E","R","M","T","?","R","?","E","M","R","BOSS"],"items_purchased_type":["Potion","Card","Card","Relic","Card","Card","Relic","Relic"],"build_version":"2020-12-22","purchased_purges":1,"victory":true,"max_hp_per_floor":[70,70,70,70,70,70,70,70,70,70,70,70,70,70,70,70,70,70,70,70,70,70,70,70,70,70,70,70,71,71,72,72,73,73,74,75,89,85,86,87,87,95,95,95,95,95,96,97,97,98],"relic_stats":{"Gremlin Horn":[9,9],"Juzu Bracelet":0,"Cursed Key":1,"Blood Vial":22,"Nunchaku":[10],"Shovel":5,"FaceOfCleric":11,"Mummified Hand":[101],"Gambling Chip":[81],"Pantograph":25,"Prayer Wheel":0,"InkBottle":[44],"Ring of the Snake":[54],"Happy Flower":[18],"counters":[27,88],"Blue Candle":[0],"Eternal Feather":5,"PreservedInsect":211,"Letter Opener":[5],"War Paint":["Survivor","Defend_R"],"MawBank":204,"Mercury Hourglass":[162],"Ornamental Fan":[80],"Shuriken":[13],"Bronze Scales":[27],"obtain_stats":[{"Lantern":19,"Gremlin Horn":32,"Enchiridion":22,"Mango":37,"Incense Burner":12,"Juzu Bracelet":47,"Bottled Tornado":41,"Cursed Key":34,"Sling":37,"Blood Vial":21,"Nunchaku":27,"Shovel":1,"FaceOfCleric":28,"Mummified Hand":7,"Gambling Chip":6,"Pantograph":29,"Strawberry":42,"Prayer Wheel":39,"Red Mask":24,"Toxic Egg 2":25,"InkBottle":5,"Ring of the Snake":0,"Potion Belt":11,"Happy Flower":17,"Blue Candle":17,"Eternal Feather":45,"PreservedInsect":8,"Omamori":18,"Letter Opener":48,"Frozen Egg 2":9,"War Paint":10,"MawBank":20,"White Beast Statue":30,"Mercury Hourglass":26,"Calling Bell":17,"Du-Vu Doll":17,"Bottled Flame":43,"Ornamental Fan":31,"Shuriken":36,"Bronze Scales":40,"Bottled Lightning":49,"StrikeDummy":35,"Toy Ornithopter":2,"Unceasing Top":23},{"Lantern":10,"Gremlin Horn":18,"Enchiridion":12,"Mango":21,"Incense Burner":8,"Juzu Bracelet":25,"Bottled Tornado":23,"Cursed Key":19,"Sling":21,"Blood Vial":12,"Nunchaku":16,"Shovel":1,"FaceOfCleric":16,"Mummified Hand":4,"Gambling Chip":3,"Pantograph":17,"Strawberry":24,"Prayer Wheel":22,"Red Mask":14,"Toxic Egg 2":15,"InkBottle":3,"Ring of the Snake":0,"Potion Belt":7,"Happy Flower":9,"Blue Candle":9,"Eternal Feather":24,"PreservedInsect":5,"Omamori":10,"Letter Opener":26,"Frozen Egg 2":5,"War Paint":6,"MawBank":11,"White Beast Statue":17,"Mercury Hourglass":15,"Calling Bell":9,"Du-Vu Doll":9,"Bottled Flame":24,"Ornamental Fan":18,"Shuriken":21,"Bronze Scales":23,"Bottled Lightning":26,"StrikeDummy":20,"Toy Ornithopter":2,"Unceasing Top":13},{"Lantern":36,"Gremlin Horn":62,"Enchiridion":43,"Mango":73,"Incense Burner":26,"Juzu Bracelet":82,"Bottled Tornado":77,"Cursed Key":68,"Sling":73,"Blood Vial":43,"Nunchaku":56,"Shovel":4,"FaceOfCleric":56,"Mummified Hand":12,"Gambling Chip":11,"Pantograph":59,"Strawberry":80,"Prayer Wheel":76,"Red Mask":50,"Toxic Egg 2":53,"InkBottle":11,"Ring of the Snake":0,"Potion Belt":23,"Happy Flower":32,"Blue Candle":32,"Eternal Feather":80,"PreservedInsect":16,"Omamori":36,"Letter Opener":84,"Frozen Egg 2":16,"War Paint":20,"MawBank":39,"White Beast Statue":59,"Mercury Hourglass":53,"Calling Bell":32,"Du-Vu Doll":32,"Bottled Flame":80,"Ornamental Fan":62,"Shuriken":73,"Bronze Scales":77,"Bottled Lightning":84,"StrikeDummy":71,"Toy Ornithopter":7,"Unceasing Top":47}],"Toy Ornithopter":30,"Unceasing Top":[12]},"card_choices":[{"not_picked":["Well Laid Plans"],"picked":"Accuracy","floor":8},{"not_picked":["Backflip","Sucker Punch"],"picked":"SKIP","floor":12},{"not_picked":["Phantasmal Killer"],"picked":"Envenom+1","floor":16},{"not_picked":["Heel Hook+1"],"picked":"Dagger Throw+1","floor":23},{"not_picked":["Acrobatics+1"],"picked":"Infinite Blades+1","floor":24},{"not_picked":["Dagger Spray"],"picked":"Noxious Fumes+1","floor":27},{"not_picked":["Bullet Time+1"],"picked":"Venomology+1","floor":33},{"not_picked":["Underhanded Strike"],"picked":"Finisher+1","floor":40},{"not_picked":["Secret Weapon+1"],"picked":"Master of Strategy+1","floor":46},{"not_picked":["Violence+1"],"picked":"Chrysalis+1","floor":46},{"not_picked":["PanicButton+1"],"picked":"Sadistic Nature+1","floor":46},{"not_picked":["Dagger Throw+1"],"picked":"Backflip+1","floor":47}],"player_experience":1377843,"relics_obtained":[{"floor":1,"key":"Shovel"},{"floor":2,"key":"Toy Ornithopter"},{"floor":5,"key":"InkBottle"},{"floor":6,"key":"Gambling Chip"},{"floor":7,"key":"Mummified Hand"},{"floor":8,"key":"PreservedInsect"},{"floor":9,"key":"Frozen Egg 2"},{"floor":10,"key":"War Paint"},{"floor":11,"key":"Potion Belt"},{"floor":12,"key":"Incense Burner"},{"floor":17,"key":"Happy Flower"},{"floor":17,"key":"Blue Candle"},{"floor":17,"key":"Du-Vu Doll"},{"floor":18,"key":"Omamori"},{"floor":20,"key":"MawBank"},{"floor":21,"key":"Blood Vial"},{"floor":22,"key":"Enchiridion"},{"floor":23,"key":"Unceasing Top"},{"floor":24,"key":"Red Mask"},{"floor":25,"key":"Toxic Egg 2"},{"floor":26,"key":"Mercury Hourglass"},{"floor":27,"key":"Nunchaku"},{"floor":29,"key":"Pantograph"},{"floor":30,"key":"White Beast Statue"},{"floor":31,"key":"Ornamental Fan"},{"floor":32,"key":"Gremlin Horn"},{"floor":35,"key":"StrikeDummy"},{"floor":36,"key":"Shuriken"},{"floor":39,"key":"Prayer Wheel"},{"floor":40,"key":"Bronze Scales"},{"floor":41,"key":"Bottled Tornado"},{"floor":42,"key":"Strawberry"},{"floor":43,"key":"Bottled Flame"},{"floor":45,"key":"Eternal Feather"},{"floor":47,"key":"Juzu Bracelet"},{"floor":48,"key":"Letter Opener"},{"floor":49,"key":"Bottled Lightning"}],"event_choices":[{"damage_healed":0,"gold_gain":0,"player_choice":"Entered Light","damage_taken":14,"max_hp_gain":0,"max_hp_loss":0,"event_name":"Shining Light","floor":3,"gold_loss":0,"cards_upgraded":["Defend_P","Bash"]},{"damage_healed":0,"gold_gain":51,"player_choice":"Gained Gold","damage_taken":0,"max_hp_gain":0,"max_hp_loss":0,"event_name":"Golden Wing","floor":13,"gold_loss":0},{"damage_healed":0,"gold_gain":100,"player_choice":"Pray","damage_taken":0,"max_hp_gain":0,"max_hp_loss":0,"event_name":"Golden Shrine","floor":14,"gold_loss":0},{"damage_healed":0,"gold_gain":0,"player_choice":"Obtained Book","damage_taken":16,"max_hp_gain":0,"max_hp_loss":0,"event_name":"Cursed Tome","floor":22,"gold_loss":0},{"damage_healed":0,"gold_gain":0,"player_choice":"Fought Bandits","damage_taken":0,"max_hp_gain":0,"max_hp_loss":0,"event_name":"Masked Bandits","floor":24,"gold_loss":0},{"damage_healed":0,"gold_gain":0,"player_choice":"Trade","damage_taken":0,"relics_obtained":["FaceOfCleric"],"max_hp_gain":0,"max_hp_loss":0,"event_name":"FaceTrader","floor":28,"gold_loss":0},{"damage_healed":0,"gold_gain":0,"player_choice":"Max HP","damage_taken":0,"max_hp_gain":0,"max_hp_loss":4,"event_name":"Winding Halls","floor":38,"gold_loss":0},{"cards_removed":["Defend_G"],"damage_healed":0,"gold_gain":0,"player_choice":"Removed Skill","damage_taken":0,"max_hp_gain":0,"max_hp_loss":0,"event_name":"Falling","floor":44,"gold_loss":0},{"damage_healed":0,"gold_gain":0,"player_choice":"Memory 3","damage_taken":10,"max_hp_gain":0,"max_hp_loss":0,"event_name":"SensoryStone","floor":46,"gold_loss":0}],"is_beta":false,"boss_relics":[{"not_picked":["SacredBark","Velvet Choker"],"picked":"Calling Bell"},{"not_picked":["Empty Cage","Philosopher\u0027s Stone"],"picked":"Cursed Key"}],"items_purged_floors":[19],"is_endless":false,"potions_floor_spawned":[1,2,7,10,20,24,29,31,33,35,36,39,40,42,47,48],"ascension_level":0}}