{"host":"qxeepl7ydvsgmfdb","time":1613144875,"event":{"mods":["AchievementEnabler","BaseMod","Colored Powertips","Minty Spire (QoL Compilation)","Quick Restart","slay the spire mod where everything is the same but ironclad has a cowboy hat"],"gold_per_floor":[111,8,27,27,27,58,58,92,92,117,117,147,162,12,12,115,115,129,129,146,146,146],"floor_reached":21,"language":"ENG","playtime":1218,"items_purged":["Strike_B"],"score":313,"play_id":"32eb438c-e09f-4956-a454-bc2471149ee5","local_time":"20210212104755","is_ascension_mode":true,"campfire_choices":[{"floor":11,"key":"REST"},{"data":"White Noise","floor":15,"key":"SMITH"}],"circlet_count":0,"master_deck":["Strike_B","Strike_B","Defend_B","Defend_B","Defend_B","Defend_B","Zap+1","Dualcast","Conserve Battery","Melter","Coolheaded","White Noise+1","Fission"],"relics":["Cracked Core","NeowsBlessing","Singing Bowl","NlothsMask","Orichalcum","MealTicket","Mercury Hourglass","Inserter"],"acts_visited":["Exordium","TheCity"],"potions_floor_usage":[2,10,16],"damage_taken":[{"damage":0,"enemies":"Small Slimes","floor":1,"turns":1},{"damage":0,"enemies":"Cultist","floor":3,"turns":1},{"damage":0,"enemies":"3 Sentries","floor":6,"turns":2},{"damage":26,"enemies":"Lagavulin","floor":8,"turns":8},{"damage":25,"enemies":"Gremlin Nob","floor":10,"turns":4},{"damage":27,"enemies":"3 Sentries","floor":12,"turns":8},{"damage":0,"enemies":"2 Louse","floor":13,"turns":1},{"damage":31,"enemies":"Slime Boss","floor":16,"turns":8},{"damage":7,"enemies":"Chosen","floor":18,"turns":6},{"damage":21,"enemies":"Shell Parasite","floor":20,"turns":5},{"damage":37,"enemies":"Cultist and Chosen","floor":21,"turns":5}],"seed_played":"3186005183397013935","potions_obtained":[{"floor":8,"key":"EssenceOfDarkness"},{"floor":10,"key":"Energy Potion"},{"floor":12,"key":"Energy Potion"},{"floor":16,"key":"Dexterity Potion"},{"floor":18,"key":"DuplicationPotion"}],"is_trial":false,"path_per_floor":["M","$","M","?","$","E","?","E","T","E","R","E","M","$","R","B",null,"M","?","M","M"],"character_chosen":"DEFECT","items_purchased":["Fruit Juice","White Noise"],"campfire_rested":1,"item_purchase_floors":[2,14],"current_hp_per_floor":[75,80,80,80,80,80,80,56,56,33,58,33,35,50,50,21,73,68,68,49,12,12],"gold":146,"neow_bonus":"THREE_ENEMY_KILL","is_daily":false,"chose_seed":false,"campfire_upgraded":1,"win_rate":0.0,"timestamp":1613144875,"path_taken":["M","$","M","?","?","E","?","E","T","E","R","E","?","$","R","BOSS","M","?","?","M"],"items_purchased_type":["Potion","Card"],"build_version":"2020-12-22","purchased_purges":1,"victory":false,"max_hp_per_floor":[75,80,80,80,80,80,80,82,82,84,84,86,88,88,88,90,90,92,92,94,94,94],"card_choices":[{"not_picked":["Coolheaded","Leap"],"picked":"Conserve Battery","floor":1},{"not_picked":["Aggregate","Gash"],"picked":"Melter","floor":3},{"not_picked":["Go for the Eyes","Leap"],"picked":"Coolheaded","floor":6},{"not_picked":["Streamline","Conserve Battery","Heatsinks"],"picked":"Singing Bowl","floor":8},{"not_picked":["Reprogram","Thunder Strike","Turbo"],"picked":"Singing Bowl","floor":10},{"not_picked":["Compile Driver","Barrage","Melter"],"picked":"Singing Bowl","floor":12},{"not_picked":["Conserve Battery","Compile Driver","FTL"],"picked":"Singing Bowl","floor":13},{"not_picked":["Meteor Strike","Amplify","Fission"],"picked":"Singing Bowl","floor":16},{"not_picked":["Steam","Leap","Sunder"],"picked":"Singing Bowl","floor":18},{"not_picked":["Rebound","Compile Driver+1","Conserve Battery"],"picked":"Singing Bowl","floor":20}],"player_experience":159698,"relics_obtained":[{"floor":6,"key":"Singing Bowl"},{"floor":8,"key":"Orichalcum"},{"floor":10,"key":"MealTicket"},{"floor":12,"key":"Mercury Hourglass"}],"event_choices":[{"damage_healed":0,"gold_gain":0,"player_choice":"Forge","damage_taken":0,"max_hp_gain":0,"max_hp_loss":0,"event_name":"Accursed Blacksmith","floor":4,"gold_loss":0,"cards_upgraded":["Zap"]},{"damage_healed":0,"gold_gain":0,"player_choice":"Trade","damage_taken":0,"relics_obtained":["NlothsMask"],"max_hp_gain":0,"max_hp_loss":0,"event_name":"FaceTrader","floor":7,"gold_loss":0},{"damage_healed":0,"gold_gain":0,"cards_transformed":["Strike_B"],"player_choice":"Transformed","damage_taken":0,"max_hp_gain":0,"max_hp_loss":0,"event_name":"Transmorgrifier","floor":19,"gold_loss":0,"cards_obtained":["Fission"]}],"is_beta":false,"boss_relics":[{"not_picked":["Snecko Eye","Philosopher\u0027s Stone"],"picked":"Inserter"}],"items_purged_floors":[14],"is_endless":false,"potions_floor_spawned":[8,10,12,16,18],"killed_by":"Cultist and Chosen","ascension_level":5}}