{"host":"x7u3amoxy3d4heu5","time":1613164404,"event":{"mods":["BaseMod","Colored Map","DeckTracker","Hermit","Hubris","Infinite Spire","Marisa????????","Minty Spire (QoL Compilation)","Quick Restart","Replay The Spire","StSLib","The Cursed","The IronCluck","The Jungle","The Servant 0.9.4","The Wild Card","Unceasing Turn Reminder","slay the spire mod where everything is the same but ironclad has a cowboy hat"],"gold_per_floor":[113,113,124,124,143,168,168,185,185,150,150,76,101,113,113,215,215,226,226,226,244,254,254,254,254],"floor_reached":24,"language":"ENG","playtime":1638,"items_purged":[],"score":227,"play_id":"d971b1c3-9c48-4147-b99d-dfd15ba18f8f","local_time":"20210212141324","is_ascension_mode":true,"campfire_choices":[{"data":"hermit:Covet","floor":11,"key":"SMITH"},{"data":"TheCursedMod:HellsGateOpen","floor":15,"key":"SMITH"},{"data":"TheCursedMod:BloodBarrier","floor":23,"key":"SMITH"}],"circlet_count":0,"master_deck":["hermit:Strike_Hermit","hermit:Strike_Hermit","hermit:Strike_Hermit","hermit:Strike_Hermit","hermit:Defend_Hermit","hermit:Defend_Hermit","hermit:Defend_Hermit","hermit:Defend_Hermit","hermit:Snapshot","hermit:Covet+1","hermit:HighCaliber+1","hermit:CursedWeapon+1","hermit:Dive","hermit:SprayPray","Delirium","TheCursedMod:RapidMovement","hermit:TakeCover","TheCursedMod:HellsGateOpen+1","hermit:Magnum","TheCursedMod:TacticalStrike","Shame","hermit:Deadeye","TheCursedMod:BloodBarrier+1"],"relics":["hermit:Momento","NeowsBlessing","ReplayFunnel","hubris:DisguiseKit","Replay:Baseball","Shuriken","hubris:Backtick","TheCursedMod:SoulVessel","Chameleon Ring"],"acts_visited":["Exordium","TheCity"],"potions_floor_usage":[],"damage_taken":[{"damage":0,"enemies":"2 Louse","floor":1,"turns":1},{"damage":0,"enemies":"Cultist","floor":3,"turns":1},{"damage":0,"enemies":"Small Slimes","floor":5,"turns":1},{"damage":29,"enemies":"Lagavulin","floor":6,"turns":6},{"damage":3,"enemies":"2 Fungi Beasts","floor":8,"turns":2},{"damage":17,"enemies":"3 Sentries","floor":13,"turns":10},{"damage":8,"enemies":"Blue Slaver","floor":14,"turns":3},{"damage":31,"enemies":"The Guardian","floor":16,"turns":14},{"damage":2,"enemies":"Spheric Guardian","floor":18,"turns":2},{"damage":35,"enemies":"Shell Parasite","floor":21,"turns":5},{"damage":23,"enemies":"Centurion and Healer","floor":22,"turns":7},{"damage":7,"enemies":"Gremlin Leader","floor":24,"turns":2}],"seed_played":"4124818217147613169","potions_obtained":[{"floor":3,"key":"Cursed Concoction"},{"floor":5,"key":"Explosive Potion"},{"floor":6,"key":"Strength Potion"},{"floor":21,"key":"Swift Potion"}],"is_trial":false,"path_per_floor":["M","?","M","?","M","E","?","M","T","?","R","$","E","M","R","B",null,"M","?","?","M","M","R","E"],"character_chosen":"HERMIT","items_purchased":["hermit:TakeCover"],"campfire_rested":0,"item_purchase_floors":[12],"current_hp_per_floor":[75,75,75,75,75,46,46,43,43,61,61,61,44,36,36,5,75,73,59,59,26,7,7,0,0],"gold":254,"neow_bonus":"THREE_ENEMY_KILL","is_daily":false,"chose_seed":false,"campfire_upgraded":3,"win_rate":0.0,"timestamp":1613164404,"path_taken":["M","?","M","?","?","E","?","M","T","?","R","$","E","M","R","BOSS","M","?","?","M","M","R","E"],"items_purchased_type":["Card"],"build_version":"2020-12-22","purchased_purges":0,"victory":false,"max_hp_per_floor":[75,75,75,75,75,75,75,75,75,75,75,75,75,75,75,75,75,75,80,80,80,80,80,80,80],"card_choices":[{"not_picked":["hermit:Manifest","hermit:LowProfile"],"picked":"hermit:HighCaliber","floor":1},{"not_picked":["hermit:Brawl","hermit:BodyArmor"],"picked":"hermit:CursedWeapon","floor":3},{"not_picked":["hermit:Misfire","hermit:Headshot"],"picked":"hermit:Dive","floor":5},{"not_picked":["hermit:BlackWind","hermit:Combo"],"picked":"hermit:SprayPray","floor":6},{"not_picked":["hermit:Headshot","hermit:GoldenBullet","hermit:BodyArmor"],"picked":"TheCursedMod:RapidMovement","floor":8},{"not_picked":["hermit:Dive","hermit:BigShot","hermit:EyeOfTheStorm"],"picked":"TheCursedMod:HellsGateOpen","floor":13},{"not_picked":["hermit:ItchyTrigger","hermit:Desperado","hermit:Vantage","TheCursedMod:CursedStaff"],"picked":"SKIP","floor":14},{"not_picked":["hermit:DeadOrAlive","hermit:BlackWind","TheCursedMod:ParallelWorld"],"picked":"hermit:Magnum","floor":16},{"not_picked":["hermit:HoleUp","hermit:LoneWolf","hermit:Headshot+1"],"picked":"TheCursedMod:TacticalStrike","floor":18},{"not_picked":["hermit:Feint+1","hermit:HoleUp+1","TheCursedMod:Mangle"],"picked":"hermit:Deadeye","floor":21},{"not_picked":["hermit:Glare","hermit:CalledShot","hermit:HighCaliber"],"picked":"TheCursedMod:BloodBarrier","floor":22}],"player_experience":609178,"relics_obtained":[{"floor":6,"key":"ReplayFunnel"},{"floor":9,"key":"Replay:Baseball"},{"floor":13,"key":"Shuriken"}],"event_choices":[{"damage_healed":0,"gold_gain":0,"player_choice":"Upgraded","damage_taken":0,"max_hp_gain":0,"max_hp_loss":0,"event_name":"Upgrade Shrine","floor":4,"gold_loss":0,"cards_upgraded":["hermit:CursedWeapon"]},{"damage_healed":18,"gold_gain":0,"player_choice":"Healed","damage_taken":0,"max_hp_gain":0,"max_hp_loss":0,"event_name":"The Cleric","floor":10,"gold_loss":35},{"damage_healed":0,"gold_gain":0,"player_choice":"Shed Blood","damage_taken":19,"max_hp_gain":5,"max_hp_loss":0,"event_name":"Forgotten Altar","floor":19,"gold_loss":0},{"damage_healed":0,"gold_gain":0,"player_choice":"Stole Relic","damage_taken":0,"relics_obtained":["Chameleon Ring"],"max_hp_gain":0,"max_hp_loss":0,"event_name":"Addict","floor":20,"gold_loss":0,"cards_obtained":["Shame"]}],"is_beta":false,"boss_relics":[{"not_picked":["Sozu","Honey Jar"],"picked":"hubris:Backtick"}],"items_purged_floors":[],"is_endless":false,"potions_floor_spawned":[3,5,6,14,21],"killed_by":"Gremlin Leader","ascension_level":2}}