{"host":"fzku1ofsxv8lro8o","time":1613126128,"event":{"mods":["BaseMod","Colored Map","Downfall","Minty Spire (QoL Compilation)","Relic Stats","StSLib","everything is the same but u backflip on backflip"],"gold_per_floor":[99,114,131,145,33,33,33,48,48,148,148,176,186,261,281,385,385,385,398,398,398,398,430,430,315,346,246,189,202,102,122,134,234,234,234,246,246,103,103,116,116,166,179,179,179,179],"floor_reached":44,"language":"ENG","playtime":2146,"items_purged":["Slimebound:Strike_Slimebound","Parasite","Parasite"],"score":592,"play_id":"9fe26158-7d2a-4336-8ad7-72840385c62c","local_time":"20210212133528","is_ascension_mode":true,"campfire_choices":[{"data":"Slimebound:Tackle","floor":1,"key":"SMITH"},{"data":"Slimebound:GoopSpray","floor":6,"key":"SMITH"},{"data":"Slimebound:Schlurp","floor":9,"key":"SMITH"},{"data":"Slimebound:SplitMire","floor":11,"key":"SMITH"},{"data":"Slimebound:CheckThePlaybook","floor":18,"key":"SMITH"},{"floor":27,"key":"RECALL"},{"floor":30,"key":"REST"},{"data":"Slimebound:RollThrough","floor":35,"key":"SMITH"}],"circlet_count":0,"master_deck":["Slimebound:Tackle+1","Slimebound:Nibble","Slimebound:SplitMire+1","Slimebound:PressTheAttack+1","Slimebound:LeechingTouch","Slimebound:GoopSpray+1","Slimebound:Schlurp+1","Slimebound:CheckThePlaybook+1","Slimebound:BestDefense","Slimebound:RollThrough+1","Slimebound:ComboTackle","Slimebound:MassFeed","Slimebound:FlameTackle","Slimebound:SpikyOuterGoop","Slimebound:Chomp","Slimebound:LivingWall+1","Slimebound:SpikyOuterGoop","Slimebound:SlimeBrawl","Slimebound:GrowthPunch","Slimebound:FormOfPuddle+1","Slimebound:FormOfPuddle+1","Slimebound:RollThrough","Slimebound:Equalize","Slimebound:FinishingTackle","Normality"],"relics":["Slimebound:AbsorbEndCombat","Tiny Chest","Toy Ornithopter","Cursed Key","Sundial","Blue Candle","WingedGreaves","hexamod:CandleOfCauterizing","downfall:HeartBlessingGreen","Meat on the Bone","downfall:HeartBlessingRed","Pandora\u0027s Box","Orrery","Turnip"],"acts_visited":["Exordium","TheCity","TheBeyond"],"potions_floor_usage":[26,26,28,33],"damage_taken":[{"damage":4,"enemies":"Small Slimes","floor":2,"turns":3},{"damage":12,"enemies":"Jaw Worm","floor":3,"turns":3},{"damage":1,"enemies":"2 Louse","floor":4,"turns":2},{"damage":13,"enemies":"downfall:FleeingMerchant","floor":5,"turns":4},{"damage":9,"enemies":"Exordium Thugs","floor":8,"turns":4},{"damage":27,"enemies":"downfall:Heads","floor":10,"turns":5},{"damage":0,"enemies":"Lagavulin","floor":12,"turns":4},{"damage":0,"enemies":"Blue Slaver","floor":13,"turns":2},{"damage":10,"enemies":"Exordium Wildlife","floor":15,"turns":3},{"damage":4,"enemies":"SI_SHIV_ARCHETYPE","floor":16,"turns":5},{"damage":13,"enemies":"3 Byrds","floor":19,"turns":3},{"damage":35,"enemies":"Gremlin Leader","floor":23,"turns":2},{"damage":23,"enemies":"downfall:FleeingMerchant","floor":25,"turns":4},{"damage":20,"enemies":"Slavers","floor":26,"turns":3},{"damage":16,"enemies":"downfall:FleeingMerchant","floor":28,"turns":4},{"damage":10,"enemies":"Shell Parasite","floor":29,"turns":5},{"damage":7,"enemies":"Sentry and Sphere","floor":31,"turns":3},{"damage":9,"enemies":"Centurion and Healer","floor":32,"turns":6},{"damage":10,"enemies":"WA_ARCHETYPE_CALM","floor":33,"turns":7},{"damage":2,"enemies":"Orb Walker","floor":36,"turns":3},{"damage":20,"enemies":"3 Shapes","floor":40,"turns":7},{"damage":27,"enemies":"3 Shapes","floor":42,"turns":8},{"damage":50,"enemies":"Writhing Mass","floor":43,"turns":5},{"damage":60,"enemies":"Nemesis","floor":44,"turns":4}],"seed_played":"459311056908503486","potions_obtained":[{"floor":3,"key":"SkillPotion"},{"floor":8,"key":"Explosive Potion"},{"floor":12,"key":"Slimebound:SlimedPotion"},{"floor":31,"key":"PowerPotion"},{"floor":33,"key":"Dexterity Potion"},{"floor":43,"key":"hexamod:SoulburnPotion"}],"is_trial":false,"path_per_floor":["R","M","M","M","$","R","T","M","R","?","R","E","M","?","M","B",null,"R","M","?","T","?","E","T","$","E","R","$","M","R","M","M","B",null,"R","M","?","$","T","M","T","?","M","E"],"character_chosen":"SLIMEBOUND","items_purchased":["Slimebound:GoopSpray","Meat on the Bone","Orrery"],"campfire_rested":1,"item_purchase_floors":[5,28,38],"current_hp_per_floor":[47,47,43,46,41,41,41,40,40,21,21,27,33,33,31,35,65,65,69,69,69,69,43,43,24,25,25,22,30,52,52,54,57,80,80,78,78,78,78,69,69,63,41,0,0,0],"gold":179,"neow_bonus":"REMOVE_TWO","is_daily":false,"chose_seed":false,"campfire_upgraded":6,"win_rate":0.0,"timestamp":1613126128,"path_taken":["R","M","M","M","$","R","T","M","R","?","R","E","M","?","M","BOSS","R","M","?","?","?","E","T","$","E","R","$","?","R","M","M","BOSS","R","M","?","$","?","M","T","?","?","E"],"items_purchased_type":["Card","Relic","Relic"],"build_version":"2020-12-22","purchased_purges":3,"victory":false,"max_hp_per_floor":[65,65,65,65,65,65,65,65,65,65,65,65,65,65,65,65,65,65,74,74,74,74,77,77,74,77,77,74,74,74,77,80,80,80,80,80,80,80,80,83,83,92,92,92,92,92],"relic_stats":{"counters":[24,99],"Sundial":[6],"Blue Candle":[5],"Tiny Chest":2,"Pandora\u0027s Box":["Slimebound:SpikyOuterGoop","Slimebound:SlimeBrawl","Slimebound:GrowthPunch"],"Turnip":[0],"Cursed Key":3,"obtain_stats":[{"hexamod:CandleOfCauterizing":26,"downfall:HeartBlessingRed":30,"Blue Candle":23,"downfall:HeartBlessingGreen":27,"Cursed Key":17,"Sundial":21,"Orrery":38,"Tiny Chest":7,"Pandora\u0027s Box":34,"WingedGreaves":24,"Turnip":42,"Slimebound:AbsorbEndCombat":0,"Toy Ornithopter":12,"Meat on the Bone":28},{"hexamod:CandleOfCauterizing":14,"downfall:HeartBlessingRed":16,"Blue Candle":12,"downfall:HeartBlessingGreen":14,"Cursed Key":10,"Sundial":11,"Orrery":20,"Tiny Chest":4,"Pandora\u0027s Box":19,"WingedGreaves":12,"Turnip":22,"Slimebound:AbsorbEndCombat":0,"Toy Ornithopter":7,"Meat on the Bone":15},{"hexamod:CandleOfCauterizing":47,"downfall:HeartBlessingRed":56,"Blue Candle":40,"downfall:HeartBlessingGreen":47,"Cursed Key":35,"Sundial":38,"Orrery":75,"Tiny Chest":12,"Pandora\u0027s Box":72,"WingedGreaves":40,"Turnip":90,"Slimebound:AbsorbEndCombat":0,"Toy Ornithopter":25,"Meat on the Bone":51}],"Toy Ornithopter":20,"Meat on the Bone":24},"card_choices":[{"not_picked":["Slimebound:ItLooksTasty","Slimebound:LivingWall"],"picked":"Slimebound:Nibble","floor":2},{"not_picked":["Slimebound:LeechingTouch","Slimebound:SplitAcid"],"picked":"Slimebound:SplitMire","floor":3},{"not_picked":["Slimebound:ItLooksTasty","Slimebound:ViciousTackle"],"picked":"Slimebound:PressTheAttack","floor":4},{"not_picked":["Slimebound:SplitLeeching","Slimebound:RejuvenatingLick"],"picked":"Slimebound:LeechingTouch","floor":5},{"not_picked":["Slimebound:ServeAndProtect","Slimebound:LeechingTouch"],"picked":"Slimebound:Schlurp","floor":8},{"not_picked":["Slimebound:ItLooksTasty","Slimebound:Dissolve"],"picked":"Slimebound:BestDefense","floor":12},{"not_picked":["Slimebound:FinishingTackle","Slimebound:Prepare"],"picked":"Slimebound:RollThrough","floor":13},{"not_picked":["Slimebound:HungryTackle","Slimebound:RainOfGoop"],"picked":"Slimebound:ComboTackle","floor":15},{"not_picked":["Slimebound:WasteNot","Slimebound:Overexert"],"picked":"Slimebound:MassFeed","floor":16},{"not_picked":["Slimebound:LeechEnergy","Slimebound:GoopTackle","Slimebound:SplitSpecialist"],"picked":"SKIP","floor":19},{"not_picked":["Slimebound:Prepare","Slimebound:ComboTackle","Slimebound:MinionMaster"],"picked":"SKIP","floor":23},{"not_picked":["Slimebound:LeechEnergy","Slimebound:Prepare"],"picked":"Slimebound:SpikyOuterGoop","floor":25},{"not_picked":["Slimebound:DivideAndConquer+1","Slimebound:Prepare"],"picked":"Slimebound:Chomp","floor":26},{"not_picked":["Slimebound:Dissolve","Slimebound:SplitAcid","Slimebound:FinishingTackle"],"picked":"SKIP","floor":28},{"not_picked":["Slimebound:FinishingTackle","Slimebound:ItLooksTasty","Slimebound:SamplingLick"],"picked":"SKIP","floor":29},{"not_picked":["Slimebound:SplitAcid","Slimebound:DouseInSlime","Slimebound:Prepare"],"picked":"SKIP","floor":31},{"not_picked":["Slimebound:GoopTackle","Slimebound:Grow"],"picked":"Slimebound:LivingWall+1","floor":32},{"not_picked":["Slimebound:Prepare","Slimebound:DisruptingSlam+1"],"picked":"Slimebound:FormOfPuddle+1","floor":36},{"not_picked":["Slimebound:SpikyOuterGoop","Slimebound:Nibble"],"picked":"Slimebound:FormOfPuddle+1","floor":38},{"not_picked":["Slimebound:ItLooksTasty","Slimebound:HauntingLick+1"],"picked":"Slimebound:RollThrough","floor":38},{"not_picked":["Slimebound:Nibble+1","Slimebound:RainOfGoop+1"],"picked":"Slimebound:Equalize","floor":38},{"not_picked":["Slimebound:SplitBruiser+1","Slimebound:SplitAcid"],"picked":"Slimebound:FinishingTackle","floor":38},{"not_picked":["Slimebound:SamplingLick+1","Slimebound:HauntingLick+1","Slimebound:Prepare"],"picked":"SKIP","floor":40},{"not_picked":["Slimebound:GoopTackle","Slimebound:SlimeBrawl+1","Slimebound:ItLooksTasty"],"picked":"SKIP","floor":43}],"player_experience":958360,"relics_obtained":[{"floor":7,"key":"Tiny Chest"},{"floor":12,"key":"Toy Ornithopter"},{"floor":21,"key":"Sundial"},{"floor":23,"key":"Blue Candle"},{"floor":24,"key":"WingedGreaves"},{"floor":26,"key":"hexamod:CandleOfCauterizing"},{"floor":42,"key":"Turnip"}],"event_choices":[{"damage_healed":0,"gold_gain":0,"player_choice":"Leave","damage_taken":0,"max_hp_gain":0,"max_hp_loss":0,"event_name":"FaceTrader","floor":20,"gold_loss":0}],"is_beta":false,"boss_relics":[{"not_picked":["SacredBark","Astrolabe"],"picked":"Cursed Key"},{"not_picked":["Snecko Eye","Tiny House"],"picked":"Pandora\u0027s Box"}],"items_purged_floors":[5,25,28],"is_endless":false,"potions_floor_spawned":[3,8,12,16,23,31,33,43],"killed_by":"Nemesis","ascension_level":3}}