{"host":"Bilverbakes","time":1613160972,"event":{"mods":["2.2 Compatiblity","AchievementEnabler","BaseMod","Bestiary","Colored Map","Minty Spire (QoL Compilation)","Relic Stats","StSLib","ojb\u0027s Info Mod"],"gold_per_floor":[368,368,37,54,66,66,97,97,97,116,116,142,142,158,158,232,232,248,261,24,24,37,65,65,65,65,65,65,93,93,49,49,49,49],"floor_reached":33,"language":"ENG","playtime":979,"items_purged":["Strike_G"],"score":586,"play_id":"d8615924-22e7-4a03-90ec-3d6c46430055","local_time":"20210212141612","is_ascension_mode":true,"campfire_choices":[{"data":"Predator","floor":6.0,"key":"SMITH"},{"data":"Neutralize","floor":8.0,"key":"SMITH"},{"data":"Corpse Explosion","floor":11.0,"key":"SMITH"},{"data":"Dash","floor":13.0,"key":"SMITH"},{"data":"Poisoned Stab","floor":15.0,"key":"SMITH"},{"data":"Deadly Poison","floor":25.0,"key":"SMITH"},{"data":"Prepared","floor":28,"key":"SMITH"},{"data":"Footwork","floor":32,"key":"SMITH"}],"circlet_count":0,"master_deck":["AscendersBane","Strike_G","Strike_G","Defend_G","Defend_G","Defend_G","Defend_G","Survivor","Neutralize+1","Predator+1","Underhanded Strike","Masterful Stab","Corpse Explosion+1","Dash+1","Poisoned Stab+1","Venomology","Blade Dance+1","Deadly Poison+1","Prepared+1","Leg Sweep+1","Leg Sweep+1","Sucker Punch","Footwork+1"],"relics":["Ring of the Snake","Torii","StoneCalendar","Bottled Lightning","Snake Skull","Coffee Dripper","Omamori","Pear","Bottled Flame","Lantern","Toxic Egg 2","Oddly Smooth Stone"],"acts_visited":["Exordium","TheCity"],"potions_floor_usage":[27,29,33],"damage_taken":[{"damage":0.0,"enemies":"Jaw Worm","floor":1.0,"turns":5.0},{"damage":1.0,"enemies":"Cultist","floor":4.0,"turns":3.0},{"damage":0.0,"enemies":"Small Slimes","floor":5.0,"turns":4.0},{"damage":19.0,"enemies":"Gremlin Nob","floor":7.0,"turns":4.0},{"damage":1.0,"enemies":"Blue Slaver","floor":10.0,"turns":3.0},{"damage":1.0,"enemies":"3 Sentries","floor":12.0,"turns":3.0},{"damage":0.0,"enemies":"3 Louse","floor":14.0,"turns":1.0},{"damage":12.0,"enemies":"The Guardian","floor":16.0,"turns":8.0},{"damage":7.0,"enemies":"Chosen","floor":18.0,"turns":3.0},{"damage":0.0,"enemies":"3 Byrds","floor":19.0,"turns":2.0},{"damage":0.0,"enemies":"Centurion and Healer","floor":22.0,"turns":4.0},{"damage":25.0,"enemies":"Slavers","floor":23.0,"turns":3.0},{"damage":0,"enemies":"Shelled Parasite and Fungi","floor":27,"turns":1},{"damage":8,"enemies":"Book of Stabbing","floor":29,"turns":4},{"damage":29,"enemies":"Champ","floor":33,"turns":10}],"seed_played":"4641385794213051788","potions_obtained":[{"floor":7.0,"key":"Swift Potion"},{"floor":10.0,"key":"CultistPotion"},{"floor":18.0,"key":"Energy Potion"}],"is_trial":false,"path_per_floor":["M","?","$","M","M","R","E","R","T","M","R","E","R","M","R","B",null,"M","M","$","T","M","E","?","R","T","M","R","E","?","$","R","B"],"character_chosen":"THE_SILENT","items_purchased":["Torii","Omamori","Footwork"],"campfire_rested":0,"item_purchase_floors":[3,20,31],"current_hp_per_floor":[44,44,44,43,43,43,24,24,24,23,23,22,22,22,22,10,52,45,45,45,55,55,30,30,30,30,30,30,22,22,22,22,0,0],"gold":49,"neow_bonus":"TWO_FIFTY_GOLD","is_daily":false,"chose_seed":false,"campfire_upgraded":8,"win_rate":0.0,"timestamp":1613160972,"path_taken":["M","?","$","M","M","R","E","R","T","M","R","E","R","M","R","BOSS","M","M","$","?","M","E","?","R","T","M","R","E","?","?","R","BOSS"],"items_purchased_type":["Relic","Relic","Card"],"build_version":"2020-12-18","purchased_purges":1,"victory":false,"max_hp_per_floor":[66,66,66,66,66,66,66,66,66,66,66,66,66,66,66,66,66,66,66,66,76,76,76,76,76,76,76,76,76,76,76,76,76,76],"relic_stats":{"Torii":29,"counters":[15,58],"StoneCalendar":[101],"Snake Skull":[27],"obtain_stats":[{"Bottled Flame":23,"Lantern":24,"Pear":21,"Torii":3,"Oddly Smooth Stone":29,"StoneCalendar":7,"Snake Skull":12,"Coffee Dripper":17,"Omamori":20,"Bottled Lightning":9,"Toxic Egg 2":26,"Ring of the Snake":0},{"Bottled Flame":12,"Lantern":12,"Pear":10,"Torii":1,"Oddly Smooth Stone":14,"StoneCalendar":4,"Snake Skull":6,"Coffee Dripper":8,"Omamori":10,"Bottled Lightning":4,"Toxic Egg 2":12,"Ring of the Snake":0},{"Bottled Flame":43,"Lantern":43,"Pear":36,"Torii":5,"Oddly Smooth Stone":48,"StoneCalendar":16,"Snake Skull":22,"Coffee Dripper":31,"Omamori":36,"Bottled Lightning":16,"Toxic Egg 2":43,"Ring of the Snake":0}],"Ring of the Snake":[30]},"card_choices":[{"not_picked":["Poisoned Stab","Dagger Throw"],"picked":"Predator","floor":1.0},{"not_picked":["Backflip","Dagger Spray"],"picked":"Underhanded Strike","floor":4.0},{"not_picked":["Cloak And Dagger","Riddle With Holes"],"picked":"Masterful Stab","floor":5.0},{"not_picked":["Blade Dance","Catalyst"],"picked":"Corpse Explosion","floor":7.0},{"not_picked":["Blur","Expertise","Sucker Punch"],"picked":"SKIP","floor":10.0},{"not_picked":["Eviscerate","Bane"],"picked":"Dash","floor":12.0},{"not_picked":["Slice","Quick Slash"],"picked":"Poisoned Stab","floor":14.0},{"not_picked":["After Image","Storm of Steel"],"picked":"Venomology","floor":16.0},{"not_picked":["Outmaneuver","Accuracy"],"picked":"Blade Dance+1","floor":18.0},{"not_picked":["Caltrops","Cloak And Dagger"],"picked":"Deadly Poison","floor":19.0},{"not_picked":["Backflip","Setup"],"picked":"Prepared","floor":22.0},{"not_picked":["Outmaneuver","Wraith Form v2","Die Die Die"],"picked":"SKIP","floor":23.0},{"not_picked":["Dagger Spray","Setup+1"],"picked":"Leg Sweep+1","floor":29}],"player_experience":941518,"relics_obtained":[{"floor":7.0,"key":"StoneCalendar"},{"floor":9.0,"key":"Bottled Lightning"},{"floor":12.0,"key":"Snake Skull"},{"floor":21.0,"key":"Pear"},{"floor":23.0,"key":"Bottled Flame"},{"floor":26.0,"key":"Toxic Egg 2"},{"floor":29,"key":"Oddly Smooth Stone"}],"event_choices":[{"cards_removed":["Defend_G"],"damage_healed":0.0,"max_hp_gain":0.0,"max_hp_loss":0.0,"gold_gain":0.0,"event_name":"Purifier","player_choice":"Purged","floor":2.0,"gold_loss":0.0,"damage_taken":0.0},{"damage_healed":0.0,"max_hp_gain":0.0,"max_hp_loss":0.0,"gold_gain":0.0,"event_name":"The Mausoleum","player_choice":"Opened","floor":24.0,"gold_loss":0.0,"damage_taken":0.0,"relics_obtained":["Lantern"],"cards_obtained":["Writhe"]},{"damage_healed":0,"gold_gain":0,"cards_transformed":["Strike_G","Strike_G"],"player_choice":"Became Test Subject","damage_taken":0,"max_hp_gain":0,"max_hp_loss":0,"event_name":"Drug Dealer","floor":30,"gold_loss":0,"cards_obtained":["Leg Sweep","Sucker Punch"]}],"is_beta":true,"boss_relics":[{"not_picked":["Fusion Hammer","Calling Bell"],"picked":"Coffee Dripper"}],"items_purged_floors":[20],"is_endless":false,"potions_floor_spawned":[7,10,14,16,18],"killed_by":"Champ","ascension_level":20}}