{"host":"lv7etzzgwahaenh9","time":1613145400,"event":{"mods":["AchievementEnabler","BaseMod","Colored Map","Colored Powertips","Highlight Path","Minty Spire (QoL Compilation)","Permanent Neow","Quick Restart","Random Character Button","StSLib"],"gold_per_floor":[117,133,133,145,156,185,201,218,218,230,230,261,279,298,298,397,397,414,433,433,433,443,473,473,506,506,518,518,518],"floor_reached":28,"language":"ENG","playtime":1567,"items_purged":[],"score":459,"play_id":"3f8d3163-ac7d-48a4-a3f8-9f8a5c04f58b","local_time":"20210212075640","is_ascension_mode":true,"campfire_choices":[{"floor":11.0,"key":"REST"},{"floor":15.0,"key":"REST"},{"floor":24,"key":"REST"}],"circlet_count":0,"master_deck":["Strike_G","Strike_G","Strike_G","Strike_G","Strike_G","Defend_G","Defend_G","Defend_G","Defend_G","Defend_G","Survivor","Neutralize","Leg Sweep","All Out Attack+1","Dash","Slice","Adrenaline","Sucker Punch","Well Laid Plans","Deflect","Eviscerate","Infinite Blades","Slice","Venomology","Acrobatics","Dagger Throw","Footwork","Footwork","Outmaneuver+1","After Image"],"relics":["Black Star","Girya","Anchor","Blue Candle","Ancient Tea Set","Ice Cream","SacredBark","Enchiridion","Juzu Bracelet","Singing Bowl","White Beast Statue","Nunchaku","The Courier"],"acts_visited":["TheCity"],"potions_floor_usage":[20,22,22,22,23,25,25,27],"damage_taken":[{"damage":0.0,"enemies":"2 Louse","floor":1.0,"turns":3.0},{"damage":0.0,"enemies":"Cultist","floor":2.0,"turns":4.0},{"damage":12.0,"enemies":"Small Slimes","floor":4.0,"turns":3.0},{"damage":17.0,"enemies":"Exordium Thugs","floor":5.0,"turns":4.0},{"damage":22.0,"enemies":"Gremlin Nob","floor":6.0,"turns":6.0},{"damage":0.0,"enemies":"2 Fungi Beasts","floor":7.0,"turns":3.0},{"damage":4.0,"enemies":"Gremlin Gang","floor":8.0,"turns":7.0},{"damage":0.0,"enemies":"Large Slime","floor":10.0,"turns":3.0},{"damage":14.0,"enemies":"Lagavulin","floor":12.0,"turns":8.0},{"damage":4.0,"enemies":"Exordium Wildlife","floor":13.0,"turns":3.0},{"damage":0.0,"enemies":"3 Louse","floor":14.0,"turns":1.0},{"damage":0.0,"enemies":"Slime Boss","floor":16.0,"turns":7.0},{"damage":4.0,"enemies":"Spheric Guardian","floor":18.0,"turns":5.0},{"damage":21.0,"enemies":"Shell Parasite","floor":19.0,"turns":7.0},{"damage":0,"enemies":"Sentry and Sphere","floor":20,"turns":1},{"damage":6,"enemies":"Cultist and Chosen","floor":22,"turns":7},{"damage":35,"enemies":"Gremlin Leader","floor":23,"turns":7},{"damage":59,"enemies":"Book of Stabbing","floor":25,"turns":10},{"damage":19,"enemies":"Centurion and Healer","floor":27,"turns":6},{"damage":16,"enemies":"Chosen and Byrds","floor":28,"turns":4}],"seed_played":"8663553677176413656","potions_obtained":[{"floor":4.0,"key":"ColorlessPotion"},{"floor":6.0,"key":"AttackPotion"},{"floor":7.0,"key":"DistilledChaos"},{"floor":8.0,"key":"Strength Potion"},{"floor":14.0,"key":"GhostInAJar"},{"floor":19.0,"key":"CunningPotion"},{"floor":23,"key":"Dexterity Potion"},{"floor":27,"key":"Block Potion"}],"is_trial":false,"path_per_floor":["M","M","?","M","M","E","M","M","T","M","R","E","M","M","R","B",null,"M","M","M","?","M","E","R","E","T","M","M"],"character_chosen":"THE_SILENT","items_purchased":[],"campfire_rested":3,"item_purchase_floors":[],"current_hp_per_floor":[63,63,63,51,34,12,12,8,8,8,29,15,11,11,32,32,61,57,36,36,20,59,24,45,35,35,16,0,0],"gold":518,"neow_bonus":"BOSS_RELIC","is_daily":false,"chose_seed":false,"campfire_upgraded":0,"win_rate":0.0,"timestamp":1613145400,"path_taken":["M","M","?","M","M","E","M","M","T","?","R","E","?","M","R","BOSS","M","M","M","?","M","E","R","E","T","M","M"],"items_purchased_type":[],"build_version":"2020-12-22","purchased_purges":0,"victory":false,"max_hp_per_floor":[70,70,70,70,70,70,70,70,70,70,70,70,70,70,70,70,70,70,70,70,70,70,70,70,70,70,70,70,70],"card_choices":[{"not_picked":["Quick Slash","Caltrops"],"picked":"Leg Sweep","floor":1.0},{"not_picked":["Heel Hook","Dodge and Roll"],"picked":"All Out Attack","floor":2.0},{"not_picked":["Bane","Masterful Stab"],"picked":"Dash","floor":4.0},{"not_picked":["Quick Slash","Blade Dance"],"picked":"Slice","floor":5.0},{"not_picked":["Well Laid Plans","PiercingWail"],"picked":"Adrenaline","floor":6.0},{"not_picked":["Dodge and Roll","Flechettes"],"picked":"Sucker Punch","floor":7.0},{"not_picked":["Dodge and Roll","Blade Dance"],"picked":"Well Laid Plans","floor":8.0},{"not_picked":["Quick Slash","Well Laid Plans"],"picked":"Deflect","floor":10.0},{"not_picked":["Dodge and Roll","Finisher"],"picked":"Eviscerate","floor":12.0},{"not_picked":["Flying Knee","All Out Attack"],"picked":"Infinite Blades","floor":13.0},{"not_picked":["Crippling Poison","Prepared"],"picked":"Slice","floor":14.0},{"not_picked":["Storm of Steel","After Image"],"picked":"Venomology","floor":16.0},{"not_picked":["Backflip","Dodge and Roll"],"picked":"Acrobatics","floor":18.0},{"not_picked":["Slice","Flechettes"],"picked":"Dagger Throw","floor":19.0},{"not_picked":["Endless Agony+1","Blade Dance"],"picked":"Footwork","floor":22},{"not_picked":["Burst","Catalyst"],"picked":"Footwork","floor":23},{"not_picked":["Tactician","Bane"],"picked":"Outmaneuver+1","floor":25},{"not_picked":["Prepared","Quick Slash"],"picked":"After Image","floor":27}],"player_experience":331503,"relics_obtained":[{"floor":6.0,"key":"Girya"},{"floor":6.0,"key":"Anchor"},{"floor":9.0,"key":"Blue Candle"},{"floor":12.0,"key":"Ancient Tea Set"},{"floor":12.0,"key":"Ice Cream"},{"floor":21,"key":"Enchiridion"},{"floor":23,"key":"Juzu Bracelet"},{"floor":23,"key":"Singing Bowl"},{"floor":25,"key":"White Beast Statue"},{"floor":25,"key":"Nunchaku"},{"floor":26,"key":"The Courier"}],"event_choices":[{"damage_healed":0.0,"max_hp_gain":0.0,"max_hp_loss":0.0,"gold_gain":0.0,"event_name":"Accursed Blacksmith","player_choice":"Forge","floor":3.0,"gold_loss":0.0,"damage_taken":0.0,"cards_upgraded":["All Out Attack"]},{"damage_healed":0,"gold_gain":0,"player_choice":"Obtained Book","damage_taken":16,"max_hp_gain":0,"max_hp_loss":0,"event_name":"Cursed Tome","floor":21,"gold_loss":0}],"is_beta":false,"boss_relics":[{"not_picked":["Cursed Key","HoveringKite"],"picked":"SacredBark"}],"items_purged_floors":[],"is_endless":false,"potions_floor_spawned":[4,6,7,8,14,19,23,27],"killed_by":"Chosen and Byrds","ascension_level":8}}