{"host":"5s7sm4h73jkd9266","time":1613086168,"event":{"mods":["AchievementEnabler","Bartender","BaseMod","Better Vampires","BetterRewards","Colored Map","Colored Powertips","Conspire","Downfall","Energized Spire","Hermit","Hubris","Magitek Elite","Minty Spire (QoL Compilation)","Potion Indicator Mod","Rare Cards Sparkle","Shop Mod","StSLib","The Blue Laboratory","The Necromancer","The Witch","Virulent Crown","everything is the same but u backflip on backflip","slay the spire mod where everything is the same but ironclad has a cowboy hat"],"gold_per_floor":[117,82,121,131,131,131,166,166,193,242,308,483,0,0,0,96,96,117,36,36,36,36,36,36,36,36,36,75,101,124,162,162,162,162],"floor_reached":33,"language":"ENG","playtime":1376,"items_purged":["HandOfGreed+1"],"score":610,"play_id":"f6953854-2f80-4842-8381-01187a8af3a8","local_time":"20210211182928","is_ascension_mode":true,"campfire_choices":[{"floor":6.0,"key":"REST"},{"floor":15.0,"key":"REST"},{"floor":23.0,"key":"REST"},{"floor":25.0,"key":"REST"},{"floor":32,"key":"REST"}],"circlet_count":0,"master_deck":["AscendersBane","HandOfGreed+1","Strike_G","Strike_G","Strike_G","Strike_G","Strike_G","Defend_G","Defend_G","Defend_G","Defend_G","Defend_G","Survivor","Neutralize","Sadistic Nature","Poisoned Stab","Blade Dance","Backflip","Flying Knee","Crippling Poison","Deadly Poison","Venomology+1","Crippling Poison+1","Bouncing Flask+1","Slimebound:CheckThePlaybook+1","downfall:Bewildered","Crippling Poison+1","Deadly Poison+1"],"relics":["Ring of the Snake","Golden Idol","Juzu Bracelet","NlothsMask","Toxic Egg 2","Blue Candle","Black Star","Thread and Needle","sneckomod:BabySnecko","Bottled Flame","hubris:ToyBattleship","Protect_Vest"],"acts_visited":["Exordium","TheCity"],"potions_floor_usage":[33,33,33],"damage_taken":[{"damage":10.0,"enemies":"Small Slimes","floor":1.0,"turns":4.0},{"damage":7.0,"enemies":"2 Louse","floor":3.0,"turns":3.0},{"damage":0.0,"enemies":"Cultist","floor":4.0,"turns":2.0},{"damage":22.0,"enemies":"Lagavulin","floor":7.0,"turns":5.0},{"damage":0.0,"enemies":"3 Louse","floor":10.0,"turns":3.0},{"damage":60.0,"enemies":"The Guardian","floor":16.0,"turns":10.0},{"damage":39.0,"enemies":"Spheric Guardian","floor":18.0,"turns":7.0},{"damage":20.0,"enemies":"Gremlin Leader","floor":28.0,"turns":5.0},{"damage":1,"enemies":"Chosen","floor":30,"turns":3},{"damage":8,"enemies":"Centurion and Healer","floor":31,"turns":5},{"damage":83,"enemies":"Automaton","floor":33,"turns":6}],"seed_played":"-7482263086478044903","potions_obtained":[{"floor":1.0,"key":"Energy Potion"},{"floor":10.0,"key":"SpeedPotion"},{"floor":16.0,"key":"LiquidMemories"},{"floor":18.0,"key":"hexamod:SoulburnPotion"}],"is_trial":false,"path_per_floor":["M","?","M","M","?","R","E","?","T","M","?","?","$","?","R","B",null,"M","$","?","$","?","R","?","R","T","?","E","T","M","M","R","B"],"character_chosen":"THE_SILENT","items_purchased":["Sadistic Nature","Poisoned Stab","Toxic Egg 2","Blue Candle","Bouncing Flask+1"],"campfire_rested":5,"item_purchase_floors":[0,0,13,13,19],"current_hp_per_floor":[40,56,49,49,49,66,44,44,44,44,44,44,44,44,63,3,50,11,11,11,11,14,34,34,54,54,54,34,34,33,25,45,0,0],"gold":162,"neow_bonus":"","is_daily":false,"chose_seed":false,"campfire_upgraded":0,"win_rate":0.0,"timestamp":1613086168,"path_taken":["M","?","M","M","?","R","E","?","T","M","?","?","?","?","R","BOSS","M","$","?","$","?","R","?","R","T","?","E","?","M","M","R","BOSS"],"items_purchased_type":["Card","Card","Relic","Relic","Card"],"build_version":"2020-12-22","purchased_purges":1,"victory":false,"max_hp_per_floor":[66,66,66,66,66,66,66,66,66,66,66,66,66,66,66,66,66,66,66,66,66,69,69,69,69,69,69,69,69,69,69,69,69,69],"card_choices":[{"not_picked":["Underhanded Strike","Slice"],"picked":"Blade Dance","floor":1.0},{"not_picked":["Well Laid Plans","Expertise"],"picked":"Backflip","floor":3.0},{"not_picked":["Dagger Throw","Finisher"],"picked":"Flying Knee","floor":4.0},{"not_picked":["Cloak And Dagger","Distraction"],"picked":"Crippling Poison","floor":7.0},{"not_picked":["Distraction","All Out Attack"],"picked":"Deadly Poison","floor":10.0},{"not_picked":["Envenom","Grand Finale"],"picked":"Venomology+1","floor":16.0},{"not_picked":["Setup+1","conspire:DoublingDagger+1"],"picked":"Crippling Poison+1","floor":18.0},{"not_picked":["hubris:SlightOfHand+1","Acrobatics+1","Flechettes"],"picked":"SKIP","floor":28.0},{"not_picked":["Prepared+1","Riddle With Holes"],"picked":"Crippling Poison+1","floor":30},{"not_picked":["Dagger Throw","Escape Plan+1"],"picked":"Deadly Poison+1","floor":31}],"player_experience":5553314,"relics_obtained":[{"floor":7.0,"key":"Juzu Bracelet"},{"floor":26.0,"key":"Thread and Needle"},{"floor":28.0,"key":"Bottled Flame"},{"floor":28.0,"key":"hubris:ToyBattleship"},{"floor":29.0,"key":"Protect_Vest"}],"event_choices":[{"damage_healed":16.0,"max_hp_gain":0.0,"max_hp_loss":0.0,"gold_gain":0.0,"event_name":"The Cleric","player_choice":"Healed","floor":2.0,"gold_loss":35.0,"damage_taken":0.0},{"damage_healed":0.0,"max_hp_gain":0.0,"max_hp_loss":0.0,"gold_gain":0.0,"event_name":"Golden Idol","player_choice":"Take Wound","floor":5.0,"gold_loss":0.0,"damage_taken":0.0,"relics_obtained":["Golden Idol"],"cards_obtained":["Injury"]},{"damage_healed":0.0,"max_hp_gain":0.0,"max_hp_loss":0.0,"gold_gain":0.0,"event_name":"FaceTrader","player_choice":"Trade","floor":8.0,"gold_loss":0.0,"damage_taken":0.0,"relics_obtained":["NlothsMask"]},{"damage_healed":0.0,"max_hp_gain":0.0,"max_hp_loss":0.0,"gold_gain":66.0,"event_name":"Golden Wing","player_choice":"Gained Gold","floor":11.0,"gold_loss":0.0,"damage_taken":0.0},{"damage_healed":0.0,"max_hp_gain":0.0,"max_hp_loss":0.0,"gold_gain":175.0,"event_name":"Liars Game","player_choice":"AGREE","floor":12.0,"gold_loss":0.0,"damage_taken":0.0,"cards_obtained":["Doubt"]},{"damage_healed":0.0,"max_hp_gain":0.0,"max_hp_loss":0.0,"gold_gain":0.0,"event_name":"conspire:Investor","player_choice":"Leave","floor":14.0,"gold_loss":0.0,"damage_taken":0.0},{"cards_removed":["downfall:Icky","Doubt","Injury"],"damage_healed":0.0,"max_hp_gain":0.0,"max_hp_loss":0.0,"gold_gain":0.0,"event_name":"Fountain of Cleansing","player_choice":"Removed Curses","floor":24.0,"gold_loss":0.0,"damage_taken":0.0}],"is_beta":false,"boss_relics":[{"not_picked":["Empty Cage","Fusion Hammer"],"picked":"Black Star"}],"items_purged_floors":[0],"is_endless":false,"potions_floor_spawned":[1,10,16,18],"killed_by":"Automaton","ascension_level":14}}