{"host":"cbu6enf2xtq4r7r3","time":1613160351,"event":{"mods":["2.2 Compatiblity","AlwaysNeverKeys","BaseMod","Better Match","Better Note","Better Sensory Stone","Better Skull","Better Third Choice","Colored Map","Colored Powertips","Defuse TimeMaze Blight","Emptier Cage","Minty Spire (QoL Compilation)","Permanent Neow","Quick Restart","Random Character Button","Relic Sorter","Reorder Act Four","Shop Mod","StSLib"],"gold_per_floor":[116,116,128,142,157,157,157,157,157],"floor_reached":8,"language":"ENG","playtime":204,"items_purged":[],"score":70,"play_id":"fe3c8914-c2ef-4c71-abb7-a813924a6295","local_time":"20210212210551","is_ascension_mode":true,"campfire_choices":[{"data":"Dagger Spray","floor":6,"key":"SMITH"}],"circlet_count":0,"master_deck":["Strike_G","Strike_G","Strike_G","Strike_G","Strike_G","Defend_G","Defend_G","Defend_G","Defend_G","Defend_G","Survivor","Neutralize","Flying Knee","Dagger Spray+1","Dagger Throw","Backflip"],"relics":["Philosopher\u0027s Stone","Pear"],"acts_visited":["Exordium"],"potions_floor_usage":[3,8,8],"damage_taken":[{"damage":8,"enemies":"Small Slimes","floor":1,"turns":5},{"damage":0,"enemies":"Cultist","floor":3,"turns":4},{"damage":3,"enemies":"2 Louse","floor":4,"turns":2},{"damage":11,"enemies":"2 Fungi Beasts","floor":5,"turns":3},{"damage":5,"enemies":"Lagavulin","floor":8,"turns":5}],"seed_played":"-7129730072129349009","potions_obtained":[{"floor":1,"key":"LiquidMemories"},{"floor":4,"key":"Regen Potion"},{"floor":5,"key":"LiquidMemories"}],"is_trial":false,"path_per_floor":["M","?","M","M","M","R","?","E"],"character_chosen":"THE_SILENT","items_purchased":[],"campfire_rested":0,"item_purchase_floors":[],"current_hp_per_floor":[55,59,59,56,45,45,22,31,31],"gold":157,"neow_bonus":"BOSS_RELIC","is_daily":false,"chose_seed":false,"campfire_upgraded":1,"win_rate":0.0,"timestamp":1613160351,"path_taken":["M","?","M","M","?","R","?","E"],"items_purchased_type":[],"build_version":"2020-12-22","purchased_purges":0,"victory":false,"max_hp_per_floor":[70,70,70,70,70,70,80,80,80],"card_choices":[{"not_picked":["Catalyst","Tactician"],"picked":"Flying Knee","floor":1},{"not_picked":["Choke","Sucker Punch"],"picked":"Dagger Spray","floor":3},{"not_picked":["Reflex","Outmaneuver"],"picked":"Dagger Throw","floor":4},{"not_picked":["Blade Dance","Choke"],"picked":"Backflip","floor":5}],"player_experience":143482,"relics_obtained":[],"event_choices":[{"damage_healed":4,"gold_gain":0,"player_choice":"LEAVE ","damage_taken":0,"relics_obtained":[],"max_hp_gain":0,"max_hp_loss":0,"event_name":"betterSkull:BetterSkull","floor":2,"gold_loss":0,"cards_upgraded":[]},{"damage_healed":0,"gold_gain":0,"player_choice":"Relic ","damage_taken":33,"max_hp_gain":0,"max_hp_loss":0,"event_name":"betterThird:BetterScrap","floor":7,"gold_loss":0,"cards_obtained":["Scrape"]}],"is_beta":false,"boss_relics":[],"items_purged_floors":[],"is_endless":false,"potions_floor_spawned":[1,4,5],"killed_by":"Lagavulin","ascension_level":9}}