{"host":"mhzgc0zma59jtmoj","time":1613097185,"event":{"mods":["BaseMod","BetterRewards","Custom Start","Glutton Mod","Ironclad Rager","Minty Spire (QoL Compilation)","Replay The Spire","Somnambulant","StSLib","The Cursed","The Hierophant","The Jungle","Treasure Hunter"],"gold_per_floor":[17,17,17,36,36,36,60,60,60,104,104,64,78,94,94,225,225,141,240,240,240,105,130,130,130,154,154,167,67,90,123,123,242,305,318,318,331,95,95,115,133,133,158,12,37,37,55,114,114,114,114,114,114,150,150,150],"floor_reached":55,"language":"ENG","playtime":2063,"items_purged":["Amnesia","Perfected Strike","Iron Wave"],"score":685,"play_id":"bbfe6ac0-00c4-40f7-976e-1fdd124258ee","local_time":"20210211213305","is_ascension_mode":false,"campfire_choices":[{"data":"Perfected Strike","floor":6,"key":"SMITH"},{"data":"Twin Strike","floor":8,"key":"SMITH"},{"data":"Demonic Infusion","floor":11,"key":"SMITH"},{"data":"Twin Strike","floor":15,"key":"SMITH"},{"data":"Twin Strike","floor":24,"key":"SMITH"},{"data":"Twin Strike","floor":27,"key":"SMITH"},{"floor":32,"key":"REST"},{"floor":42,"key":"RECALL"},{"data":"Heavy Blade","floor":49,"key":"SMITH"},{"data":"Brutality","floor":52,"key":"SMITH"}],"circlet_count":0,"master_deck":["ReplayTheSpireMod:Faulty Equipment","Twin Strike","Twin Strike","Twin Strike","Iron Wave","Iron Wave","Perfected Strike+1","Necronomicurse","Inflame","Inflame","Inflame+1","Hemogenesis+1","Brutality+1","Combust","Heavy Blade+1","Offering+1","Offering+1","Life Link+1","ReplayTheSpireMod:Muscle Training+1"],"relics":["Burning Blood","Golden Idol","Question Card","Simple Rune","Kintsugi","Necronomicon","Ring of Peace","Ring of Fury","Mirror","Tiny House","Bag of Preparation","War Paint","Charon\u0027s Ashes","Replay:Wax Seal"],"acts_visited":["Exordium","TheCity","TheBeyond","TheEnding"],"potions_floor_usage":[23,28,50,50,50],"damage_taken":[{"damage":8,"enemies":"Jaw Worm","floor":1,"turns":3},{"damage":5,"enemies":"Small Slimes","floor":4,"turns":3},{"damage":0,"enemies":"Cultist","floor":7,"turns":2},{"damage":17,"enemies":"3 Sentries","floor":10,"turns":6},{"damage":6,"enemies":"3 Louse","floor":13,"turns":3},{"damage":5,"enemies":"Blue Slaver","floor":14,"turns":2},{"damage":0,"enemies":"Slime Boss","floor":16,"turns":5},{"damage":21,"enemies":"Shell Parasite","floor":18,"turns":4},{"damage":18,"enemies":"3 Byrds","floor":23,"turns":5},{"damage":15,"enemies":"Cultist and Chosen","floor":28,"turns":4},{"damage":18,"enemies":"Centurion and Healer","floor":30,"turns":4},{"damage":12,"enemies":"Gremlin Leader","floor":31,"turns":6},{"damage":19,"enemies":"Champ","floor":33,"turns":7},{"damage":10,"enemies":"3 Darklings","floor":35,"turns":5},{"damage":20,"enemies":"Orb Walker","floor":37,"turns":4},{"damage":25,"enemies":"3 Darklings","floor":40,"turns":3},{"damage":16,"enemies":"Jaw Worm Horde","floor":41,"turns":3},{"damage":14,"enemies":"Transient","floor":45,"turns":5},{"damage":23,"enemies":"Writhing Mass","floor":47,"turns":4},{"damage":41,"enemies":"2 Orb Walkers","floor":48,"turns":4},{"damage":69,"enemies":"Donu and Deca","floor":50,"turns":4},{"damage":42,"enemies":"Shield and Spear","floor":54,"turns":4},{"damage":59,"enemies":"The Heart","floor":55,"turns":2}],"seed_played":"-71343095074177550","potions_obtained":[{"floor":12,"key":"SpeedPotion"},{"floor":12,"key":"Death Potion"},{"floor":12,"key":"BlessingOfTheForge"},{"floor":18,"key":"BloodPotion"},{"floor":34,"key":"SneckoExtractPotion"},{"floor":40,"key":"Reflective Coating"}],"is_trial":false,"path_per_floor":["M","?","?","M","$","R","M","R","T","E","R","?","M","M","R","B",null,"M","?","?","?","$","M","R","?","T","R","M","$","M","E","R","B",null,"M","?","M","$","?","M","M","R","T","$","M","?","M","?","R","B",null,"R","$","E","B"],"character_chosen":"IRONCLAD","items_purchased":["Inflame","Offering","War Paint"],"campfire_rested":1,"item_purchase_floors":[22,38,44],"current_hp_per_floor":[49,72,67,67,67,67,67,67,67,56,56,56,56,57,57,63,67,52,52,36,36,36,37,37,37,37,37,28,28,16,10,30,27,72,72,72,72,72,68,49,39,39,39,39,59,59,59,52,52,47,68,68,68,39,0,0],"gold":150,"neow_bonus":"IRONCLAD_BERSERKER","is_daily":false,"chose_seed":false,"campfire_upgraded":8,"win_rate":0.0,"timestamp":1613097185,"path_taken":["M","?","?","M","?","R","M","R","T","E","R","?","M","?","R","BOSS","M","?","?","?","$","M","R","?","T","R","M","$","M","E","R","BOSS","M","?","M","$","?","M","M","R","T","$","M","?","?","?","R","BOSS","R","$","E","BOSS"],"items_purchased_type":["Card","Card","Relic"],"build_version":"2020-12-22","purchased_purges":3,"victory":false,"max_hp_per_floor":[72,72,67,67,67,67,67,67,67,67,67,67,67,67,67,67,67,67,67,67,67,67,67,67,67,67,67,67,67,67,67,67,67,72,72,72,72,72,68,68,68,68,68,68,68,68,68,68,68,68,68,68,68,68,68,68],"card_choices":[{"not_picked":["Replay:Undeath\u0027s Touch","Second Wind"],"picked":"Perfected Strike","floor":1},{"not_picked":["Warcry","Cleave","True Grit"],"picked":"SKIP","floor":4},{"not_picked":["Shrug It Off","Entrench"],"picked":"Sword Boomerang","floor":7},{"not_picked":["TH:CopperCoins","TH:DeckOfManyThings"],"picked":"SKIP","floor":9},{"not_picked":["Dual Wield","Life Link","Sword Boomerang"],"picked":"Demonic Infusion","floor":10},{"not_picked":["TH:DeckOfManyThings","TH:CursedSword","TH:PixieDust"],"picked":"SKIP","floor":10},{"not_picked":["Cleave","Intimidate","Warcry"],"picked":"Perfected Strike","floor":13},{"not_picked":["ReplayTheSpireMod:Limb From Limb","Shrug It Off","Clothesline","ReplayTheSpireMod:Strike From Hell"],"picked":"SKIP","floor":14},{"not_picked":["Run Through","Anger","Twin Strike","Iron Wave"],"picked":"SKIP","floor":18},{"not_picked":["Run Through+1","Wild Strike","True Grit"],"picked":"Inflame+1","floor":23},{"not_picked":["TH:DeckOfManyThings","TH:EnergyPotion","TH:Mimic"],"picked":"SKIP","floor":26},{"not_picked":["Sever Soul","ReplayTheSpireMod:LeadingStrike","Wild Strike","Perfected Strike"],"picked":"SKIP","floor":28},{"not_picked":["Burning Pact","Rampage","Cleave","Barricade"],"picked":"SKIP","floor":30},{"not_picked":["Flame Barrier+1","Dark Embrace+1","Intimidate+1"],"picked":"Hemogenesis","floor":31},{"not_picked":["TH:EnergyPotion","TH:ArmorSpikes","TH:TreasureMap"],"picked":"SKIP","floor":31},{"not_picked":["Feed","Fiend Fire","Offering"],"picked":"Brutality","floor":33},{"not_picked":["Second Wind+1","ReplayTheSpireMod:Strike From Hell","Rupture+1"],"picked":"Combust","floor":35},{"not_picked":["ICR:PowerAttack","Wild Strike+1","Iron Wave"],"picked":"Heavy Blade","floor":37},{"not_picked":["Shrug It Off+1","Warcry+1","Abandon"],"picked":"Life Link+1","floor":40},{"not_picked":["Iron Wave","Intimidate","Hemokinesis","Warcry+1"],"picked":"SKIP","floor":41},{"not_picked":["TH:ElvenBoots","TH:PixieDust","TH:BikiniMail"],"picked":"SKIP","floor":43},{"not_picked":["Havoc+1","ReplayTheSpireMod:Corrosion Curse","Thunderclap+1","Metallicize"],"picked":"SKIP","floor":45},{"not_picked":["Barricade","Replay:Undeath\u0027s Touch+1","Massacre+1","Headbutt"],"picked":"SKIP","floor":47},{"not_picked":["Massacre+1","Shrug It Off","ReplayReversal+1"],"picked":"ReplayTheSpireMod:Muscle Training+1","floor":48},{"not_picked":["TH:CursedSword","TH:Mimic","TH:ElvenBoots"],"picked":"SKIP","floor":54},{"not_picked":["Anger+1","Hemokinesis+1","Sever Soul","Shrug It Off+1"],"picked":"SKIP","floor":54}],"player_experience":266870,"relics_obtained":[{"floor":9,"key":"Question Card"},{"floor":10,"key":"Simple Rune"},{"floor":20,"key":"Necronomicon"},{"floor":21,"key":"Ring of Peace"},{"floor":21,"key":"Ring of Fury"},{"floor":31,"key":"Mirror"},{"floor":43,"key":"Bag of Preparation"},{"floor":48,"key":"Charon\u0027s Ashes"},{"floor":54,"key":"Replay:Wax Seal"}],"event_choices":[{"damage_healed":24,"gold_gain":0,"player_choice":"Banana","damage_taken":0,"max_hp_gain":0,"max_hp_loss":0,"event_name":"Big Fish","floor":2,"gold_loss":0},{"damage_healed":0,"gold_gain":0,"player_choice":"Lose Max HP","damage_taken":0,"relics_obtained":["Golden Idol"],"max_hp_gain":0,"max_hp_loss":5,"event_name":"Golden Idol","floor":3,"gold_loss":0},{"damage_healed":0,"gold_gain":0,"player_choice":"Bought 3 Potions","damage_taken":0,"max_hp_gain":0,"max_hp_loss":0,"event_name":"The Woman in Blue","floor":12,"gold_loss":0},{"damage_healed":0,"gold_gain":99,"player_choice":"Stole From Cult","damage_taken":0,"max_hp_gain":0,"max_hp_loss":0,"event_name":"Nest","floor":19,"gold_loss":0},{"damage_healed":0,"gold_gain":0,"player_choice":"Obtained Book","damage_taken":16,"max_hp_gain":0,"max_hp_loss":0,"event_name":"Cursed Tome","floor":20,"gold_loss":0},{"damage_healed":0,"gold_gain":0,"player_choice":"Ignored","damage_taken":0,"max_hp_gain":0,"max_hp_loss":0,"event_name":"Vampires","floor":25,"gold_loss":0},{"cards_removed":["Demonic Infusion"],"damage_healed":0,"gold_gain":0,"player_choice":"Removed Skill","damage_taken":0,"max_hp_gain":0,"max_hp_loss":0,"event_name":"Falling","floor":36,"gold_loss":0},{"damage_healed":0,"gold_gain":0,"player_choice":"Max HP","damage_taken":0,"max_hp_gain":0,"max_hp_loss":4,"event_name":"Winding Halls","floor":39,"gold_loss":0},{"damage_healed":0,"gold_gain":0,"player_choice":"Ignored","damage_taken":0,"max_hp_gain":0,"max_hp_loss":0,"event_name":"SecretPortal","floor":46,"gold_loss":0},{"damage_healed":0,"gold_gain":0,"player_choice":"Fight","damage_taken":0,"max_hp_gain":0,"max_hp_loss":0,"event_name":"Mysterious Sphere","floor":48,"gold_loss":0}],"is_beta":false,"boss_relics":[{"not_picked":["Cursed Key","Ooze Armor"],"picked":"Kintsugi"},{"not_picked":["Velvet Choker","Runic Dome"],"picked":"Tiny House"}],"items_purged_floors":[22,29,38],"is_endless":false,"potions_floor_spawned":[7,14,18,30,40,47],"killed_by":"The Heart","ascension_level":0}}