{"host":"7nm1ow5v9mg4ehcw","time":1613130631,"event":{"mods":["BaseMod","Minty Spire (QoL Compilation)","Relic Stats","StSLib"],"gold_per_floor":[119,119,119,137,47,47,82,6,6,33,48,68,101,127,139,227,239,261,286,238,266,292,304,343,375,387,414,426,1,12,28,28,102,102,113,123,123,148,148,180,180,29,56,82,82,82,98,111,111,111],"floor_reached":51,"language":"ENG","playtime":3718,"items_purged":["Regret","Strike_G"],"score":1302,"play_id":"8a446984-aaaf-422e-b81c-68311d43f448","local_time":"20210212125031","is_ascension_mode":true,"campfire_choices":[{"data":"Skewer","floor":6,"key":"SMITH"},{"data":"Footwork","floor":15,"key":"SMITH"},{"data":"Sucker Punch","floor":23,"key":"SMITH"},{"data":"Footwork","floor":32,"key":"SMITH"},{"data":"Tools of the Trade","floor":41,"key":"SMITH"},{"data":"Terror","floor":45,"key":"SMITH"},{"data":"Neutralize","floor":49,"key":"SMITH"}],"circlet_count":0,"master_deck":["AscendersBane","Defend_G","Defend_G","Defend_G","Defend_G","Survivor","Neutralize+1","Acrobatics","Glass Knife","Skewer+1","Footwork+1","Backflip","Sucker Punch+1","PiercingWail","Die Die Die","Dodge and Roll+1","Blur","Well Laid Plans","Tools of the Trade+1","Blade Dance","Finisher+1","Envenom+1","Infinite Blades","Terror+1","Footwork+1","Escape Plan","Footwork+1","Corpse Explosion","Cloak And Dagger","Escape Plan","Blade Dance","Finesse","Backflip+1"],"relics":["Coffee Dripper","Smiling Mask","Pen Nib","Lizard Tail","Odd Mushroom","MawBank","Runic Pyramid","Centennial Puzzle","InkBottle","DollysMirror","HornCleat","Empty Cage","Calipers","Sundial","Bag of Preparation","PreservedInsect","Frozen Egg 2"],"acts_visited":["Exordium","TheCity","TheBeyond"],"potions_floor_usage":[10,16,18,33,40,50],"damage_taken":[{"damage":0,"enemies":"Small Slimes","floor":1,"turns":5},{"damage":5,"enemies":"Jaw Worm","floor":4,"turns":5},{"damage":18,"enemies":"Gremlin Nob","floor":7,"turns":4},{"damage":5,"enemies":"The Mushroom Lair","floor":10,"turns":6},{"damage":0,"enemies":"Cultist","floor":11,"turns":2},{"damage":2,"enemies":"2 Fungi Beasts","floor":12,"turns":3},{"damage":11,"enemies":"3 Sentries","floor":13,"turns":8},{"damage":5,"enemies":"Lots of Slimes","floor":14,"turns":6},{"damage":14,"enemies":"Hexaghost","floor":16,"turns":14},{"damage":0,"enemies":"Spheric Guardian","floor":18,"turns":5},{"damage":0,"enemies":"Chosen","floor":19,"turns":4},{"damage":15,"enemies":"3 Cultists","floor":21,"turns":7},{"damage":3,"enemies":"Centurion and Healer","floor":22,"turns":9},{"damage":15,"enemies":"Book of Stabbing","floor":24,"turns":7},{"damage":8,"enemies":"Snake Plant","floor":25,"turns":4},{"damage":3,"enemies":"Cultist and Chosen","floor":27,"turns":8},{"damage":0,"enemies":"Snecko","floor":30,"turns":5},{"damage":4,"enemies":"3 Cultists","floor":31,"turns":5},{"damage":0,"enemies":"Automaton","floor":33,"turns":9},{"damage":0,"enemies":"Orb Walker","floor":35,"turns":3},{"damage":5,"enemies":"3 Shapes","floor":36,"turns":4},{"damage":0,"enemies":"Mind Bloom Boss Battle","floor":38,"turns":5},{"damage":0,"enemies":"Giant Head","floor":40,"turns":7},{"damage":0,"enemies":"Nemesis","floor":44,"turns":7},{"damage":2,"enemies":"Writhing Mass","floor":47,"turns":6},{"damage":5,"enemies":"Jaw Worm Horde","floor":48,"turns":5},{"damage":12,"enemies":"Awakened One","floor":50,"turns":15}],"seed_played":"2081790689531385798","potions_obtained":[{"floor":7,"key":"Block Potion"},{"floor":11,"key":"LiquidMemories"},{"floor":22,"key":"LiquidMemories"},{"floor":24,"key":"Strength Potion"},{"floor":27,"key":"SkillPotion"},{"floor":31,"key":"CunningPotion"},{"floor":38,"key":"Weak Potion"},{"floor":40,"key":"EssenceOfSteel"},{"floor":44,"key":"Dexterity Potion"}],"is_trial":false,"path_per_floor":["M","?","?","M","$","R","E","$","T","?","M","M","E","M","R","B",null,"M","M","?","M","M","R","E","M","T","M","?","$","M","M","R","B",null,"M","M","?","?","?","E","R","$","T","E","R","?","M","M","R","B",null],"character_chosen":"THE_SILENT","items_purchased":["Skewer","Regen Potion","DollysMirror","HornCleat","Bag of Preparation"],"campfire_rested":0,"item_purchase_floors":[5,8,29,29,42],"current_hp_per_floor":[63,63,63,58,58,58,40,40,40,50,50,48,37,32,32,18,57,57,57,57,42,39,39,24,16,16,13,13,13,13,9,9,9,55,55,50,50,50,50,50,50,50,50,50,50,50,48,43,43,31],"gold":111,"neow_bonus":"BOSS_RELIC","is_daily":false,"chose_seed":false,"campfire_upgraded":7,"win_rate":0.0,"timestamp":1613130631,"path_taken":["M","?","?","M","$","R","E","$","T","?","M","M","E","M","R","BOSS","M","M","?","M","?","R","E","M","T","M","?","$","?","M","R","BOSS","M","M","?","?","?","E","R","$","T","E","R","?","M","?","R","BOSS"],"items_purchased_type":["Card","Potion","Relic","Relic","Relic"],"build_version":"2020-12-22","purchased_purges":2,"victory":true,"max_hp_per_floor":[70,70,70,70,70,70,70,70,70,70,70,70,70,70,70,70,70,70,70,70,70,70,70,70,70,70,70,70,70,70,70,70,70,70,70,70,66,66,66,66,66,66,66,66,66,66,66,66,66,66],"relic_stats":{"Lizard Tail":0,"Centennial Puzzle":[20],"counters":[27,168],"Sundial":[4],"Pen Nib":[34],"PreservedInsect":50,"Bag of Preparation":[8],"Smiling Mask":75,"MawBank":192,"obtain_stats":[{"Calipers":38,"Pen Nib":7,"PreservedInsect":43,"Bag of Preparation":42,"Odd Mushroom":10,"Frozen Egg 2":44,"Smiling Mask":3,"MawBank":13,"Empty Cage":34,"Lizard Tail":9,"Centennial Puzzle":24,"HornCleat":29,"DollysMirror":29,"Sundial":40,"Coffee Dripper":0,"InkBottle":26,"Ring of the Snake":0,"Runic Pyramid":17},{"Calipers":22,"Pen Nib":3,"PreservedInsect":23,"Bag of Preparation":23,"Odd Mushroom":4,"Frozen Egg 2":24,"Smiling Mask":1,"MawBank":7,"Empty Cage":19,"Lizard Tail":3,"Centennial Puzzle":14,"HornCleat":16,"DollysMirror":16,"Sundial":23,"Coffee Dripper":0,"InkBottle":15,"Ring of the Snake":0,"Runic Pyramid":9},{"Calipers":128,"Pen Nib":14,"PreservedInsect":135,"Bag of Preparation":135,"Odd Mushroom":20,"Frozen Egg 2":142,"Smiling Mask":5,"MawBank":33,"Empty Cage":116,"Lizard Tail":14,"Centennial Puzzle":85,"HornCleat":97,"DollysMirror":97,"Sundial":135,"Coffee Dripper":0,"InkBottle":89,"Ring of the Snake":0,"Runic Pyramid":53}],"InkBottle":[39]},"card_choices":[{"not_picked":["Slice","Deflect"],"picked":"Acrobatics","floor":1},{"not_picked":["Dodge and Roll","Dagger Throw"],"picked":"Glass Knife","floor":4},{"not_picked":["Bane","Cloak And Dagger"],"picked":"Footwork","floor":7},{"not_picked":["Poisoned Stab","Cloak And Dagger"],"picked":"Backflip","floor":10},{"not_picked":["Deflect","Slice"],"picked":"Sucker Punch","floor":11},{"not_picked":["Calculated Gamble","Concentrate"],"picked":"PiercingWail","floor":12},{"not_picked":["Prepared","Slice","Endless Agony"],"picked":"SKIP","floor":13},{"not_picked":["Riddle With Holes","Heel Hook","Slice"],"picked":"SKIP","floor":14},{"not_picked":["Grand Finale","A Thousand Cuts"],"picked":"Die Die Die","floor":16},{"not_picked":["Prepared","Blade Dance"],"picked":"Dodge and Roll+1","floor":18},{"not_picked":["Poisoned Stab","Dagger Spray"],"picked":"Blur","floor":19},{"not_picked":["Poisoned Stab","Dagger Spray"],"picked":"Blade Dance","floor":21},{"not_picked":["Dagger Spray+1","Slice"],"picked":"Finisher+1","floor":22},{"not_picked":["Blur","All Out Attack"],"picked":"Envenom","floor":24},{"not_picked":["Prepared","PiercingWail"],"picked":"Infinite Blades","floor":25},{"not_picked":["PiercingWail","Sucker Punch+1"],"picked":"Terror","floor":27},{"not_picked":["Deadly Poison","PiercingWail"],"picked":"Escape Plan","floor":30},{"not_picked":["PiercingWail","Backstab"],"picked":"Footwork","floor":31},{"not_picked":["A Thousand Cuts","Wraith Form v2"],"picked":"Corpse Explosion","floor":33},{"not_picked":["Outmaneuver","Leg Sweep"],"picked":"Cloak And Dagger","floor":35},{"not_picked":["Bouncing Flask","Underhanded Strike"],"picked":"Escape Plan","floor":36},{"not_picked":["Heel Hook+1","Acrobatics"],"picked":"Blade Dance","floor":38},{"not_picked":["Flying Knee","Underhanded Strike","Outmaneuver"],"picked":"SKIP","floor":40},{"not_picked":["Backflip","Sucker Punch","Cloak And Dagger"],"picked":"SKIP","floor":44},{"not_picked":["Madness","Master of Strategy"],"picked":"Finesse","floor":46},{"not_picked":["Quick Slash+1","PiercingWail","Deadly Poison+1"],"picked":"SKIP","floor":47},{"not_picked":["Blade Dance","Slice+1"],"picked":"Backflip+1","floor":48}],"player_experience":392423,"relics_obtained":[{"floor":7,"key":"Pen Nib"},{"floor":9,"key":"Lizard Tail"},{"floor":10,"key":"Odd Mushroom"},{"floor":13,"key":"MawBank"},{"floor":24,"key":"Centennial Puzzle"},{"floor":26,"key":"InkBottle"},{"floor":38,"key":"Calipers"},{"floor":40,"key":"Sundial"},{"floor":43,"key":"PreservedInsect"},{"floor":44,"key":"Frozen Egg 2"}],"event_choices":[{"damage_healed":0,"gold_gain":0,"player_choice":"Ignored","damage_taken":0,"max_hp_gain":0,"max_hp_loss":0,"event_name":"Liars Game","floor":2,"gold_loss":0},{"damage_healed":0,"gold_gain":0,"player_choice":"Box","damage_taken":0,"relics_obtained":["Smiling Mask"],"max_hp_gain":0,"max_hp_loss":0,"event_name":"Big Fish","floor":3,"gold_loss":0,"cards_obtained":["Regret"]},{"damage_healed":0,"gold_gain":0,"player_choice":"Fought Mushrooms","damage_taken":0,"max_hp_gain":0,"max_hp_loss":0,"event_name":"Mushrooms","floor":10,"gold_loss":0},{"damage_healed":0,"gold_gain":0,"cards_transformed":["Strike_G","Strike_G"],"player_choice":"Transformed Cards","damage_taken":0,"max_hp_gain":0,"max_hp_loss":0,"event_name":"Designer","floor":20,"gold_loss":60,"cards_obtained":["Well Laid Plans","Tools of the Trade"]},{"damage_healed":0,"gold_gain":0,"player_choice":"Upgraded","damage_taken":0,"max_hp_gain":0,"max_hp_loss":0,"event_name":"Upgrade Shrine","floor":28,"gold_loss":0,"cards_upgraded":["Envenom"]},{"damage_healed":0,"gold_gain":0,"player_choice":"Max HP","damage_taken":0,"max_hp_gain":0,"max_hp_loss":4,"event_name":"Winding Halls","floor":37,"gold_loss":0},{"damage_healed":0,"gold_gain":0,"player_choice":"Fight","damage_taken":0,"max_hp_gain":0,"max_hp_loss":0,"event_name":"MindBloom","floor":38,"gold_loss":0},{"cards_removed":["Defend_G"],"damage_healed":0,"gold_gain":0,"player_choice":"Removed Skill","damage_taken":0,"max_hp_gain":0,"max_hp_loss":0,"event_name":"Falling","floor":39,"gold_loss":0},{"damage_healed":0,"gold_gain":0,"player_choice":"Memory 1","damage_taken":0,"max_hp_gain":0,"max_hp_loss":0,"event_name":"SensoryStone","floor":46,"gold_loss":0}],"is_beta":false,"boss_relics":[{"not_picked":["Busted Crown","Fusion Hammer"],"picked":"Runic Pyramid"},{"not_picked":["Tiny House","Cursed Key"],"picked":"Empty Cage"}],"items_purged_floors":[5,29],"is_endless":false,"potions_floor_spawned":[7,11,22,24,27,31,38,40,44,47],"ascension_level":13}}