{"host":"j5j96s76v36ug78u","time":1613165344,"event":{"mods":["BaseMod","Better Third Choice","Downfall","Highlight Path","Minty Spire (QoL Compilation)","Reliquary","StSLib","The Animator"],"gold_per_floor":[99,119,29,129,139,139,162,189,220,83,95,95,130,140,156,260,260,60,76,49,60,145,145,145,45,56,76,111,10,10,10,28,125,125,125,143,143,159,176,194,194,42,58,87,87,120,120,133,149,149,149,149],"floor_reached":50,"language":"ENG","playtime":4306,"items_purged":["Slimebound:Strike_Slimebound","Slimebound:Strike_Slimebound","Slimebound:Defend_Slimebound","Slimebound:CorrosiveSpit"],"score":619,"play_id":"0dae40bf-525d-4baa-be42-9df87feef006","local_time":"20210212182904","is_ascension_mode":false,"campfire_choices":[{"data":"Slimebound:CheckThePlaybook","floor":1,"key":"SMITH"},{"floor":6,"key":"RECALL"},{"data":"Slimebound:OneTwoCombo","floor":12,"key":"SMITH"},{"data":"Slimebound:TagTeam","floor":18,"key":"SMITH"},{"data":"Slimebound:LevelUp","floor":23,"key":"SMITH"},{"data":"Slimebound:Repurpose","floor":25,"key":"SMITH"},{"data":"Slimebound:Overexert","floor":30,"key":"SMITH"},{"floor":35,"key":"REST"},{"floor":45,"key":"REST"},{"floor":47,"key":"REST"}],"circlet_count":0,"master_deck":["Slimebound:Defend_Slimebound","Slimebound:Defend_Slimebound","Slimebound:Split","Slimebound:CheckThePlaybook+1","Slimebound:SplitMire","Slimebound:SplitAcid","Slimebound:Dissolve","Slimebound:Dissolve","Slimebound:LivingWall","Slimebound:SplitMire","Slimebound:OneTwoCombo+1","Slimebound:DisruptingSlam","Slimebound:SplitBruiser","Slimebound:LevelUp+1","Slimebound:TagTeam+1","Slimebound:RainOfGoop","Slimebound:SplitLeeching","Slimebound:LivingWall","Slimebound:Repurpose+1","Slimebound:SplitBruiser+1","Slimebound:Overexert+1","Slimebound:SplitBruiser","Slimebound:SplitAcid","Slimebound:SlimeSpikes","Slimebound:RallyTheTroops+1","Slimebound:SlimeBarrage+1","Slimebound:SplitMire+1","Slimebound:GoopSpray+1","Slimebound:LevelUp","Slimebound:LevelUp","expansioncontent:StudyTheSpire","Parasite","Slimebound:MegaLick","Slimebound:LeadByExample+1","Slimebound:Repurpose","Slimebound:ServeAndProtect+1","Slimebound:DivideAndConquer"],"relics":["Slimebound:AbsorbEndCombat","MealTicket","WingedGreaves","Mango","Shuriken","Empty Cage","downfall:HeartBlessingGreen","downfall:HeartBlessingRed","Membership Card","White Beast Statue","downfall:HeartBlessingBlue","Bottled Lightning","Fusion Hammer","The Courier","reliquary:Boomerang","TungstenRod","Bottled Tornado"],"acts_visited":["Exordium","TheCity","TheBeyond"],"potions_floor_usage":[13,16,16,21,26,27,28,32,33,33,36,39,40,40,43,44,48,50],"damage_taken":[{"damage":7,"enemies":"Small Slimes","floor":2,"turns":4},{"damage":26,"enemies":"downfall:FleeingMerchant","floor":3,"turns":4},{"damage":1,"enemies":"Cultist","floor":5,"turns":4},{"damage":15,"enemies":"Lagavulin","floor":8,"turns":4},{"damage":33,"enemies":"3 Sentries","floor":9,"turns":5},{"damage":12,"enemies":"downfall:FleeingMerchant","floor":10,"turns":4},{"damage":3,"enemies":"2 Louse","floor":11,"turns":3},{"damage":4,"enemies":"Lagavulin","floor":13,"turns":3},{"damage":8,"enemies":"2 Fungi Beasts","floor":14,"turns":2},{"damage":6,"enemies":"Lots of Slimes","floor":15,"turns":2},{"damage":24,"enemies":"SI_SHIV_ARCHETYPE","floor":16,"turns":4},{"damage":10,"enemies":"Shell Parasite","floor":19,"turns":3},{"damage":14,"enemies":"downfall:FleeingMerchant","floor":20,"turns":4},{"damage":22,"enemies":"Centurion and Healer","floor":21,"turns":4},{"damage":15,"enemies":"3 Cultists","floor":26,"turns":4},{"damage":6,"enemies":"Snake Plant","floor":27,"turns":3},{"damage":27,"enemies":"Book of Stabbing","floor":28,"turns":4},{"damage":18,"enemies":"Snecko","floor":32,"turns":3},{"damage":10,"enemies":"IC_MUSHROOM_ARCHETYPE","floor":33,"turns":3},{"damage":37,"enemies":"3 Darklings","floor":36,"turns":4},{"damage":10,"enemies":"3 Shapes","floor":38,"turns":4},{"damage":12,"enemies":"Jaw Worm Horde","floor":39,"turns":3},{"damage":4,"enemies":"4 Shapes","floor":40,"turns":3},{"damage":15,"enemies":"Writhing Mass","floor":43,"turns":3},{"damage":30,"enemies":"Reptomancer","floor":44,"turns":4},{"damage":34,"enemies":"Giant Head","floor":46,"turns":6},{"damage":35,"enemies":"Spire Growth","floor":48,"turns":4},{"damage":12,"enemies":"3 Darklings","floor":49,"turns":5},{"damage":31,"enemies":"DF_ARCHETYPE_ORBS","floor":50,"turns":2}],"seed_played":"-7487200906106628002","potions_obtained":[{"floor":5,"key":"SteroidPotion"},{"floor":13,"key":"DuplicationPotion"},{"floor":14,"key":"hexamod:SoulburnPotion"},{"floor":15,"key":"Guardian:BlockOnCardUsePotion"},{"floor":16,"key":"Regen Potion"},{"floor":19,"key":"SpeedPotion"},{"floor":21,"key":"Guardian:BlockOnCardUsePotion"},{"floor":26,"key":"Weak Potion"},{"floor":27,"key":"FearPotion"},{"floor":28,"key":"Energy Potion"},{"floor":32,"key":"Energy Potion"},{"floor":33,"key":"LiquidMemories"},{"floor":36,"key":"AttackPotion"},{"floor":38,"key":"Dexterity Potion"},{"floor":39,"key":"AttackPotion"},{"floor":40,"key":"Guardian:BlockOnCardUsePotion"},{"floor":43,"key":"Fire Potion"},{"floor":44,"key":"BlessingOfTheForge"},{"floor":46,"key":"SneckoOil"},{"floor":48,"key":"GamblersBrew"},{"floor":49,"key":"LiquidMemories"}],"is_trial":false,"path_per_floor":["R","M","$","?","M","R","T","E","E","$","M","R","E","M","M","B",null,"R","M","$","M","?","R","T","R","M","M","E","$","R","?","M","B",null,"R","M","?","M","M","M","T","$","M","E","R","E","R","M","M","B"],"character_chosen":"SLIMEBOUND","items_purchased":["Slimebound:SplitMire","Membership Card","White Beast Statue","Slimebound:LivingWall","Slimebound:SplitBruiser","Slimebound:LevelUp","expansioncontent:StudyTheSpire","reliquary:Boomerang"],"campfire_rested":3,"item_purchase_floors":[10,20,20,20,29,42,42,42],"current_hp_per_floor":[65,62,44,44,51,51,51,42,31,42,43,43,47,47,49,33,79,79,75,71,69,57,57,57,67,56,58,39,54,54,54,36,34,89,89,52,52,50,40,42,42,57,48,22,48,22,48,21,17,0,0,0],"gold":149,"neow_bonus":"ONE_RANDOM_RARE_CARD","is_daily":false,"chose_seed":false,"campfire_upgraded":6,"win_rate":0.0,"timestamp":1613165344,"path_taken":["R","M","$","?","M","R","T","E","E","$","?","R","E","M","M","BOSS","R","M","$","M","?","R","T","R","M","M","E","$","R","?","M","BOSS","R","?","?","M","?","?","T","$","M","E","R","E","R","M","M","BOSS"],"items_purchased_type":["Card","Relic","Relic","Card","Card","Card","Card","Relic"],"build_version":"2020-12-22","purchased_purges":4,"victory":false,"max_hp_per_floor":[65,65,65,65,65,65,65,65,79,79,79,79,79,79,79,79,79,79,79,79,79,79,79,79,89,89,89,89,89,89,89,89,89,89,89,89,89,89,89,89,89,89,89,89,89,89,89,89,89,89,89,89],"card_choices":[{"not_picked":["Slimebound:RollThrough","Slimebound:SplitBruiser"],"picked":"Slimebound:SplitMire","floor":2},{"not_picked":["Slimebound:LeechingTouch","Slimebound:TongueLash","Slimebound:ComboTackle"],"picked":"SKIP","floor":3},{"not_picked":["Slimebound:DisruptingSlam","Slimebound:Schlurp"],"picked":"Slimebound:SplitAcid","floor":5},{"not_picked":["Slimebound:GoopSpray","Slimebound:HauntingLick"],"picked":"Slimebound:Dissolve","floor":8},{"not_picked":["Slimebound:BestDefense","Slimebound:SplitSpecialist"],"picked":"Slimebound:Dissolve","floor":9},{"not_picked":["Slimebound:PressTheAttack","Slimebound:AcidTongue"],"picked":"Slimebound:LivingWall","floor":10},{"not_picked":["Slimebound:LeechEnergy","Slimebound:SlimeBarrage"],"picked":"Slimebound:OneTwoCombo","floor":11},{"not_picked":["Slimebound:PressTheAttack","Slimebound:SpikyOuterGoop"],"picked":"Slimebound:DisruptingSlam","floor":13},{"not_picked":["Slimebound:LeechingTouch","Slimebound:LeechEnergy"],"picked":"Slimebound:SplitBruiser","floor":14},{"not_picked":["Slimebound:ItLooksTasty","Slimebound:SlimeBarrage"],"picked":"Slimebound:LevelUp","floor":15},{"not_picked":["Slimebound:WasteNot","Slimebound:Darklings"],"picked":"Slimebound:TagTeam","floor":16},{"not_picked":["Slimebound:PressTheAttack","Slimebound:ItLooksTasty"],"picked":"Slimebound:RainOfGoop","floor":19},{"not_picked":["Slimebound:GoopSpray","Slimebound:LeechingTouch+1"],"picked":"Slimebound:SplitLeeching","floor":20},{"not_picked":["Slimebound:Chomp","Slimebound:SamplingLick"],"picked":"Slimebound:Repurpose","floor":21},{"not_picked":["Slimebound:SamplingLick","Slimebound:GoopTackle+1"],"picked":"Slimebound:SplitBruiser+1","floor":26},{"not_picked":["Slimebound:ItLooksTasty+1","Slimebound:DisruptingSlam+1","Slimebound:AcidTongue"],"picked":"SKIP","floor":27},{"not_picked":["Slimebound:Dissolve","Slimebound:Gluttony"],"picked":"Slimebound:Overexert","floor":28},{"not_picked":["Slimebound:FlameTackle","Slimebound:HungryTackle"],"picked":"Slimebound:SlimeSpikes","floor":32},{"not_picked":["Slimebound:SlimeSlap","Slimebound:LeechLife"],"picked":"Slimebound:RallyTheTroops","floor":33},{"not_picked":["Slimebound:LeechingTouch+1","Slimebound:FormOfPuddle"],"picked":"Slimebound:SlimeBarrage+1","floor":36},{"not_picked":["Slimebound:LeechEnergy+1","Slimebound:ComboTackle"],"picked":"Slimebound:SplitMire+1","floor":38},{"not_picked":["Slimebound:ItLooksTasty+1","Slimebound:Recycling"],"picked":"Slimebound:GoopSpray+1","floor":39},{"not_picked":["Slimebound:Schlurp","Slimebound:SplitAcid"],"picked":"Slimebound:LevelUp","floor":40},{"not_picked":["Slimebound:HungryTackle","Slimebound:DivideAndConquer"],"picked":"Slimebound:MegaLick","floor":43},{"not_picked":["Slimebound:SlimeBarrage+1","Slimebound:MegaLick+1"],"picked":"Slimebound:LeadByExample+1","floor":44},{"not_picked":["Slimebound:ComboTackle","Slimebound:RollThrough+1"],"picked":"Slimebound:Repurpose","floor":46},{"not_picked":["Slimebound:GoopTackle","Slimebound:SplitSpecialist"],"picked":"Slimebound:ServeAndProtect+1","floor":48},{"not_picked":["Slimebound:Prepare","Slimebound:SamplingLick+1"],"picked":"Slimebound:DivideAndConquer","floor":49}],"player_experience":215269,"relics_obtained":[{"floor":7,"key":"MealTicket"},{"floor":8,"key":"WingedGreaves"},{"floor":9,"key":"Mango"},{"floor":13,"key":"Shuriken"},{"floor":28,"key":"Bottled Lightning"},{"floor":41,"key":"The Courier"},{"floor":44,"key":"TungstenRod"},{"floor":46,"key":"Bottled Tornado"}],"event_choices":[],"is_beta":false,"boss_relics":[{"not_picked":["SlaversCollar","Pandora\u0027s Box"],"picked":"Empty Cage"},{"not_picked":["reliquary:RedPaperclip","Sozu"],"picked":"Fusion Hammer"}],"items_purged_floors":[3,10,20,29],"is_endless":false,"potions_floor_spawned":[5,13,14,15,16,19,21,26,27,28,32,33,36,38,39,40,43,44,46,48,49],"killed_by":"DF_ARCHETYPE_ORBS","ascension_level":0}}