{"host":"wbn3xdfsa5pc2kse","time":1613131718,"event":{"mods":["AchievementEnabler","BaseMod","Bestiary","Colored Map","Colored Powertips","Curses Come First","Highlight Path","Minty Spire (QoL Compilation)","Permanent Neow","Rare Cards Sparkle","Relic Stats","StSLib"],"gold_per_floor":[110,121,132,1,1,1,1],"floor_reached":6,"language":"ZHT","playtime":194,"items_purged":["Strike_R"],"score":65,"play_id":"09a74118-5e65-4789-82fc-70d9cb29f707","local_time":"20210212200838","is_ascension_mode":true,"campfire_choices":[],"circlet_count":0,"master_deck":["AscendersBane","Strike_R","Strike_R","Strike_R","Defend_R","Defend_R","Defend_R","Defend_R","Bash","Twin Strike","Clash","True Grit","Shrug It Off"],"relics":["Burning Blood","Meat on the Bone"],"acts_visited":["Exordium"],"potions_floor_usage":[6,6,6],"damage_taken":[{"damage":20,"enemies":"Cultist","floor":1,"turns":7},{"damage":0,"enemies":"Small Slimes","floor":2,"turns":3},{"damage":6,"enemies":"2 Louse","floor":3,"turns":3},{"damage":18,"enemies":"Lagavulin","floor":6,"turns":4}],"seed_played":"3384444977567263017","potions_obtained":[{"floor":1,"key":"EntropicBrew"},{"floor":2,"key":"LiquidMemories"}],"is_trial":false,"path_per_floor":["M","M","M","$","?","E"],"character_chosen":"IRONCLAD","items_purchased":["Shrug It Off"],"campfire_rested":0,"item_purchase_floors":[4],"current_hp_per_floor":[54,60,60,60,15,0,0],"gold":1,"neow_bonus":"REMOVE_CARD","is_daily":false,"chose_seed":false,"campfire_upgraded":0,"win_rate":0.0,"timestamp":1613131718,"path_taken":["M","M","M","$","?","E"],"items_purchased_type":["Card"],"build_version":"2020-12-22","purchased_purges":1,"victory":false,"max_hp_per_floor":[75,75,75,75,75,75,75],"relic_stats":{"counters":[4,17],"obtain_stats":[{"Burning Blood":0,"Meat on the Bone":5},{"Burning Blood":0,"Meat on the Bone":3},{"Burning Blood":0,"Meat on the Bone":13}],"Burning Blood":18,"Meat on the Bone":0},"card_choices":[{"not_picked":["Rage","Dark Embrace"],"picked":"Twin Strike","floor":1},{"not_picked":["Shrug It Off","Disarm"],"picked":"Clash","floor":2},{"not_picked":["Thunderclap","Sever Soul"],"picked":"True Grit","floor":3}],"player_experience":808058,"relics_obtained":[],"event_choices":[{"damage_healed":0,"gold_gain":0,"player_choice":"Success","damage_taken":45,"relics_obtained":["Meat on the Bone"],"max_hp_gain":0,"max_hp_loss":0,"event_name":"Scrap Ooze","floor":5,"gold_loss":0}],"is_beta":false,"boss_relics":[],"items_purged_floors":[4],"is_endless":false,"potions_floor_spawned":[1,2],"killed_by":"Lagavulin","ascension_level":16}}