{"host":"bbmxo8e8cdq8htg1","time":1613115164,"event":{"mods":["AchievementEnabler","BaseMod","Better Match","Better Third Choice","BetterRewards","Colored Powertips","DeckTracker","Dota2Spire","Mimic Mod","Minty Spire (QoL Compilation)","Permanent Neow","Quick Restart","Rare Cards Sparkle","Relic Stats","Replay The Spire","Shop Mod","Spicy Shops","StSLib","SuperFastMode","The Blue Laboratory","The Forsaken","The Jungle"],"gold_per_floor":[214,65,65,65,88,109,109,109,157,198,198,212,231,265,265,265,265],"floor_reached":16,"language":"ENG","playtime":539,"items_purged":["Defend_R"],"score":127,"play_id":"3500db30-0f93-481b-924f-81a95f4aced9","local_time":"20210212103244","is_ascension_mode":true,"campfire_choices":[{"floor":8,"key":"REST"},{"floor":11,"key":"REST"},{"floor":15,"key":"REST"}],"circlet_count":0,"master_deck":["Strike_R","Strike_R+1","Strike_R","Strike_R+1","Strike_R","Defend_R+1","Bash","Massacre","Perfected Strike","Perfected Strike","Double Tap","Thunderclap"],"relics":["Burning Blood","Whetstone","Golden Idol","Dota2Spire:Vanguard","War Paint","Dota2Spire:Satanic"],"acts_visited":["Exordium"],"potions_floor_usage":[14,16,16],"damage_taken":[{"damage":23,"enemies":"Jaw Worm","floor":1,"turns":4},{"damage":0,"enemies":"2 Louse","floor":5,"turns":3},{"damage":5,"enemies":"Small Slimes","floor":6,"turns":2},{"damage":17,"enemies":"Exordium Thugs","floor":9,"turns":7},{"damage":40,"enemies":"3 Sentries","floor":10,"turns":6},{"damage":31,"enemies":"Exordium Thugs","floor":12,"turns":4},{"damage":0,"enemies":"Exordium Wildlife","floor":13,"turns":3},{"damage":14,"enemies":"Gremlin Nob","floor":14,"turns":4},{"damage":62,"enemies":"Hexaghost","floor":16,"turns":7}],"seed_played":"3191282884226122377","potions_obtained":[{"floor":1,"key":"Dexterity Potion"},{"floor":5,"key":"blueLaboratory:Moonshine"},{"floor":12,"key":"blueLaboratory:PhilterOfMotion"}],"is_trial":false,"path_per_floor":["M","$","?","?","M","M","?","R","MIM","E","R","M","M","E","R","B"],"character_chosen":"IRONCLAD","items_purchased":["Whetstone"],"campfire_rested":3,"item_purchase_floors":[2],"current_hp_per_floor":[63,63,43,36,42,43,43,67,56,22,46,21,27,19,43,0,0],"gold":265,"neow_bonus":"HUNDRED_GOLD","is_daily":false,"chose_seed":false,"campfire_upgraded":0,"win_rate":0.0,"timestamp":1613115164,"path_taken":["M","$","?","?","M","M","?","R","MIM","E","R","?","M","E","R","BOSS"],"items_purchased_type":["Relic"],"build_version":"2020-12-22","purchased_purges":1,"victory":false,"max_hp_per_floor":[80,80,80,80,80,80,80,80,80,80,80,80,80,80,80,80,80],"relic_stats":{"counters":[9,40],"Golden Idol":41,"Whetstone":["Strike_R","Strike_R"],"War Paint":["Defend_R"],"obtain_stats":[{"Dota2Spire:Satanic":14,"Golden Idol":3,"Dota2Spire:Vanguard":9,"Whetstone":2,"War Paint":10,"Burning Blood":0},{"Dota2Spire:Satanic":8,"Golden Idol":1,"Dota2Spire:Vanguard":4,"Whetstone":1,"War Paint":5,"Burning Blood":0},{"Dota2Spire:Satanic":33,"Golden Idol":4,"Dota2Spire:Vanguard":16,"Whetstone":4,"War Paint":22,"Burning Blood":0}],"Burning Blood":48},"card_choices":[{"not_picked":["Warcry","True Grit"],"picked":"Massacre","floor":1},{"not_picked":["Heavy Blade","Shrug It Off"],"picked":"Perfected Strike","floor":5},{"not_picked":["Shrug It Off","Searing Blow","Eclipse"],"picked":"SKIP","floor":6},{"not_picked":["Fire Breathing","Shockwave","Wild Strike"],"picked":"SKIP","floor":10},{"not_picked":["Headbutt","Pommel Strike"],"picked":"Perfected Strike","floor":12},{"not_picked":["Pummel","Heavy Blade"],"picked":"Double Tap","floor":13},{"not_picked":["Flame Barrier","ReplayTheSpireMod:LeadingStrike"],"picked":"Thunderclap","floor":14}],"player_experience":14036,"relics_obtained":[{"floor":9,"key":"Dota2Spire:Vanguard"},{"floor":10,"key":"War Paint"},{"floor":14,"key":"Dota2Spire:Satanic"}],"event_choices":[{"damage_healed":0,"gold_gain":0,"player_choice":"Take Damage","damage_taken":20,"relics_obtained":["Golden Idol"],"max_hp_gain":0,"max_hp_loss":0,"event_name":"Golden Idol","floor":3,"gold_loss":0},{"cards_removed":["Defend_R"],"damage_healed":0,"gold_gain":0,"player_choice":"Card Removal","damage_taken":7,"max_hp_gain":0,"max_hp_loss":0,"event_name":"Golden Wing","floor":4,"gold_loss":0},{"cards_removed":["Defend_R"],"damage_healed":0,"gold_gain":0,"player_choice":"Purged","damage_taken":0,"max_hp_gain":0,"max_hp_loss":0,"event_name":"Purifier","floor":7,"gold_loss":0}],"is_beta":false,"boss_relics":[],"items_purged_floors":[2],"is_endless":false,"potions_floor_spawned":[1,5,12],"killed_by":"Hexaghost","ascension_level":3}}