{"host":"yans4pr1zf0lm9bx","time":1613165599,"event":{"mods":["AchievementEnabler","BaseMod","Minty Spire (QoL Compilation)","StSLib","SuperFastMode","slay the spire mod where everything is the same but ironclad has a cowboy hat"],"gold_per_floor":[20,20,44,8,83,83,103,103,103,28,51,72,92,105,105,105,105],"floor_reached":16,"language":"ENG","playtime":451,"items_purged":["Strike_R"],"score":143,"play_id":"134eef62-b71b-47c7-a5c0-96e4cf4d940a","local_time":"20210212163319","is_ascension_mode":true,"campfire_choices":[{"data":"Second Wind","floor":6,"key":"SMITH"},{"data":"Barricade","floor":8,"key":"SMITH"},{"floor":15,"key":"REST"}],"circlet_count":0,"master_deck":["Strike_R","Strike_R","Defend_R","Defend_R","Defend_R","Defend_R","Bash","Sword Boomerang","Wild Strike","Pommel Strike","Rampage","Second Wind+1","Barricade+1","Shrug It Off","Shrug It Off"],"relics":["Burning Blood","Golden Idol","Pear"],"acts_visited":["Exordium"],"potions_floor_usage":[1,14],"damage_taken":[{"damage":4,"enemies":"Small Slimes","floor":1,"turns":3},{"damage":11,"enemies":"Jaw Worm","floor":3,"turns":5},{"damage":0,"enemies":"Cultist","floor":7,"turns":2},{"damage":35,"enemies":"Gremlin Gang","floor":11,"turns":6},{"damage":14,"enemies":"Red Slaver","floor":12,"turns":6},{"damage":6,"enemies":"Looter","floor":13,"turns":4},{"damage":8,"enemies":"Blue Slaver","floor":14,"turns":4},{"damage":56,"enemies":"The Guardian","floor":16,"turns":12}],"seed_played":"-3197304156627975273","potions_obtained":[{"floor":1,"key":"Fruit Juice"},{"floor":13,"key":"HeartOfIron"},{"floor":14,"key":"SmokeBomb"}],"is_trial":false,"path_per_floor":["M","?","M","$","?","R","M","R","T","$","M","M","M","M","R","B"],"character_chosen":"IRONCLAD","items_purchased":["Second Wind"],"campfire_rested":1,"item_purchase_floors":[4],"current_hp_per_floor":[85,64,59,59,48,48,54,54,64,64,35,27,27,25,53,0,0],"gold":105,"neow_bonus":"TRANSFORM_TWO_CARDS","is_daily":false,"chose_seed":false,"campfire_upgraded":2,"win_rate":0.0,"timestamp":1613165599,"path_taken":["M","?","M","$","?","R","M","R","T","?","M","M","M","M","R","BOSS"],"items_purchased_type":["Card"],"build_version":"2020-12-22","purchased_purges":1,"victory":false,"max_hp_per_floor":[85,85,85,85,85,85,85,85,95,95,95,95,95,95,95,95,95],"card_choices":[{"not_picked":["Headbutt","Shrug It Off"],"picked":"Pommel Strike","floor":1},{"not_picked":["Disarm","Metallicize"],"picked":"Rampage","floor":3},{"not_picked":["Headbutt","Clash"],"picked":"Barricade","floor":7},{"not_picked":["Warcry","Pommel Strike"],"picked":"Shrug It Off","floor":11},{"not_picked":["Havoc","Pommel Strike","Clash"],"picked":"SKIP","floor":12},{"not_picked":["Clash","Pommel Strike","Armaments"],"picked":"SKIP","floor":13},{"not_picked":["Bloodletting","Wild Strike"],"picked":"Shrug It Off","floor":14}],"player_experience":307070,"relics_obtained":[{"floor":9,"key":"Pear"}],"event_choices":[{"damage_healed":0,"gold_gain":0,"player_choice":"Take Damage","damage_taken":21,"relics_obtained":["Golden Idol"],"max_hp_gain":0,"max_hp_loss":0,"event_name":"Golden Idol","floor":2,"gold_loss":0},{"damage_healed":0,"gold_gain":75,"player_choice":"Gather Gold","damage_taken":11,"max_hp_gain":0,"max_hp_loss":0,"event_name":"World of Goop","floor":5,"gold_loss":0}],"is_beta":false,"boss_relics":[],"items_purged_floors":[10],"is_endless":false,"potions_floor_spawned":[1,13,14],"killed_by":"The Guardian","ascension_level":5}}