{"host":"iudiqz5bwex5meyb","time":1613161812,"event":{"mods":["AchievementEnabler","BaseMod","Block Reminder","Colored Map","Minty Spire (QoL Compilation)","StSLib","The Senshi","ojb\u0027s Better Paths Mod","ojb\u0027s Info Mod"],"gold_per_floor":[110,124,124,136,156,156,188,188,188,188,188,203,533,543,543,647,647,663,677,690,701,701,701],"floor_reached":22,"language":"ENG","playtime":3449,"items_purged":[],"score":200,"play_id":"8fd2446a-c0ce-4463-894d-68c925c8286d","local_time":"20210212143012","is_ascension_mode":false,"campfire_choices":[{"floor":6.0,"key":"REST"},{"floor":8.0,"key":"REST"},{"floor":15.0,"key":"REST"}],"circlet_count":0,"master_deck":["theSenshi:SailorKick","theSenshi:SailorKick","theSenshi:SailorKick","theSenshi:SailorKick","theSenshi:SailorBlock","theSenshi:SailorBlock","theSenshi:SailorBlock","theSenshi:RoseThrow","theSenshi:MoonPrismPowerMakeUp","theSenshi:MoonCrisisMakeUp+1","theSenshi:MoonPrincessHalation","theSenshi:MoonTiaraMagic","theSenshi:SailorChibiMoonAssists+1","theSenshi:MoonTiaraMagic","Parasite","theSenshi:PlutosSolemnity","theSenshi:SailorUranusAssists","theSenshi:SaturnsMystery","theSenshi:JupitersPower","theSenshi:MoonPrincessHalation","theSenshi:SchoolBag","theSenshi:MoonCrystalPowerMakeUp","theSenshi:TuxedoSmokingBomber"],"relics":["theSenshi:TransformationBroochRelic","Juzu Bracelet","Mummified Hand","Old Coin","Black Star"],"acts_visited":[],"potions_floor_usage":[21,22],"damage_taken":[{"damage":0.0,"enemies":"Cultist","floor":1.0,"turns":3.0},{"damage":19.0,"enemies":"2 Louse","floor":2.0,"turns":4.0},{"damage":6.0,"enemies":"Jaw Worm","floor":4.0,"turns":4.0},{"damage":19.0,"enemies":"3 Louse","floor":5.0,"turns":4.0},{"damage":32.0,"enemies":"Lagavulin","floor":7.0,"turns":6.0},{"damage":9.0,"enemies":"Lots of Slimes","floor":12.0,"turns":3.0},{"damage":20.0,"enemies":"Gremlin Nob","floor":13.0,"turns":5.0},{"damage":12.0,"enemies":"Exordium Thugs","floor":14.0,"turns":4.0},{"damage":34.0,"enemies":"Hexaghost","floor":16.0,"turns":10.0},{"damage":29.0,"enemies":"2 Thieves","floor":18.0,"turns":4.0},{"damage":28.0,"enemies":"Spheric Guardian","floor":19.0,"turns":5.0},{"damage":18,"enemies":"Centurion and Healer","floor":20,"turns":6},{"damage":31,"enemies":"Chosen and Byrds","floor":21,"turns":7},{"damage":10,"enemies":"Cultist and Chosen","floor":22,"turns":1}],"seed_played":"6075298255041700979","potions_obtained":[{"floor":1.0,"key":"Strength Potion"},{"floor":5.0,"key":"EntropicBrew"},{"floor":12.0,"key":"Energy Potion"},{"floor":13.0,"key":"LiquidBronze"},{"floor":20,"key":"Ancient Potion"},{"floor":21,"key":"ColorlessPotion"}],"is_trial":false,"path_per_floor":["M","M","?","M","M","R","E","R","T","?","?","M","E","M","R","B",null,"M","M","M","M","M"],"character_chosen":"THE_SENSHI","items_purchased":[],"campfire_rested":3,"item_purchase_floors":[],"current_hp_per_floor":[82,63,56,50,31,55,23,47,47,67,51,42,22,10,34,15,82,68,40,32,6,0,0],"gold":701,"neow_bonus":"TEN_PERCENT_HP_BONUS","is_daily":false,"chose_seed":false,"campfire_upgraded":0,"win_rate":0.0,"timestamp":1613161812,"path_taken":["M","M","?","M","M","R","E","R","T","?","?","M","E","M","R","BOSS","M","M","M","M","M"],"items_purchased_type":[],"build_version":"2020-12-22","purchased_purges":0,"victory":false,"max_hp_per_floor":[82,82,82,82,82,82,82,82,82,82,82,82,82,82,82,82,82,82,82,82,82,82,82],"card_choices":[{"not_picked":["theSenshi:SailorNeptuneAssists","theSenshi:SailorMarsAssists"],"picked":"theSenshi:MoonCrisisMakeUp","floor":1.0},{"not_picked":["theSenshi:MoonPunch","theSenshi:KlutzyLuck"],"picked":"theSenshi:MoonPrincessHalation","floor":2.0},{"not_picked":["theSenshi:MoonKick","theSenshi:SailorChibiMoonAssists"],"picked":"theSenshi:MoonTiaraMagic","floor":4.0},{"not_picked":["theSenshi:LunasBite","theSenshi:HesSoDreamy"],"picked":"theSenshi:SailorChibiMoonAssists","floor":5.0},{"not_picked":["theSenshi:SailorVenusAssists","theSenshi:FatedKiss"],"picked":"theSenshi:MoonTiaraMagic","floor":7.0},{"not_picked":["theSenshi:SailorChibiMoonAssists","theSenshi:Sidestep"],"picked":"theSenshi:PlutosSolemnity","floor":12.0},{"not_picked":["theSenshi:MoonTiaraMagic","theSenshi:SailorMarsAssists"],"picked":"theSenshi:SailorUranusAssists","floor":13.0},{"not_picked":["theSenshi:MoonCosmicPowerMakeUp","theSenshi:SailorChibiMoonAssists"],"picked":"theSenshi:SaturnsMystery","floor":14.0},{"not_picked":["theSenshi:SailorStarHealerAssists","theSenshi:SailorCosmosAssists"],"picked":"theSenshi:JupitersPower","floor":16.0},{"not_picked":["theSenshi:SailorMercuryAssists","theSenshi:SupersonicWaves"],"picked":"theSenshi:MoonPrincessHalation","floor":18.0},{"not_picked":["theSenshi:LunaWiseMentor","theSenshi:MoonPrincessHalation"],"picked":"theSenshi:SchoolBag","floor":19.0},{"not_picked":["theSenshi:SailorPlanetAttack","theSenshi:Sidestep"],"picked":"theSenshi:MoonCrystalPowerMakeUp","floor":20},{"not_picked":["theSenshi:VenusGlamour","theSenshi:SailorMarsAssists"],"picked":"theSenshi:TuxedoSmokingBomber","floor":21}],"player_experience":243049,"relics_obtained":[{"floor":7.0,"key":"Juzu Bracelet"},{"floor":9.0,"key":"Mummified Hand"},{"floor":13.0,"key":"Old Coin"}],"event_choices":[{"cards_removed":["theSenshi:SailorBlock"],"damage_healed":0.0,"max_hp_gain":0.0,"max_hp_loss":0.0,"gold_gain":0.0,"event_name":"Golden Wing","player_choice":"Card Removal","floor":3.0,"gold_loss":0.0,"damage_taken":7.0},{"damage_healed":20.0,"max_hp_gain":0.0,"max_hp_loss":0.0,"gold_gain":0.0,"event_name":"Mushrooms","player_choice":"Healed and dodged fight","floor":10.0,"gold_loss":0.0,"damage_taken":0.0,"cards_obtained":["Parasite"]},{"damage_healed":0.0,"max_hp_gain":0.0,"max_hp_loss":0.0,"gold_gain":0.0,"event_name":"Shining Light","player_choice":"Entered Light","floor":11.0,"gold_loss":0.0,"damage_taken":16.0,"cards_upgraded":["theSenshi:SailorChibiMoonAssists","theSenshi:MoonCrisisMakeUp"]}],"is_beta":false,"boss_relics":[{"not_picked":["Velvet Choker","Philosopher\u0027s Stone"],"picked":"Black Star"}],"items_purged_floors":[],"is_endless":false,"potions_floor_spawned":[1,5,12,13,16,20,21],"killed_by":"Cultist and Chosen","ascension_level":0}}