{"host":"Jinnai","time":1613093665,"event":{"mods":["BaseMod","Block Reminder","Colored Map","Colored Powertips","Curses Come First","Highlight Path","Minty Spire (QoL Compilation)","Permanent Neow","Potion Indicator Mod","Quick Restart","Relic Stats","StSLib","ojb\u0027s Info Mod"],"gold_per_floor":[112,129,149,149,161,161,161],"floor_reached":6,"language":"ENG","playtime":238,"items_purged":[],"score":76,"play_id":"e3f13dc6-7417-426a-b487-6bc9849894fd","local_time":"20210211203425","is_ascension_mode":true,"campfire_choices":[],"circlet_count":0,"master_deck":["AscendersBane","Strike_B","Strike_B","Strike_B","Strike_B","Defend_B+1","Defend_B","Defend_B","Defend_B","Zap","Dualcast+1","Gash","Aggregate","Static Discharge","Hello World"],"relics":["Cursed Key"],"acts_visited":["Exordium"],"potions_floor_usage":[6],"damage_taken":[{"damage":0,"enemies":"2 Louse","floor":1,"turns":2},{"damage":7,"enemies":"Small Slimes","floor":2,"turns":4},{"damage":12,"enemies":"Jaw Worm","floor":3,"turns":2},{"damage":10,"enemies":"Large Slime","floor":5,"turns":6},{"damage":20,"enemies":"Lagavulin","floor":6,"turns":7}],"seed_played":"9129718175258343754","potions_obtained":[{"floor":2,"key":"FocusPotion"},{"floor":5,"key":"ColorlessPotion"}],"is_trial":false,"path_per_floor":["M","M","M","?","M","E"],"character_chosen":"DEFECT","items_purchased":[],"campfire_rested":0,"item_purchase_floors":[],"current_hp_per_floor":[64,57,45,24,14,0,0],"gold":161,"neow_bonus":"BOSS_RELIC","is_daily":false,"chose_seed":false,"campfire_upgraded":0,"win_rate":0.0,"timestamp":1613093665,"path_taken":["M","M","M","?","M","E"],"items_purchased_type":[],"build_version":"2020-12-18","purchased_purges":0,"victory":false,"max_hp_per_floor":[71,71,71,71,71,71,71],"relic_stats":{"counters":[5,21],"Cursed Key":0,"obtain_stats":[{"Cracked Core":0,"Cursed Key":0},{"Cracked Core":0,"Cursed Key":0},{"Cracked Core":0,"Cursed Key":0}]},"card_choices":[{"not_picked":["Ball Lightning","Leap"],"picked":"Gash","floor":1},{"not_picked":["Leap","Hologram"],"picked":"Aggregate","floor":2},{"not_picked":["Undo","Fusion"],"picked":"Static Discharge","floor":3},{"not_picked":["Go for the Eyes","Compile Driver"],"picked":"Hello World","floor":5}],"player_experience":1720637,"relics_obtained":[],"event_choices":[{"damage_healed":0,"gold_gain":0,"player_choice":"Entered Light","damage_taken":21,"max_hp_gain":0,"max_hp_loss":0,"event_name":"Shining Light","floor":4,"gold_loss":0,"cards_upgraded":["Defend_B","Dualcast"]}],"is_beta":true,"boss_relics":[],"items_purged_floors":[],"is_endless":false,"potions_floor_spawned":[2,5],"killed_by":"Lagavulin","ascension_level":20}}