{"host":"tm3ghj8mno6gwywm","time":1613093367,"event":{"mods":["2.2 Compatiblity","AchievementEnabler","Bard","BaseMod","Beaked The Cultist","Better Third Choice","Colored Map","Colored Powertips","Conspire","Downfall","Glutton Mod","GungeonMod","Halation","Hermit","Hubris","Infinite Spire","Jorbs\u0027s Wanderer Trilogy","Mad Scientist","Marisa????????","Marked Mod","Mimic Mod","Minty Spire (QoL Compilation)","Potionbrewer","Quick Restart","Replay The Spire","Shade Mod","Shop Mod","Somnambulant","Spicy Shops","StSLib","SuperFastMode","The Bug Knight","The Construct","The Cursed","The Disciple","The Hierophant","The IronCluck","The Judge","The Jungle","The Necromancer","The Runesmith","The Servant 0.9.4","egg"],"gold_per_floor":[419,488,502,518,173,208,208,228,228,238,250,269,294,14,14,113,113,130,55,85,105,119,150,150,150,184,204,232,232,247,257,257,379,379,423,423,461,502,502,570,620,620,620,620,695,754,637,937,937,937,937,937,520,580,580],"floor_reached":56,"language":"ENG","playtime":1663,"items_purged":["Regret"],"score":1409,"play_id":"1035e289-4b2f-45e7-8110-22b309d7e02d","local_time":"20210211202927","is_ascension_mode":false,"campfire_choices":[{"floor":7,"key":"RECALL"},{"floor":15,"key":"REST"},{"data":"Neutralize","floor":24,"key":"SMITH"},{"data":"Survivor","floor":32,"key":"SMITH"},{"data":"Defend_G","floor":42,"key":"SMITH"},{"data":"Defend_G","floor":49,"key":"SMITH"},{"data":"Defend_G","floor":52,"key":"SMITH"}],"circlet_count":0,"master_deck":["Strike_G+1","Strike_G","Strike_G","Strike_G","Strike_G+1","Defend_G","Defend_G","Defend_G+1","Defend_G+1","Defend_G+1","Survivor+1","Neutralize+1","Bane+1","Poisoned Stab+1","Deadly Poison+1","Poisoned Stab+1","Deadly Poison+1","Dagger Spray+1","Replay:Poison Smokescreen+1","Bane+1","Envenom+1","Bane+1","Crippling Poison+1","ReplayTheSpireMod:Necrosis+1","Corpse Explosion+1","Madness+1","Madness+1","Replay:Poison Smokescreen+1","After Image+1","stsjorbsmod:Withering","Replay:Bag of Tricks+1"],"relics":["Ring of the Snake","Membership Card","Quantum Egg","Frozen Egg 2","Toxic Egg 2","Molten Egg 2","Black Star","Mummified Hand","Lizard Tail","WingedGreaves","Old Coin","DemoMod:ChaffGrenade","Potion Belt","Anchor","Juzu Bracelet","infinitespire:Lucky Rock","Whetstone","Guardian:PocketSentry","Vampiric Spirits","hubris:AncientText","Runesmith:Nanobots","Cauldron","construct:WeddingRing","potionbrewer:Keyblade","Red Mask","White Beast Statue","Gremlin Horn","hubris:PeanutButter","Centennial Puzzle","halation:BottledLove","Smiling Mask","halation:PinkSoulGem","infinitespire:EvilPickle","Bag of Preparation","conspire:TopHat","Iron Hammer","CatCart","hubris:TenFootPole","PreservedInsect","Torii","Ancient Tea Set","Orrery","DemoMod:OrangeGuonStone","DemoMod:GundromedaStrain","ReplayTheSpireMod:CursedCoin","Bronze Scales","Sling","halation:PrussianBluePaint","DemoMod:ClearGuonStone"],"acts_visited":["Exordium","TheCity","TheBeyond","TheEnding"],"potions_floor_usage":[13,13,13,16,16,33,33,33,41,45,50,50,50,50,55,55,55],"damage_taken":[{"damage":3,"enemies":"conspire:RoseBush","floor":1,"turns":4},{"damage":2,"enemies":"Jaw Worm","floor":3,"turns":4},{"damage":0,"enemies":"Small Slimes","floor":4,"turns":3},{"damage":2,"enemies":"HollowMod:MossKnight","floor":6,"turns":5},{"damage":0,"enemies":"2 Fungi Beasts","floor":8,"turns":2},{"damage":4,"enemies":"Large Slime","floor":10,"turns":3},{"damage":5,"enemies":"Gremlin Gang","floor":11,"turns":5},{"damage":3,"enemies":"Blue Slaver","floor":12,"turns":2},{"damage":10,"enemies":"Lagavulin","floor":13,"turns":4},{"damage":5,"enemies":"Slime Boss","floor":16,"turns":4},{"damage":0,"enemies":"3 Byrds","floor":18,"turns":3},{"damage":0,"enemies":"Masked Bandits","floor":20,"turns":2},{"damage":0,"enemies":"Shell Parasite","floor":21,"turns":1},{"damage":1,"enemies":"Snecko","floor":22,"turns":3},{"damage":0,"enemies":"Replay:Snechameleon","floor":23,"turns":2},{"damage":3,"enemies":"Cultist and Chosen","floor":26,"turns":4},{"damage":0,"enemies":"Cultist and Chosen","floor":27,"turns":2},{"damage":9,"enemies":"Gremlin Leader","floor":28,"turns":4},{"damage":0,"enemies":"Sentry and Sphere","floor":30,"turns":2},{"damage":0,"enemies":"Chosen and Byrds","floor":31,"turns":3},{"damage":11,"enemies":"Pondfish","floor":33,"turns":8},{"damage":0,"enemies":"3 Darklings","floor":35,"turns":2},{"damage":0,"enemies":"Orb Walker","floor":37,"turns":2},{"damage":0,"enemies":"Jaw Worm Horde","floor":38,"turns":3},{"damage":0,"enemies":"Reptomancer","floor":40,"turns":3},{"damage":0,"enemies":"Orin","floor":41,"turns":7},{"damage":10,"enemies":"Nemesis","floor":45,"turns":4},{"damage":0,"enemies":"3 Darklings","floor":46,"turns":2},{"damage":86,"enemies":"conspire:OrnateMirror","floor":50,"turns":8},{"damage":0,"enemies":"Shield and Spear","floor":54,"turns":2},{"damage":68,"enemies":"The Heart","floor":55,"turns":7}],"seed_played":"-1882050698763517639","potions_obtained":[{"floor":1,"key":"Ancient Potion"},{"floor":8,"key":"Dexterity Potion"},{"floor":11,"key":"potionbrewer:NoxiousPotion"},{"floor":13,"key":"bronze:BurnAndBuffPotion"},{"floor":14,"key":"potionbrewer:SplittingPotion"},{"floor":14,"key":"Regen Potion"},{"floor":14,"key":"Energy Potion"},{"floor":14,"key":"potionbrewer:StunPotion"},{"floor":16,"key":"Elixir"},{"floor":26,"key":"potionbrewer:DiscountPotion"},{"floor":30,"key":"Guardian:BlockOnCardUsePotion"},{"floor":33,"key":"Elixir"},{"floor":35,"key":"Languid Potion"},{"floor":37,"key":"LifebloodPotion"},{"floor":41,"key":"bronze:BurnAndBuffPotion"},{"floor":45,"key":"FearPotion"},{"floor":46,"key":"potionbrewer:NoxiousPotion"}],"is_trial":false,"path_per_floor":["M","?","M","M","$","E","R","M","T","M","M","M","E","$","R","B",null,"M","$","?","M","M","E","R","?","MIM","M","E","?","M","M","R","B",null,"M","?","M","M","T","E","?","R","T","?","E","M","$","?","R","B",null,"R","$","E","B",null],"character_chosen":"THE_SILENT","items_purchased":["Potion Belt","Poisoned Stab+1","Deadly Poison+1","Anchor","Juzu Bracelet","infinitespire:Lucky Rock","Replay:Poison Smokescreen+1","Bane+1","Runesmith:Nanobots","Cauldron","potionbrewer:Keyblade","Ancient Tea Set","Orrery","DemoMod:OrangeGuonStone","DemoMod:GundromedaStrain","ReplayTheSpireMod:CursedCoin","Bronze Scales","Weak Potion","SteroidPotion","Dexterity Potion","hexamod:SoulburnPotion","Sling"],"campfire_rested":1,"item_purchase_floors":[5,5,5,5,5,5,14,14,14,14,19,47,47,53,53,53,53,53,53,53,53,53],"current_hp_per_floor":[67,67,65,65,65,63,63,63,63,59,54,51,41,41,62,65,70,70,70,70,70,69,70,70,70,67,70,61,61,69,70,70,59,70,70,61,64,65,65,70,70,70,70,70,60,70,70,70,70,35,70,70,70,70,2],"gold":580,"neow_bonus":"RANDOM_EVENT","is_daily":false,"chose_seed":false,"campfire_upgraded":5,"win_rate":0.0,"timestamp":1613093367,"path_taken":["M","?","M","M","$","E","R","M","T","M","M","M","E","$","R","BOSS","M","$","?","M","M","E","R","?","MIM","M","E","?","M","M","R","BOSS","M","?","M","M","?","E","?","R","T","?","E","M","$","?","R","BOSS","R","$","E","BOSS"],"items_purchased_type":["Relic","Card","Card","Relic","Relic","Relic","Card","Card","Relic","Relic","Relic","Relic","Relic","Relic","Relic","Relic","Relic","Potion","Potion","Potion","Potion","Relic"],"build_version":"2020-12-22","purchased_purges":1,"victory":true,"max_hp_per_floor":[70,70,70,70,70,70,70,70,70,70,70,70,70,70,70,70,70,70,70,70,70,70,70,70,70,70,70,70,70,70,70,70,70,70,70,70,70,70,70,70,70,70,70,70,70,70,70,70,70,70,70,70,70,70,70],"card_choices":[{"not_picked":["Flying Knee+1","Sucker Punch+1"],"picked":"Bane+1","floor":1},{"not_picked":["hubris:SlightOfHand+1","Cloak And Dagger+1","Bullet Time+1"],"picked":"SKIP","floor":3},{"not_picked":["Outmaneuver+1","PiercingWail+1","Well Laid Plans+1"],"picked":"SKIP","floor":4},{"not_picked":["Well Laid Plans+1","Outmaneuver+1","Dagger Throw+1"],"picked":"SKIP","floor":6},{"not_picked":["Underhanded Strike+1","Masterful Stab+1","Accuracy+1"],"picked":"SKIP","floor":8},{"not_picked":["Outmaneuver+1","Calculated Gamble+1","Setup+1"],"picked":"SKIP","floor":10},{"not_picked":["Quick Slash+1","Dodge and Roll+1"],"picked":"Poisoned Stab+1","floor":11},{"not_picked":["Prepared+1","All Out Attack+1"],"picked":"Deadly Poison+1","floor":12},{"not_picked":["Deadly Poison+1","Heel Hook+1"],"picked":"Dagger Spray+1","floor":13},{"not_picked":["Poison Darts+1","Phantasmal Killer+1"],"picked":"Envenom+1","floor":16},{"not_picked":["Eviscerate+1","hubris:SlightOfHand+1"],"picked":"Bane+1","floor":18},{"not_picked":["Cloak And Dagger+1","Bane+1","ReplayTheSpireMod:The Works+1"],"picked":"SKIP","floor":21},{"not_picked":["Poisoned Stab+1","Dagger Throw+1"],"picked":"Crippling Poison+1","floor":22},{"not_picked":["Grand Finale+1","Outmaneuver+1"],"picked":"ReplayTheSpireMod:Necrosis+1","floor":23},{"not_picked":["hubris:SlightOfHand+1","Blade Dance+1","Slice+1"],"picked":"SKIP","floor":27},{"not_picked":["Flying Knee+1","All Out Attack+1","Caltrops+1"],"picked":"SKIP","floor":28},{"not_picked":["Malaise+1","Bane+1","Slice+1"],"picked":"SKIP","floor":30},{"not_picked":["Outmaneuver+1","Flying Knee+1","Bane+1"],"picked":"SKIP","floor":31},{"not_picked":["Grand Finale+1","Die Die Die+1"],"picked":"Corpse Explosion+1","floor":33},{"not_picked":["Setup+1","Bane+1","Deadly Poison+1"],"picked":"SKIP","floor":35},{"not_picked":["Deadly Poison+1","Hidden Blade+1","Dagger Throw+1"],"picked":"SKIP","floor":37},{"not_picked":["hubris:Counter+1","Dagger Spray+1"],"picked":"Replay:Poison Smokescreen+1","floor":38},{"not_picked":["Slice+1","Flying Knee+1","Outmaneuver+1"],"picked":"SKIP","floor":40},{"not_picked":["Dash+1","hubris:SlightOfHand+1","Underhanded Strike+1"],"picked":"SKIP","floor":45},{"not_picked":["Calculated Gamble+1","Deflect+1","Quick Slash+1"],"picked":"SKIP","floor":46},{"not_picked":["ReplayTheSpireMod:Exploit Weakness+1","Escape Plan+1"],"picked":"After Image+1","floor":47},{"not_picked":["Atom Bomb+1","conspire:DoublingDagger+1"],"picked":"Replay:Bag of Tricks+1","floor":54}],"player_experience":872700,"relics_obtained":[{"floor":6,"key":"Whetstone"},{"floor":6,"key":"Guardian:PocketSentry"},{"floor":13,"key":"Vampiric Spirits"},{"floor":13,"key":"hubris:AncientText"},{"floor":20,"key":"Red Mask"},{"floor":23,"key":"White Beast Statue"},{"floor":23,"key":"Gremlin Horn"},{"floor":26,"key":"hubris:PeanutButter"},{"floor":26,"key":"Centennial Puzzle"},{"floor":28,"key":"halation:BottledLove"},{"floor":28,"key":"Smiling Mask"},{"floor":39,"key":"Bag of Preparation"},{"floor":40,"key":"conspire:TopHat"},{"floor":40,"key":"Iron Hammer"},{"floor":41,"key":"CatCart"},{"floor":43,"key":"hubris:TenFootPole"},{"floor":45,"key":"PreservedInsect"},{"floor":45,"key":"Torii"},{"floor":54,"key":"halation:PrussianBluePaint"},{"floor":54,"key":"DemoMod:ClearGuonStone"}],"event_choices":[{"damage_healed":0,"gold_gain":0,"player_choice":"Box","damage_taken":0,"relics_obtained":["DemoMod:ChaffGrenade"],"max_hp_gain":0,"max_hp_loss":0,"event_name":"Big Fish","floor":0,"gold_loss":0,"cards_obtained":["Regret"]},{"damage_healed":0,"gold_gain":69,"player_choice":"Gained Gold","damage_taken":0,"max_hp_gain":0,"max_hp_loss":0,"event_name":"Golden Wing","floor":2,"gold_loss":0},{"damage_healed":0,"gold_gain":0,"player_choice":"Fought Bandits","damage_taken":0,"max_hp_gain":0,"max_hp_loss":0,"event_name":"Masked Bandits","floor":20,"gold_loss":0},{"damage_healed":0,"gold_gain":0,"player_choice":"Embrace Madness","damage_taken":9,"max_hp_gain":0,"max_hp_loss":0,"event_name":"Winding Halls","floor":36,"gold_loss":0,"cards_obtained":["Madness","Madness"]},{"damage_healed":0,"gold_gain":0,"player_choice":"Fight","damage_taken":0,"max_hp_gain":0,"max_hp_loss":0,"event_name":"OrinTheCat","floor":41,"gold_loss":0},{"damage_healed":0,"gold_gain":300,"player_choice":"Gold","damage_taken":0,"max_hp_gain":0,"max_hp_loss":0,"event_name":"Wheel of Change","floor":48,"gold_loss":0}],"is_beta":false,"boss_relics":[{"not_picked":["halation:PinkAlligatorPlush","Ectoplasm"],"picked":"construct:WeddingRing"},{"not_picked":["halation:CatFaceCupcake","Snecko Heart","halation:HeavySnake"]}],"items_purged_floors":[14],"is_endless":false,"potions_floor_spawned":[1,8,11,13,16,21,22,26,27,28,30,31,33,35,37,38,40,41,45,46,54],"ascension_level":0}}