{"host":"gbbz8f5svnnpwo8d","time":1613147832,"event":{"mods":["AchievementEnabler","AlwaysNeverKeys","BaseMod","Bestiary","Better Altar","Better Match","Better Note","Better Sensory Stone","Better Silent Start","Better Skull","Better Third Choice","Better Vampires","Better-Laid Plans","BetterRewards","Block Reminder","Bossed Relics","Colored Map","Colored Powertips","Curses Come First","Dark Map","Displayed Cursed Tome","GifTheSpireLib","Minty Spire (QoL Compilation)","MonsterHotkey","Permanent Neow","Potion Indicator Mod","Quick Restart","Random Character Button","Rare Cards Sparkle","Relic Stats","Shop Mod","Spicy Shops","Spire Birthday Party","StSLib","Transform Curses"],"gold_per_floor":[111,61,61,77,77,77,94,128,128,138,157,187,200,233,233,338,338,351,85,96,96,146,173,189,223,223,223,273,273,283,12,12,112,112,123,143,154,54,104,132,200,200,200,250,250,28,38,71,71,71,71,71,6,41,41],"floor_reached":56,"language":"ENG","playtime":4919,"items_purged":["Strike_R"],"score":1615,"play_id":"97953cee-ade9-4943-b249-acbce6669084","local_time":"20210212093712","is_ascension_mode":false,"campfire_choices":[{"floor":6,"key":"REST"},{"data":"Sadistic Nature","floor":15,"key":"SMITH"},{"data":"Whirlwind","floor":27,"key":"SMITH"},{"data":"Uppercut","floor":29,"key":"SMITH"},{"data":"Rage","floor":32,"key":"SMITH"},{"data":"Limit Break","floor":42,"key":"SMITH"},{"data":"Trip","floor":45,"key":"SMITH"},{"data":"Shockwave","floor":49,"key":"SMITH"},{"data":"Rage","floor":52,"key":"SMITH"}],"circlet_count":0,"master_deck":["Strike_R","Strike_R","Defend_R","Defend_R","Defend_R","Defend_R+1","Bash","Sadistic Nature+1","Uppercut+1","Infernal Blade","Rage+1","Iron Wave","Reckless Charge","Power Through","Rage+1","Immolate","Thunderclap","Pommel Strike","Anger","Offering","Whirlwind+1","Spot Weakness+1","Entrench+1","Entrench+1","Iron Wave","Barricade","Rage+1","Bloodletting+1","Whirlwind","Limit Break+1","Trip+1","Violence","Shockwave+1","Bloodletting+1"],"relics":["Burning Blood","Champion Belt","Akabeko","Happy Flower","Paper Frog","Bottled Lightning","Chemical X","SsserpentHead","Centennial Puzzle","Nloth\u0027s Gift","Kunai","MerchantsRug","HandDrill","Pantograph","InkBottle","Sundial","Cauldron","Strawberry","Vajra"],"acts_visited":["Exordium","TheCity","TheBeyond","TheEnding"],"potions_floor_usage":[4,8,8,12,25,50,55,55,55,55,55],"damage_taken":[{"damage":0,"enemies":"Cultist","floor":1,"turns":3},{"damage":0,"enemies":"Small Slimes","floor":4,"turns":2},{"damage":0,"enemies":"Jaw Worm","floor":7,"turns":3},{"damage":19,"enemies":"Gremlin Nob","floor":8,"turns":4},{"damage":0,"enemies":"Red Slaver","floor":10,"turns":3},{"damage":2,"enemies":"Looter","floor":11,"turns":2},{"damage":0,"enemies":"Lagavulin","floor":12,"turns":3},{"damage":0,"enemies":"2 Fungi Beasts","floor":13,"turns":1},{"damage":0,"enemies":"Gremlin Nob","floor":14,"turns":2},{"damage":9,"enemies":"The Guardian","floor":16,"turns":5},{"damage":0,"enemies":"3 Byrds","floor":18,"turns":2},{"damage":6,"enemies":"2 Thieves","floor":20,"turns":1},{"damage":6,"enemies":"Gremlin Leader","floor":23,"turns":3},{"damage":0,"enemies":"Centurion and Healer","floor":24,"turns":1},{"damage":4,"enemies":"Book of Stabbing","floor":25,"turns":2},{"damage":0,"enemies":"Snecko","floor":30,"turns":2},{"damage":66,"enemies":"Collector","floor":33,"turns":9},{"damage":7,"enemies":"3 Shapes","floor":35,"turns":1},{"damage":6,"enemies":"Orb Walker","floor":36,"turns":1},{"damage":11,"enemies":"Transient","floor":37,"turns":5},{"damage":28,"enemies":"Nemesis","floor":40,"turns":3},{"damage":0,"enemies":"3 Darklings","floor":41,"turns":1},{"damage":9,"enemies":"Spire Growth","floor":47,"turns":2},{"damage":9,"enemies":"Reptomancer","floor":48,"turns":2},{"damage":39,"enemies":"Donu and Deca","floor":50,"turns":6},{"damage":9,"enemies":"Shield and Spear","floor":54,"turns":1},{"damage":149,"enemies":"The Heart","floor":55,"turns":10}],"seed_played":"3075494002567394530","potions_obtained":[{"floor":1,"key":"Ancient Potion"},{"floor":3,"key":"Dexterity Potion"},{"floor":3,"key":"Energy Potion"},{"floor":3,"key":"ColorlessPotion"},{"floor":8,"key":"Ancient Potion"},{"floor":11,"key":"Weak Potion"},{"floor":18,"key":"SneckoOil"},{"floor":23,"key":"Swift Potion"},{"floor":30,"key":"EntropicBrew"},{"floor":36,"key":"Energy Potion"},{"floor":47,"key":"CultistPotion"},{"floor":53,"key":"FairyPotion"}],"is_trial":false,"path_per_floor":["M","?","?","M","?","R","M","E","T","M","M","E","M","E","R","B",null,"M","$","M","?","?","E","M","E","T","R","?","R","M","$","R","B",null,"M","M","M","$","?","E","M","R","T","?","R","$","M","E","R","B",null,"R","$","E","B",null],"character_chosen":"IRONCLAD","items_purchased":["Sadistic Nature","Uppercut","Champion Belt","Lee\u0027s Waffle","Akabeko","Chemical X","Whirlwind","Kunai","MerchantsRug","HandDrill","Whirlwind","Pantograph","Pear","Cauldron","Strawberry"],"campfire_rested":1,"item_purchase_floors":[0,0,0,0,0,19,19,31,31,38,38,38,46,53,53],"current_hp_per_floor":[87,87,87,87,43,69,75,62,62,68,72,78,84,87,87,84,87,87,87,87,87,87,87,87,87,87,87,87,87,87,87,87,27,87,86,86,81,81,81,59,65,65,65,65,65,75,72,69,69,61,97,97,104,101,8],"gold":41,"neow_bonus":"","is_daily":false,"chose_seed":false,"campfire_upgraded":8,"win_rate":0.0,"timestamp":1613147832,"path_taken":["M","?","?","?","?","R","M","E","T","M","M","E","?","E","R","BOSS","M","$","M","?","?","E","M","E","T","R","?","R","M","?","R","BOSS","M","M","M","$","?","E","?","R","T","?","R","$","M","E","R","BOSS","R","$","E","BOSS"],"items_purchased_type":["Card","Card","Relic","Relic","Relic","Relic","Card","Relic","Relic","Relic","Card","Relic","Relic","Relic","Relic"],"build_version":"2020-12-22","purchased_purges":1,"victory":true,"max_hp_per_floor":[87,87,87,87,87,87,87,87,87,87,87,87,87,87,87,87,87,87,87,87,87,87,87,87,87,87,87,87,87,87,87,87,87,87,87,87,87,87,87,87,87,87,87,87,87,97,97,97,97,97,97,97,104,104,104],"relic_stats":{"Happy Flower":[52],"counters":[301,1225],"Burning Blood":1553,"SsserpentHead":300,"Centennial Puzzle":[30],"Sundial":[0],"Pantograph":112,"Nloth\u0027s Gift":4,"HandDrill":[2],"Champion Belt":[47],"Chemical X":[25],"Kunai":[24],"obtain_stats":[{"Whetstone":6,"Ginger":0,"Bottled Tornado":53,"Boot":14,"Sling":0,"Old Coin":22,"Blood Vial":25,"Sundial":9,"MealTicket":37,"Fusion Hammer":34,"HandDrill":38,"Kunai":29,"Runic Cube":17,"MerchantsRug":0,"Pear":46,"Blue Candle":9,"Eternal Feather":52,"Pen Nib":54,"Akabeko":32,"SlaversCollar":17,"Bird Faced Urn":0,"Mark of Pain":34,"StrikeDummy":54,"Unceasing Top":46,"Lantern":44,"Regal Pillow":28,"Magic Flower":7,"StoneCalendar":37,"Bag of Preparation":44,"Ancient Tea Set":0,"Cursed Key":34,"Smiling Mask":40,"Burning Blood":0,"Shovel":0,"Toolbox":2,"WingedGreaves":13,"Chemical X":0,"InkBottle":27,"Paper Frog":13,"Potion Belt":43,"Lee\u0027s Waffle":30,"Self Forming Clay":40,"Golden Idol":4,"Thread and Needle":22,"PreservedInsect":31,"The Courier":48,"Omamori":12,"Frozen Egg 2":9,"MawBank":29,"Busted Crown":17,"Ornamental Fan":41,"Bloody Idol":25,"betterThird:SlimedRelic":12,"Ectoplasm":17,"Art of War":9,"Bottled Lightning":49,"Champion Belt":53,"Toy Ornithopter":22,"Ice Cream":0,"Calipers":37,"Gremlin Horn":25,"CeramicFish":44,"Vajra":0,"Sozu":17,"Centennial Puzzle":48,"Lizard Tail":0,"HornCleat":53,"DollysMirror":53,"Strawberry":53,"Prayer Wheel":6,"Toxic Egg 2":26,"Girya":0,"Happy Flower":26,"Astrolabe":17,"Oddly Smooth Stone":53,"Charon\u0027s Ashes":53,"Letter Opener":53,"War Paint":41,"Question Card":30,"Du-Vu Doll":14,"Bottled Flame":38,"Shuriken":41,"Bronze Scales":42,"Molten Egg 2":43,"Nloth\u0027s Gift":21,"Meat on the Bone":24,"Darkstone Periapt":48,"reliquary:Firecrackers":43,"Black Blood":17,"Mango":9,"Incense Burner":0,"Juzu Bracelet":8,"PrismaticShard":0,"ClockworkSouvenir":45,"SsserpentHead":21,"Nunchaku":23,"Dream Catcher":48,"Mummified Hand":0,"Gambling Chip":40,"Pantograph":52,"Tiny Chest":31,"reliquary:RoseTintedGlasses":45,"Red Mask":45,"Red Skull":27,"Runic Pyramid":17,"Odd Mushroom":13,"Orichalcum":0,"Medical Kit":0,"White Beast Statue":54,"Peace Pipe":0,"Calling Bell":17,"Cauldron":53,"Anchor":0,"reliquary:TuningFork":31,"Bag of Marbles":44,"Membership Card":0,"TungstenRod":9,"FossilizedHelix":26},{"Whetstone":4,"Ginger":51,"Bottled Tornado":272,"Boot":83,"Sling":224,"Old Coin":157,"Blood Vial":133,"Sundial":225,"MealTicket":91,"Fusion Hammer":219,"HandDrill":294,"Kunai":66,"Runic Cube":155,"MerchantsRug":0,"Pear":19,"Blue Candle":278,"Eternal Feather":76,"Pen Nib":23,"Akabeko":136,"SlaversCollar":104,"Bird Faced Urn":0,"Mark of Pain":14,"StrikeDummy":50,"Unceasing Top":245,"Lantern":73,"Regal Pillow":160,"Magic Flower":125,"StoneCalendar":43,"Bag of Preparation":73,"Ancient Tea Set":97,"Cursed Key":113,"Smiling Mask":269,"Burning Blood":0,"Shovel":24,"Toolbox":148,"WingedGreaves":127,"Chemical X":147,"InkBottle":11,"Paper Frog":32,"Potion Belt":19,"Lee\u0027s Waffle":66,"Self Forming Clay":45,"Golden Idol":99,"Thread and Needle":184,"PreservedInsect":40,"The Courier":75,"Omamori":82,"Frozen Egg 2":177,"MawBank":134,"Busted Crown":8,"Ornamental Fan":141,"Bloody Idol":133,"betterThird:SlimedRelic":152,"Ectoplasm":230,"Art of War":30,"Bottled Lightning":48,"Champion Belt":120,"Toy Ornithopter":63,"Ice Cream":0,"Calipers":70,"Gremlin Horn":38,"CeramicFish":46,"Vajra":78,"Sozu":84,"Centennial Puzzle":48,"Lizard Tail":147,"HornCleat":145,"DollysMirror":49,"Strawberry":95,"Prayer Wheel":124,"Toxic Egg 2":65,"Girya":24,"Happy Flower":11,"Astrolabe":129,"Oddly Smooth Stone":49,"Charon\u0027s Ashes":49,"Letter Opener":22,"War Paint":141,"Question Card":40,"Du-Vu Doll":283,"Bottled Flame":268,"Shuriken":72,"Bronze Scales":46,"Molten Egg 2":195,"Nloth\u0027s Gift":213,"Meat on the Bone":38,"Darkstone Periapt":198,"reliquary:Firecrackers":46,"Black Blood":61,"Mango":126,"Incense Burner":0,"Juzu Bracelet":5,"PrismaticShard":97,"ClockworkSouvenir":46,"SsserpentHead":286,"Nunchaku":108,"Dream Catcher":271,"Mummified Hand":51,"Gambling Chip":18,"Pantograph":49,"Tiny Chest":67,"reliquary:RoseTintedGlasses":46,"Red Mask":73,"Red Skull":38,"Runic Pyramid":284,"Odd Mushroom":7,"Orichalcum":173,"Medical Kit":201,"White Beast Statue":121,"Peace Pipe":78,"Calling Bell":256,"Cauldron":299,"Anchor":97,"reliquary:TuningFork":40,"Bag of Marbles":73,"Membership Card":24,"TungstenRod":5,"FossilizedHelix":38},{"Whetstone":13,"Ginger":247,"Bottled Tornado":1136,"Boot":387,"Sling":928,"Old Coin":684,"Blood Vial":586,"Sundial":932,"MealTicket":418,"Fusion Hammer":906,"HandDrill":1200,"Kunai":297,"Runic Cube":677,"MerchantsRug":0,"Pear":113,"Blue Candle":1157,"Eternal Feather":362,"Pen Nib":150,"Akabeko":601,"SlaversCollar":463,"Bird Faced Urn":0,"Mark of Pain":80,"StrikeDummy":240,"Unceasing Top":1034,"Lantern":342,"Regal Pillow":689,"Magic Flower":554,"StoneCalendar":215,"Bag of Preparation":342,"Ancient Tea Set":443,"Cursed Key":500,"Smiling Mask":1121,"Burning Blood":0,"Shovel":164,"Toolbox":654,"WingedGreaves":559,"Chemical X":651,"InkBottle":58,"Paper Frog":181,"Potion Belt":113,"Lee\u0027s Waffle":297,"Self Forming Clay":222,"Golden Idol":448,"Thread and Needle":779,"PreservedInsect":207,"The Courier":351,"Omamori":385,"Frozen Egg 2":746,"MawBank":592,"Busted Crown":41,"Ornamental Fan":616,"Bloody Idol":586,"betterThird:SlimedRelic":668,"Ectoplasm":969,"Art of War":178,"Bottled Lightning":231,"Champion Belt":527,"Toy Ornithopter":286,"Ice Cream":0,"Calipers":328,"Gremlin Horn":201,"CeramicFish":226,"Vajra":375,"Sozu":393,"Centennial Puzzle":231,"Lizard Tail":651,"HornCleat":636,"DollysMirror":237,"Strawberry":433,"Prayer Wheel":547,"Toxic Egg 2":294,"Girya":164,"Happy Flower":58,"Astrolabe":570,"Oddly Smooth Stone":237,"Charon\u0027s Ashes":237,"Letter Opener":139,"War Paint":616,"Question Card":207,"Du-Vu Doll":1168,"Bottled Flame":1118,"Shuriken":337,"Bronze Scales":226,"Molten Egg 2":824,"Nloth\u0027s Gift":881,"Meat on the Bone":201,"Darkstone Periapt":834,"reliquary:Firecrackers":226,"Black Blood":277,"Mango":557,"Incense Burner":0,"Juzu Bracelet":21,"PrismaticShard":443,"ClockworkSouvenir":226,"SsserpentHead":1176,"Nunchaku":476,"Dream Catcher":1129,"Mummified Hand":247,"Gambling Chip":108,"Pantograph":237,"Tiny Chest":305,"reliquary:RoseTintedGlasses":226,"Red Mask":342,"Red Skull":201,"Runic Pyramid":1173,"Odd Mushroom":29,"Orichalcum":736,"Medical Kit":849,"White Beast Statue":534,"Peace Pipe":375,"Calling Bell":1080,"Cauldron":1214,"Anchor":443,"reliquary:TuningFork":207,"Bag of Marbles":342,"Membership Card":164,"TungstenRod":21,"FossilizedHelix":201}],"InkBottle":[41]},"card_choices":[{"not_picked":["Body Slam","Perfected Strike"],"picked":"Rage","floor":1},{"not_picked":["Rupture","Metallicize"],"picked":"Iron Wave","floor":4},{"not_picked":["Feel No Pain","Shrug It Off"],"picked":"Reckless Charge","floor":7},{"not_picked":["Sword Boomerang","Heavy Blade"],"picked":"Power Through","floor":8},{"not_picked":["Armaments","Wild Strike"],"picked":"Rage","floor":10},{"not_picked":["Carnage","Pommel Strike"],"picked":"Immolate","floor":11},{"not_picked":["Heavy Blade","Headbutt"],"picked":"Thunderclap","floor":12},{"not_picked":["Armaments","Twin Strike"],"picked":"Pommel Strike","floor":13},{"not_picked":["Headbutt","Pommel Strike"],"picked":"Anger","floor":14},{"not_picked":["Barricade","Immolate"],"picked":"Offering","floor":16},{"not_picked":["Second Wind","Perfected Strike","Sever Soul"],"picked":"SKIP","floor":18},{"not_picked":["Clothesline","Sword Boomerang"],"picked":"Spot Weakness+1","floor":20},{"not_picked":["Perfected Strike+1","Wild Strike"],"picked":"Entrench+1","floor":23},{"not_picked":["Iron Wave","Body Slam","Twin Strike"],"picked":"SKIP","floor":24},{"not_picked":["Headbutt","Wild Strike"],"picked":"Entrench+1","floor":25},{"not_picked":["Sword Boomerang+1","Armaments"],"picked":"Iron Wave","floor":30},{"not_picked":["Limit Break","Double Tap"],"picked":"Barricade","floor":33},{"not_picked":["Headbutt","Feed"],"picked":"Rage","floor":35},{"not_picked":["Sentinel+1","Perfected Strike+1"],"picked":"Bloodletting+1","floor":36},{"not_picked":["Cleave+1","Armaments","Battle Trance"],"picked":"SKIP","floor":37},{"not_picked":["Sever Soul","Fire Breathing"],"picked":"Limit Break","floor":40},{"not_picked":["Infernal Blade","Pommel Strike+1","Wild Strike"],"picked":"SKIP","floor":41},{"not_picked":["Discovery","Chrysalis"],"picked":"Trip","floor":44},{"not_picked":["Panacea","Impatience"],"picked":"Violence","floor":44},{"not_picked":["Wild Strike+1","Sword Boomerang","Bludgeon"],"picked":"SKIP","floor":47},{"not_picked":["Immolate","Ghostly Armor+1"],"picked":"Shockwave","floor":48},{"not_picked":["Uppercut+1","Brutality"],"picked":"Bloodletting+1","floor":54}],"player_experience":3759336,"relics_obtained":[{"floor":8,"key":"Paper Frog"},{"floor":9,"key":"Blue Candle"},{"floor":12,"key":"Bottled Lightning"},{"floor":14,"key":"Du-Vu Doll"},{"floor":23,"key":"Dream Catcher"},{"floor":25,"key":"Centennial Puzzle"},{"floor":26,"key":"The Courier"},{"floor":40,"key":"Art of War"},{"floor":43,"key":"InkBottle"},{"floor":48,"key":"Sundial"},{"floor":54,"key":"Vajra"}],"event_choices":[{"cards_removed":["Strike_R"],"damage_healed":0,"gold_gain":0,"player_choice":"Card Removal","damage_taken":0,"max_hp_gain":0,"max_hp_loss":0,"event_name":"The Cleric","floor":2,"gold_loss":50},{"damage_healed":0,"gold_gain":0,"player_choice":"Got Potions","damage_taken":0,"max_hp_gain":0,"max_hp_loss":0,"event_name":"Lab","floor":3,"gold_loss":0},{"damage_healed":0,"gold_gain":0,"player_choice":"RE UP UP ","damage_taken":50,"relics_obtained":["Happy Flower"],"max_hp_gain":0,"max_hp_loss":0,"event_name":"betterSkull:BetterSkull","floor":5,"gold_loss":0,"cards_upgraded":["Defend_R","Rage"]},{"damage_healed":0,"gold_gain":0,"player_choice":"Trade","damage_taken":0,"relics_obtained":["SsserpentHead"],"max_hp_gain":0,"max_hp_loss":0,"event_name":"FaceTrader","floor":21,"gold_loss":0},{"cards_removed":["Strike_R"],"damage_healed":0,"gold_gain":0,"player_choice":"Purged","damage_taken":0,"max_hp_gain":0,"max_hp_loss":0,"event_name":"Purifier","floor":22,"gold_loss":0},{"damage_healed":0,"gold_gain":0,"player_choice":"Traded Relic","damage_taken":0,"relics_obtained":["Nloth\u0027s Gift"],"max_hp_gain":0,"max_hp_loss":0,"event_name":"N\u0027loth","floor":28,"relics_lost":["Lee\u0027s Waffle"],"gold_loss":0},{"cards_removed":["Strike_R"],"damage_healed":0,"gold_gain":0,"player_choice":"Give","damage_taken":0,"max_hp_gain":0,"max_hp_loss":0,"event_name":"betterNote:BetterNote","floor":39,"gold_loss":0,"cards_obtained":["Strike_P"]},{"damage_healed":0,"gold_gain":3,"player_choice":"1","damage_taken":0,"max_hp_gain":0,"max_hp_loss":0,"event_name":"betterStone:BetterStone","floor":44,"gold_loss":0}],"is_beta":false,"boss_relics":[{"not_picked":["Philosopher\u0027s Stone","Empty Cage"],"picked":"Runic Pyramid"},{"not_picked":["Coffee Dripper","Velvet Choker"],"picked":"Astrolabe"}],"items_purged_floors":[46],"is_endless":false,"potions_floor_spawned":[1,8,11,18,23,30,33,36,47,48,54],"ascension_level":0}}