{"host":"b2mjkwtz4bigw2n4","time":1613164150,"event":{"mods":["BaseMod","Colored Powertips","Minty Spire (QoL Compilation)","Quick Restart"],"gold_per_floor":[112,127,127,139,156,186,216,61,61,74,104,119,132,97,97,202,202,214,33,51,66,66,66,66],"floor_reached":23,"language":"ENG","playtime":889,"items_purged":["Strike_B","Defend_B"],"score":205,"play_id":"e7506ba6-f5f1-4324-be19-3389c7859950","local_time":"20210212150910","is_ascension_mode":false,"campfire_choices":[{"floor":15,"key":"REST"}],"circlet_count":0,"master_deck":["Strike_B","Strike_B","Strike_B","Defend_B","Defend_B","Defend_B","Zap","Dualcast","Tempest","Barrage","Ball Lightning","Streamline","Storm","Redo","Machine Learning","Conserve Battery","Conserve Battery","Thunder Strike","Storm"],"relics":["Cracked Core","Oddly Smooth Stone","Mercury Hourglass","Bottled Flame","MealTicket","Sozu"],"acts_visited":["Exordium","TheCity"],"potions_floor_usage":[11],"damage_taken":[{"damage":0,"enemies":"Cultist","floor":1,"turns":4},{"damage":0,"enemies":"Jaw Worm","floor":2,"turns":4},{"damage":0,"enemies":"2 Louse","floor":4,"turns":3},{"damage":6,"enemies":"2 Fungi Beasts","floor":5,"turns":4},{"damage":27,"enemies":"Lagavulin","floor":6,"turns":6},{"damage":3,"enemies":"Red Slaver","floor":10,"turns":3},{"damage":32,"enemies":"Gremlin Nob","floor":11,"turns":4},{"damage":0,"enemies":"Large Slime","floor":12,"turns":3},{"damage":2,"enemies":"Gremlin Gang","floor":13,"turns":3},{"damage":44,"enemies":"Hexaghost","floor":16,"turns":10},{"damage":0,"enemies":"Spheric Guardian","floor":18,"turns":3},{"damage":4,"enemies":"Chosen","floor":20,"turns":4},{"damage":18,"enemies":"Snake Plant","floor":21,"turns":4},{"damage":61,"enemies":"Slavers","floor":23,"turns":3}],"seed_played":"3324649078481604774","potions_obtained":[{"floor":1,"key":"DuplicationPotion"},{"floor":5,"key":"Explosive Potion"},{"floor":6,"key":"Swift Potion"},{"floor":11,"key":"SkillPotion"}],"is_trial":false,"path_per_floor":["M","M","$","M","M","E","?","$","T","M","E","M","M","?","R","B",null,"M","$","M","M","?","E"],"character_chosen":"DEFECT","items_purchased":["Storm","Storm"],"campfire_rested":1,"item_purchase_floors":[8,19],"current_hp_per_floor":[75,75,75,75,69,42,42,42,42,39,7,7,5,23,45,1,75,75,75,71,53,53,0,0],"gold":66,"neow_bonus":"RANDOM_COMMON_RELIC","is_daily":false,"chose_seed":false,"campfire_upgraded":0,"win_rate":0.0,"timestamp":1613164150,"path_taken":["M","M","$","M","M","E","?","$","T","M","E","M","M","?","R","BOSS","M","$","M","M","?","E"],"items_purchased_type":["Card","Card"],"build_version":"2020-12-22","purchased_purges":2,"victory":false,"max_hp_per_floor":[75,75,75,75,75,75,75,75,75,75,75,75,75,75,75,75,75,75,75,75,75,75,75,75],"card_choices":[{"not_picked":["White Noise","Coolheaded"],"picked":"Tempest","floor":1},{"not_picked":["Rip and Tear","Sunder","Turbo"],"picked":"SKIP","floor":2},{"not_picked":["Doom and Gloom","Darkness"],"picked":"Barrage","floor":4},{"not_picked":["Compile Driver","Stack"],"picked":"Ball Lightning","floor":5},{"not_picked":["Hello World","Double Energy"],"picked":"Streamline","floor":6},{"not_picked":["BootSequence","Gash"],"picked":"Redo","floor":10},{"not_picked":["Redo","Turbo"],"picked":"Machine Learning","floor":11},{"not_picked":["Streamline","Barrage"],"picked":"Conserve Battery","floor":12},{"not_picked":["Sweeping Beam","Blizzard"],"picked":"Conserve Battery","floor":13},{"not_picked":["Hyperbeam","Biased Cognition"],"picked":"Thunder Strike","floor":16},{"not_picked":["Cold Snap","Redo","Coolheaded"],"picked":"SKIP","floor":18},{"not_picked":["Streamline","Sweeping Beam","White Noise"],"picked":"SKIP","floor":20},{"not_picked":["Cold Snap+1","Gash","Reboot"],"picked":"SKIP","floor":21}],"player_experience":65877,"relics_obtained":[{"floor":6,"key":"Mercury Hourglass"},{"floor":9,"key":"Bottled Flame"},{"floor":11,"key":"MealTicket"}],"event_choices":[{"damage_healed":0,"gold_gain":30,"player_choice":"Searched \u00271\u0027 times","damage_taken":0,"max_hp_gain":0,"max_hp_loss":0,"event_name":"Dead Adventurer","floor":7,"gold_loss":0},{"damage_healed":18,"gold_gain":0,"player_choice":"Healed","damage_taken":0,"max_hp_gain":0,"max_hp_loss":0,"event_name":"The Cleric","floor":14,"gold_loss":35},{"damage_healed":0,"gold_gain":0,"player_choice":"Ignored","damage_taken":0,"max_hp_gain":0,"max_hp_loss":0,"event_name":"Ghosts","floor":22,"gold_loss":0}],"is_beta":false,"boss_relics":[{"not_picked":["Cursed Key","Runic Pyramid"],"picked":"Sozu"}],"items_purged_floors":[8,19],"is_endless":false,"potions_floor_spawned":[1,5,6,11,13,16,18],"killed_by":"Slavers","ascension_level":0}}