{"host":"mo4d2vii2wc3uyp7","time":1613127151,"event":{"mods":["AchievementEnabler","BaseMod","Colored Map","Highlight Path","Keyboard Shortcuts","Minty Spire (QoL Compilation)","Permanent Neow","Quick Restart","Shop Mod","StSLib","SuperFastMode","everything is the same but u backflip on backflip"],"gold_per_floor":[110,63,78,95,108,108,138,149,196,196,228,241,252,280,280,280,280],"floor_reached":16,"language":"KOR","playtime":433,"items_purged":[],"score":120,"play_id":"3034790c-85be-4552-bfce-ccab928303a2","local_time":"20210212195231","is_ascension_mode":true,"campfire_choices":[{"data":"Neutralize","floor":6,"key":"SMITH"},{"data":"Tactician","floor":10,"key":"SMITH"},{"floor":15,"key":"REST"}],"circlet_count":0,"master_deck":["Strike_G","Strike_G","Strike_G","Strike_G","Defend_G","Defend_G","Defend_G","Defend_G","Defend_G","Survivor","Neutralize+1","Prepared","Backstab","Caltrops","Tactician+1","All Out Attack","Quick Slash","Terror","Flechettes"],"relics":["Ring of the Snake","Odd Mushroom","Pen Nib","Gremlin Horn","Anchor"],"acts_visited":["Exordium"],"potions_floor_usage":[4,11,14,16,16],"damage_taken":[{"damage":0,"enemies":"2 Louse","floor":1,"turns":3},{"damage":1,"enemies":"Jaw Worm","floor":3,"turns":6},{"damage":0,"enemies":"Cultist","floor":4,"turns":2},{"damage":14,"enemies":"Large Slime","floor":5,"turns":10},{"damage":15,"enemies":"The Mushroom Lair","floor":7,"turns":6},{"damage":2,"enemies":"Looter","floor":8,"turns":3},{"damage":16,"enemies":"Gremlin Nob","floor":11,"turns":4},{"damage":1,"enemies":"Exordium Thugs","floor":12,"turns":4},{"damage":1,"enemies":"Blue Slaver","floor":13,"turns":2},{"damage":14,"enemies":"3 Sentries","floor":14,"turns":6},{"damage":28,"enemies":"The Guardian","floor":16,"turns":12}],"seed_played":"1355844575113468534","potions_obtained":[{"floor":3,"key":"Fire Potion"},{"floor":7,"key":"DuplicationPotion"},{"floor":8,"key":"Poison Potion"},{"floor":11,"key":"DuplicationPotion"},{"floor":14,"key":"Swift Potion"}],"is_trial":false,"path_per_floor":["M","?","M","M","M","R","?","M","T","R","E","M","M","E","R","B"],"character_chosen":"THE_SILENT","items_purchased":[],"campfire_rested":1,"item_purchase_floors":[],"current_hp_per_floor":[70,70,69,69,55,55,40,38,38,38,22,21,20,6,27,0,0],"gold":280,"neow_bonus":"REMOVE_CARD","is_daily":false,"chose_seed":false,"campfire_upgraded":2,"win_rate":0.0,"timestamp":1613127151,"path_taken":["M","?","M","M","M","R","?","M","T","R","E","M","?","E","R","BOSS"],"items_purchased_type":[],"build_version":"2020-12-22","purchased_purges":0,"victory":false,"max_hp_per_floor":[70,70,70,70,70,70,70,70,70,70,70,70,70,70,70,70,70],"card_choices":[{"not_picked":["Concentrate","Eviscerate"],"picked":"Prepared","floor":1},{"not_picked":["Flying Knee","Deflect"],"picked":"Backstab","floor":3},{"not_picked":["Catalyst","Sucker Punch"],"picked":"Caltrops","floor":4},{"not_picked":["PiercingWail","Catalyst"],"picked":"Tactician","floor":5},{"not_picked":["Endless Agony","Footwork"],"picked":"All Out Attack","floor":7},{"not_picked":["Expertise","Accuracy"],"picked":"Quick Slash","floor":8},{"not_picked":["Deflect","Accuracy","Blade Dance"],"picked":"SKIP","floor":11},{"not_picked":["Riddle With Holes","Outmaneuver"],"picked":"Terror","floor":12},{"not_picked":["Deflect","Endless Agony"],"picked":"Flechettes","floor":13},{"not_picked":["Masterful Stab","Tactician","Bane"],"picked":"SKIP","floor":14}],"player_experience":620217,"relics_obtained":[{"floor":7,"key":"Odd Mushroom"},{"floor":9,"key":"Pen Nib"},{"floor":11,"key":"Gremlin Horn"},{"floor":14,"key":"Anchor"}],"event_choices":[{"damage_healed":0,"gold_gain":0,"player_choice":"Left Gold","damage_taken":0,"max_hp_gain":0,"max_hp_loss":0,"event_name":"World of Goop","floor":2,"gold_loss":47},{"damage_healed":0,"gold_gain":0,"player_choice":"Fought Mushrooms","damage_taken":0,"max_hp_gain":0,"max_hp_loss":0,"event_name":"Mushrooms","floor":7,"gold_loss":0}],"is_beta":false,"boss_relics":[],"items_purged_floors":[],"is_endless":false,"potions_floor_spawned":[3,7,8,11,14],"killed_by":"The Guardian","ascension_level":1}}