{"host":"4gkev1dtxxhiue3x","time":1613159959,"event":{"mods":["AchievementEnabler","BaseMod","Colored Powertips","Minty Spire (QoL Compilation)","Relic Stats","StSLib"],"gold_per_floor":[111,42,56,56,68,98,98,98,125,151,151,162,173,75,75,173,223,223,274,274,293,293,293,318,318,318,64,78,78,78],"floor_reached":29,"language":"ENG","playtime":2224,"items_purged":["Strike_B","Decay"],"score":276,"play_id":"eb637c06-ffd5-43f8-9534-cbf698edd732","local_time":"20210212205919","is_ascension_mode":true,"campfire_choices":[{"floor":11,"key":"REST"},{"data":"Panacea","floor":15,"key":"SMITH"},{"floor":23,"key":"RECALL"},{"floor":25,"key":"REST"}],"circlet_count":0,"master_deck":["Strike_B+1","Strike_B+1","Defend_B+1","Defend_B+1","Defend_B+1","Defend_B+1","Zap","Dualcast","Panacea+1","Doom and Gloom","Static Discharge+1","Auto Shields","Cold Snap+1","Ball Lightning","Undo","Capacitor","Compile Driver","FTL","Barrage","Machine Learning","Redo","Lockon","Genetic Algorithm"],"relics":["Cracked Core","Regal Pillow","Centennial Puzzle","Strawberry","Tiny House","Potion Belt","Kunai","Mercury Hourglass","Oddly Smooth Stone"],"acts_visited":["Exordium","TheCity"],"potions_floor_usage":[16,18,21,21],"damage_taken":[{"damage":6,"enemies":"Cultist","floor":1,"turns":3},{"damage":2,"enemies":"Jaw Worm","floor":3,"turns":3},{"damage":7,"enemies":"Small Slimes","floor":5,"turns":3},{"damage":16,"enemies":"3 Sentries","floor":6,"turns":5},{"damage":13,"enemies":"Lagavulin","floor":10,"turns":6},{"damage":9,"enemies":"Red Slaver","floor":12,"turns":3},{"damage":3,"enemies":"2 Fungi Beasts","floor":13,"turns":3},{"damage":35,"enemies":"Hexaghost","floor":16,"turns":9},{"damage":9,"enemies":"Chosen","floor":18,"turns":4},{"damage":23,"enemies":"2 Thieves","floor":21,"turns":4},{"damage":44,"enemies":"Gremlin Leader","floor":24,"turns":6},{"damage":27,"enemies":"Centurion and Healer","floor":28,"turns":7},{"damage":43,"enemies":"Book of Stabbing","floor":29,"turns":6}],"seed_played":"-463526687264724312","potions_obtained":[{"floor":3,"key":"CultistPotion"},{"floor":6,"key":"SmokeBomb"},{"floor":12,"key":"Weak Potion"},{"floor":17,"key":"EntropicBrew"}],"is_trial":false,"path_per_floor":["M","$","M","?","M","E","?","?","T","E","R","M","M","$","R","B",null,"M","T","?","M","?","R","E","R","T","$","M","E"],"character_chosen":"DEFECT","items_purchased":["Static Discharge","Barrage","Oddly Smooth Stone"],"campfire_rested":2,"item_purchase_floors":[2,14,27],"current_hp_per_floor":[69,69,67,67,60,44,44,44,44,38,77,68,65,65,65,30,87,78,78,78,55,55,55,11,52,52,52,25,0,0],"gold":78,"neow_bonus":"RANDOM_COLORLESS","is_daily":false,"chose_seed":false,"campfire_upgraded":1,"win_rate":0.0,"timestamp":1613159959,"path_taken":["M","$","M","?","?","E","?","?","T","E","R","M","M","$","R","BOSS","M","?","?","M","?","R","E","R","T","?","M","E"],"items_purchased_type":["Card","Card","Relic"],"build_version":"2020-12-22","purchased_purges":2,"victory":false,"max_hp_per_floor":[75,75,75,75,75,75,75,75,75,82,82,82,82,82,82,82,87,87,87,87,87,87,87,87,87,87,87,87,87,87],"relic_stats":{"Regal Pillow":30,"Centennial Puzzle":[27],"counters":[13,62],"Kunai":[1],"obtain_stats":[{"Potion Belt":19,"Regal Pillow":6,"Centennial Puzzle":9,"Tiny House":17,"Strawberry":10,"Oddly Smooth Stone":27,"Kunai":24,"Cracked Core":0,"Mercury Hourglass":26},{"Potion Belt":9,"Regal Pillow":4,"Centennial Puzzle":4,"Tiny House":8,"Strawberry":5,"Oddly Smooth Stone":11,"Kunai":11,"Cracked Core":0,"Mercury Hourglass":11},{"Potion Belt":39,"Regal Pillow":14,"Centennial Puzzle":14,"Tiny House":35,"Strawberry":20,"Oddly Smooth Stone":49,"Kunai":49,"Cracked Core":0,"Mercury Hourglass":49}],"Mercury Hourglass":[51]},"card_choices":[{"not_picked":["Finesse","Flash of Steel"],"picked":"Panacea","floor":0},{"not_picked":["Stack","Coolheaded"],"picked":"Doom and Gloom","floor":1},{"not_picked":["Rebound","Aggregate"],"picked":"Auto Shields","floor":3},{"not_picked":["Darkness","Force Field"],"picked":"Cold Snap","floor":5},{"not_picked":["Darkness","Streamline"],"picked":"Ball Lightning","floor":6},{"not_picked":["Recycle","White Noise"],"picked":"Capacitor","floor":10},{"not_picked":["Turbo","Coolheaded"],"picked":"Compile Driver","floor":12},{"not_picked":["Coolheaded","Leap"],"picked":"FTL","floor":13},{"not_picked":["Buffer","Hyperbeam"],"picked":"Machine Learning","floor":16},{"not_picked":["Leap","Steam"],"picked":"Redo","floor":17},{"not_picked":["Chill","Storm"],"picked":"Lockon","floor":21},{"not_picked":["Hyperbeam","Reprogram"],"picked":"Genetic Algorithm","floor":24},{"not_picked":["Chaos","Sweeping Beam","Scrape+1"],"picked":"SKIP","floor":28}],"player_experience":135680,"relics_obtained":[{"floor":6,"key":"Regal Pillow"},{"floor":9,"key":"Centennial Puzzle"},{"floor":10,"key":"Strawberry"},{"floor":19,"key":"Potion Belt"},{"floor":24,"key":"Kunai"},{"floor":26,"key":"Mercury Hourglass"}],"event_choices":[{"damage_healed":0,"gold_gain":0,"player_choice":"Upgraded","damage_taken":0,"max_hp_gain":0,"max_hp_loss":0,"event_name":"Upgrade Shrine","floor":4,"gold_loss":0,"cards_upgraded":["Static Discharge"]},{"damage_healed":0,"gold_gain":0,"cards_transformed":["Strike_B"],"player_choice":"Change","damage_taken":0,"max_hp_gain":0,"max_hp_loss":0,"event_name":"Living Wall","floor":7,"gold_loss":0,"cards_obtained":["Undo"]},{"damage_healed":0,"gold_gain":0,"player_choice":"Cursed","damage_taken":0,"max_hp_gain":0,"max_hp_loss":0,"event_name":"Wheel of Change","floor":8,"gold_loss":0,"cards_obtained":["Decay"]},{"damage_healed":0,"gold_gain":0,"player_choice":"Ignored","damage_taken":0,"max_hp_gain":0,"max_hp_loss":0,"event_name":"Vampires","floor":20,"gold_loss":0},{"damage_healed":0,"gold_gain":0,"player_choice":"Simplicity","damage_taken":0,"max_hp_gain":0,"max_hp_loss":0,"event_name":"Back to Basics","floor":22,"gold_loss":0,"cards_upgraded":["Strike_B","Strike_B","Defend_B","Defend_B","Defend_B","Defend_B"]}],"is_beta":false,"boss_relics":[{"not_picked":["Busted Crown","Ectoplasm"],"picked":"Tiny House"}],"items_purged_floors":[14,27],"is_endless":false,"potions_floor_spawned":[3,6,12,28],"killed_by":"Book of Stabbing","ascension_level":2}}