{"host":"5hsgormuu0lj4iiq","time":1613090484,"event":{"mods":["AchievementEnabler","BaseMod","Colored Map","Colored Powertips","Minty Spire (QoL Compilation)","Quick Restart","Relic Stats","SuperFastMode","everything is the same but u backflip on backflip","slay the spire mod where everything is the same but ironclad has a cowboy hat"],"gold_per_floor":[111,111,126,142,56,84,84,3,76,76,92,92,105,180,180,279,279,299,77,110,110,110,110],"floor_reached":22,"language":"ENG","playtime":439,"items_purged":["Strike_B"],"score":291,"play_id":"c559da4b-6813-47a5-82f4-e58dabb23585","local_time":"20210211194124","is_ascension_mode":true,"campfire_choices":[{"data":"Doom and Gloom","floor":10,"key":"SMITH"},{"data":"Flash of Steel","floor":12,"key":"SMITH"},{"floor":15,"key":"REST"}],"circlet_count":0,"master_deck":["AscendersBane","Strike_B","Strike_B","Defend_B","Defend_B","Defend_B","Defend_B","Zap","Dualcast","Coolheaded","Flash of Steel+1","Conserve Battery","Doom and Gloom+1","Coolheaded","Auto Shields","Flash of Steel+1","Ball Lightning","Flash of Steel+1"],"relics":["Cracked Core","NeowsBlessing","Ancient Tea Set","Letter Opener","Black Star","DollysMirror","Red Mask"],"acts_visited":["Exordium","TheCity"],"potions_floor_usage":[13,16,16],"damage_taken":[{"damage":0,"enemies":"Small Slimes","floor":1,"turns":1},{"damage":0,"enemies":"Cultist","floor":3,"turns":1},{"damage":0,"enemies":"2 Louse","floor":4,"turns":1},{"damage":26,"enemies":"Lagavulin","floor":6,"turns":9},{"damage":0,"enemies":"Exordium Wildlife","floor":11,"turns":3},{"damage":5,"enemies":"Exordium Thugs","floor":13,"turns":3},{"damage":29,"enemies":"Slime Boss","floor":16,"turns":12},{"damage":19,"enemies":"Spheric Guardian","floor":18,"turns":4},{"damage":38,"enemies":"Masked Bandits","floor":20,"turns":4},{"damage":7,"enemies":"Shell Parasite","floor":22,"turns":2}],"seed_played":"-7588004997083935892","potions_obtained":[{"floor":1,"key":"Explosive Potion"},{"floor":11,"key":"Fire Potion"},{"floor":13,"key":"Weak Potion"},{"floor":20,"key":"SkillPotion"}],"is_trial":false,"path_per_floor":["M","?","M","M","$","E","$","$","T","R","M","R","M","?","R","B",null,"M","$","?","?","M"],"character_chosen":"DEFECT","items_purchased":["Flash of Steel","Doom and Gloom","DollysMirror"],"campfire_rested":1,"item_purchase_floors":[5,8,19],"current_hp_per_floor":[68,68,68,68,68,42,42,42,42,42,42,42,37,26,48,19,61,42,42,4,4,0,0],"gold":110,"neow_bonus":"THREE_ENEMY_KILL","is_daily":false,"chose_seed":false,"campfire_upgraded":2,"win_rate":0.0,"timestamp":1613090484,"path_taken":["M","?","M","?","$","E","?","$","T","R","?","R","M","?","R","BOSS","M","$","?","?","?"],"items_purchased_type":["Card","Card","Relic"],"build_version":"2020-12-22","purchased_purges":1,"victory":false,"max_hp_per_floor":[75,75,75,75,75,75,75,75,75,75,75,75,75,75,75,75,75,75,75,75,75,75,75],"relic_stats":{"counters":[10,40],"Black Star":0,"Letter Opener":[75],"obtain_stats":[{"NeowsBlessing":0,"DollysMirror":19,"Black Star":17,"Red Mask":20,"Letter Opener":9,"Cracked Core":0,"Ancient Tea Set":6},{"NeowsBlessing":0,"DollysMirror":8,"Black Star":7,"Red Mask":9,"Letter Opener":4,"Cracked Core":0,"Ancient Tea Set":4},{"NeowsBlessing":0,"DollysMirror":34,"Black Star":30,"Red Mask":38,"Letter Opener":12,"Cracked Core":0,"Ancient Tea Set":12}]},"card_choices":[{"not_picked":["Consume","Hologram","Go for the Eyes"],"picked":"SKIP","floor":1},{"not_picked":["Stack","Gash","Consume"],"picked":"SKIP","floor":3},{"not_picked":["Beam Cell","Rainbow"],"picked":"Coolheaded","floor":4},{"not_picked":["Cold Snap","Rebound"],"picked":"Conserve Battery","floor":6},{"not_picked":["Barrage","Compile Driver"],"picked":"Coolheaded","floor":11},{"not_picked":["Gash","Consume","Aggregate"],"picked":"SKIP","floor":13},{"not_picked":["Force Field","Gash"],"picked":"Auto Shields","floor":18},{"not_picked":["Rebound","Leap"],"picked":"Ball Lightning","floor":20}],"player_experience":728316,"relics_obtained":[{"floor":6,"key":"Ancient Tea Set"},{"floor":9,"key":"Letter Opener"},{"floor":20,"key":"Red Mask"}],"event_choices":[{"cards_removed":["Strike_B"],"damage_healed":0,"gold_gain":0,"player_choice":"Purged","damage_taken":0,"max_hp_gain":0,"max_hp_loss":0,"event_name":"Purifier","floor":2,"gold_loss":0},{"damage_healed":0,"gold_gain":75,"player_choice":"Gather Gold","damage_taken":11,"max_hp_gain":0,"max_hp_loss":0,"event_name":"World of Goop","floor":14,"gold_loss":0},{"damage_healed":0,"gold_gain":0,"player_choice":"Fought Bandits","damage_taken":0,"max_hp_gain":0,"max_hp_loss":0,"event_name":"Masked Bandits","floor":20,"gold_loss":0},{"damage_healed":0,"gold_gain":0,"player_choice":"Copied","damage_taken":0,"max_hp_gain":0,"max_hp_loss":0,"event_name":"Duplicator","floor":21,"gold_loss":0,"cards_obtained":["Flash of Steel"]}],"is_beta":false,"boss_relics":[{"not_picked":["SlaversCollar","Empty Cage"],"picked":"Black Star"}],"items_purged_floors":[19],"is_endless":false,"potions_floor_spawned":[1,11,13,20],"killed_by":"Shell Parasite","ascension_level":12}}