{"host":"1q02rw1wpi0nrsss","time":1613170800,"event":{"mods":["AchievementEnabler","BaseMod","Better Note","Better Third Choice","Bossed Relics","Custom Start","Dark Map","DeckTracker","Disable Question Mark Monsters","Minty Spire (QoL Compilation)","Permanent Neow","Quick Restart","Rare Cards Sparkle","Relic Stats","StSLib","??????REMEMod"],"gold_per_floor":[110,185,75,89,105,138,138,173,247,19,76,76,106,0,0,101,101,118,138,138,151,167,167,167,193,193,193,17,35,35,65,65,167,167,183,194,194,194,207,207,217,263,333,351,378,80,90,90,90,90],"floor_reached":51,"language":"ENG","playtime":1732,"items_purged":["Strike_R","Strike_R","Pain","Strike_R"],"score":1003,"play_id":"8d47b30d-4205-4d4c-a781-1bb41a3f5110","local_time":"20210212150000","is_ascension_mode":true,"campfire_choices":[{"data":"Flex","floor":7,"key":"SMITH"},{"data":"Flex","floor":12,"key":"SMITH"},{"data":"Body Slam","floor":15,"key":"SMITH"},{"data":"REME_Shoggoth","floor":23,"key":"SMITH"},{"data":"Battle Trance","floor":27,"key":"SMITH"},{"data":"Flex","floor":32,"key":"SMITH"},{"data":"Enlightenment","floor":40,"key":"SMITH"},{"data":"Offering","floor":49,"key":"SMITH"}],"circlet_count":0,"master_deck":["Defend_R","Defend_R","Defend_R","Defend_R","Bash+1","REME_Shoggoth+1","Warcry","Metallicize","Flex+1","Flex+1","Reaper","Battle Trance+1","Blind","Flame Barrier","Body Slam+1","Enlightenment+1","Offering+1","Rage","Flex+1","Anger+1","Body Slam+1"],"relics":["Burning Blood","REME_ComplimentaryCards","Gambling Chip","Bronze Scales","Darkstone Periapt","InkBottle","Paper Frog","Empty Cage","WarpedTongs","Bag of Marbles","Sundial","Self Forming Clay","Astrolabe","Incense Burner","Bottled Lightning","Question Card","Nunchaku"],"acts_visited":["Exordium","TheCity","TheBeyond"],"potions_floor_usage":[6,22,45],"damage_taken":[{"damage":1,"enemies":"Cultist","floor":1,"turns":3},{"damage":10,"enemies":"Jaw Worm","floor":4,"turns":2},{"damage":2,"enemies":"Small Slimes","floor":5,"turns":3},{"damage":11,"enemies":"Lagavulin","floor":6,"turns":4},{"damage":2,"enemies":"Gremlin Nob","floor":8,"turns":1},{"damage":0,"enemies":"Gremlin Nob","floor":11,"turns":1},{"damage":6,"enemies":"Lagavulin","floor":13,"turns":4},{"damage":2,"enemies":"Slime Boss","floor":16,"turns":2},{"damage":10,"enemies":"Spheric Guardian","floor":18,"turns":3},{"damage":8,"enemies":"3 Byrds","floor":19,"turns":2},{"damage":8,"enemies":"Snake Plant","floor":21,"turns":3},{"damage":23,"enemies":"Centurion and Healer","floor":22,"turns":3},{"damage":6,"enemies":"Gremlin Leader","floor":25,"turns":1},{"damage":0,"enemies":"3 Cultists","floor":29,"turns":1},{"damage":0,"enemies":"Slavers","floor":31,"turns":1},{"damage":6,"enemies":"Champ","floor":33,"turns":1},{"damage":0,"enemies":"Orb Walker","floor":35,"turns":1},{"damage":0,"enemies":"3 Shapes","floor":36,"turns":2},{"damage":6,"enemies":"Jaw Worm Horde","floor":39,"turns":1},{"damage":6,"enemies":"Writhing Mass","floor":41,"turns":1},{"damage":6,"enemies":"2 Orb Walkers","floor":42,"turns":1},{"damage":6,"enemies":"Sphere and 2 Shapes","floor":44,"turns":1},{"damage":6,"enemies":"Giant Head","floor":45,"turns":1},{"damage":6,"enemies":"3 Darklings","floor":47,"turns":1},{"damage":16,"enemies":"Donu and Deca","floor":50,"turns":3}],"seed_played":"1060484813446962401","potions_obtained":[{"floor":5,"key":"PowerPotion"},{"floor":13,"key":"SpeedPotion"},{"floor":19,"key":"Fire Potion"},{"floor":22,"key":"Strength Potion"},{"floor":24,"key":"DuplicationPotion"},{"floor":36,"key":"Block Potion"},{"floor":41,"key":"Swift Potion"},{"floor":44,"key":"DuplicationPotion"}],"is_trial":false,"path_per_floor":["M","?","$","M","M","E","R","E","T","$","?","R","E","?","R","B",null,"M","M","?","M","M","R","?","E","T","R","$","M","?","E","R","B",null,"M","M","?","?","M","R","M","?","T","M","E","$","M","$","R","B",null],"character_chosen":"IRONCLAD","items_purchased":["Hemokinesis","Battle Trance","Blind","Flex","Nunchaku"],"campfire_rested":0,"item_purchase_floors":[3,10,10,28,46],"current_hp_per_floor":[80,69,69,65,69,64,64,68,68,68,74,74,74,80,80,84,86,82,86,92,90,85,85,85,92,92,92,92,92,92,92,92,92,92,92,92,87,87,87,87,87,87,87,87,87,87,87,87,87,77],"gold":90,"neow_bonus":"UPGRADE_CARD","is_daily":false,"chose_seed":false,"campfire_upgraded":8,"win_rate":0.0,"timestamp":1613170800,"path_taken":["M","?","$","M","M","E","R","E","T","$","?","R","E","?","R","BOSS","M","M","?","M","?","R","?","E","T","R","$","?","?","E","R","BOSS","M","M","?","?","M","R","M","?","T","M","E","$","M","?","R","BOSS"],"items_purchased_type":["Card","Card","Card","Card","Relic"],"build_version":"2020-12-22","purchased_purges":4,"victory":true,"max_hp_per_floor":[80,80,80,80,80,80,80,80,80,80,80,80,80,86,86,86,86,86,86,92,92,92,92,92,92,92,92,92,92,92,92,92,92,92,92,92,87,87,87,87,87,87,87,87,87,87,87,87,87,87],"relic_stats":{"Darkstone Periapt":6,"counters":[25,47],"Self Forming Clay":[6],"Astrolabe":[],"Question Card":1,"Burning Blood":115,"WarpedTongs":[20],"Nunchaku":[1],"Sundial":[0],"Gambling Chip":[80],"Bronze Scales":[39],"obtain_stats":[{"Darkstone Periapt":9,"Self Forming Clay":31,"Astrolabe":34,"Incense Burner":42,"Empty Cage":17,"Question Card":45,"Burning Blood":0,"WarpedTongs":20,"Nunchaku":46,"Sundial":26,"Gambling Chip":6,"Bronze Scales":8,"Bag of Marbles":25,"Bottled Lightning":43,"InkBottle":11,"REME_ComplimentaryCards":0,"Paper Frog":13},{"Darkstone Periapt":5,"Self Forming Clay":15,"Astrolabe":16,"Incense Burner":21,"Empty Cage":8,"Question Card":23,"Burning Blood":0,"WarpedTongs":10,"Nunchaku":23,"Sundial":13,"Gambling Chip":4,"Bronze Scales":5,"Bag of Marbles":13,"Bottled Lightning":21,"InkBottle":6,"REME_ComplimentaryCards":0,"Paper Frog":7},{"Darkstone Periapt":13,"Self Forming Clay":34,"Astrolabe":35,"Incense Burner":41,"Empty Cage":20,"Question Card":43,"Burning Blood":0,"WarpedTongs":25,"Nunchaku":43,"Sundial":32,"Gambling Chip":12,"Bronze Scales":13,"Bag of Marbles":32,"Bottled Lightning":41,"InkBottle":14,"REME_ComplimentaryCards":0,"Paper Frog":18}],"InkBottle":[14]},"card_choices":[{"not_picked":["Thunderclap","Armaments"],"picked":"Warcry","floor":1},{"not_picked":["Carnage","Infernal Blade"],"picked":"Metallicize","floor":4},{"not_picked":["Perfected Strike","Wild Strike"],"picked":"Flex","floor":5},{"not_picked":["Carnage","Cleave"],"picked":"Flex","floor":6},{"not_picked":["Pommel Strike","Brutality"],"picked":"Reaper","floor":8},{"not_picked":["Heavy Blade","Pommel Strike"],"picked":"Flame Barrier","floor":11},{"not_picked":["Headbutt","Heavy Blade"],"picked":"Body Slam","floor":13},{"not_picked":["Juggernaut","REME_TheLastStrike"],"picked":"Offering","floor":16},{"not_picked":["Flame Barrier","Shrug It Off"],"picked":"Rage","floor":18},{"not_picked":["Shrug It Off","Thunderclap","Intimidate"],"picked":"SKIP","floor":19},{"not_picked":["Perfected Strike","Havoc","Battle Trance"],"picked":"SKIP","floor":21},{"not_picked":["Searing Blow","Metallicize","Armaments+1"],"picked":"SKIP","floor":22},{"not_picked":["Iron Wave+1","Rupture","Brutality"],"picked":"SKIP","floor":25},{"not_picked":["Heavy Blade","Reckless Charge","Warcry"],"picked":"SKIP","floor":29},{"not_picked":["Iron Wave","Cleave","Evolve"],"picked":"SKIP","floor":31},{"not_picked":["Warcry+1","Shrug It Off","Twin Strike"],"picked":"SKIP","floor":35},{"not_picked":["Body Slam","Heavy Blade+1"],"picked":"Anger+1","floor":36},{"not_picked":["Seeing Red","Shrug It Off","Perfected Strike+1"],"picked":"SKIP","floor":39},{"not_picked":["Wild Strike+1","Clash+1","Flex"],"picked":"SKIP","floor":41},{"not_picked":["Seeing Red","Whirlwind+1","Body Slam+1"],"picked":"SKIP","floor":44},{"not_picked":["Seeing Red","Whirlwind+1"],"picked":"Body Slam+1","floor":44},{"not_picked":["Perfected Strike+1","Shrug It Off+1","Heavy Blade"],"picked":"SKIP","floor":45},{"not_picked":["Anger+1","Searing Blow","REME_TheLastStrike","Clash"],"picked":"SKIP","floor":47}],"player_experience":84401,"relics_obtained":[{"floor":6,"key":"Gambling Chip"},{"floor":8,"key":"Bronze Scales"},{"floor":9,"key":"Darkstone Periapt"},{"floor":11,"key":"InkBottle"},{"floor":13,"key":"Paper Frog"},{"floor":25,"key":"Bag of Marbles"},{"floor":26,"key":"Sundial"},{"floor":31,"key":"Self Forming Clay"},{"floor":42,"key":"Incense Burner"},{"floor":43,"key":"Bottled Lightning"},{"floor":45,"key":"Question Card"}],"event_choices":[{"damage_healed":0,"gold_gain":75,"player_choice":"Gold","damage_taken":11,"max_hp_gain":0,"max_hp_loss":0,"event_name":"betterThird:BetterGoop","floor":2,"gold_loss":0},{"damage_healed":0,"gold_gain":0,"player_choice":"Searched \u00271\u0027 times","damage_taken":0,"max_hp_gain":0,"max_hp_loss":0,"event_name":"Dead Adventurer","floor":11,"gold_loss":0},{"damage_healed":0,"gold_gain":0,"player_choice":"RENOUNCE","damage_taken":106,"max_hp_gain":0,"max_hp_loss":0,"event_name":"betterThird:BetterSerpent","floor":14,"gold_loss":106,"cards_obtained":["Enlightenment"]},{"damage_healed":0,"gold_gain":0,"player_choice":"Rummage","damage_taken":0,"relics_obtained":["WarpedTongs"],"max_hp_gain":0,"max_hp_loss":0,"event_name":"Accursed Blacksmith","floor":20,"gold_loss":0,"cards_obtained":["Pain"]},{"damage_healed":0,"gold_gain":0,"player_choice":"Got Potions","damage_taken":0,"max_hp_gain":0,"max_hp_loss":0,"event_name":"Lab","floor":24,"gold_loss":0},{"damage_healed":0,"gold_gain":0,"player_choice":"Ignored","damage_taken":0,"max_hp_gain":0,"max_hp_loss":0,"event_name":"Ghosts","floor":30,"gold_loss":0},{"damage_healed":0,"gold_gain":0,"player_choice":"Max HP","damage_taken":0,"max_hp_gain":0,"max_hp_loss":5,"event_name":"Winding Halls","floor":37,"gold_loss":0},{"cards_removed":["Hemokinesis"],"damage_healed":0,"gold_gain":0,"player_choice":"Removed Attack","damage_taken":0,"max_hp_gain":0,"max_hp_loss":0,"event_name":"Falling","floor":38,"gold_loss":0},{"damage_healed":0,"gold_gain":0,"player_choice":"Fight","damage_taken":0,"max_hp_gain":0,"max_hp_loss":0,"event_name":"Mysterious Sphere","floor":42,"gold_loss":0}],"is_beta":false,"boss_relics":[{"not_picked":["SacredBark","Black Blood"],"picked":"Empty Cage"},{"not_picked":["Fusion Hammer","Sozu"],"picked":"Astrolabe"}],"items_purged_floors":[3,10,28,46],"is_endless":false,"potions_floor_spawned":[5,13,19,22,29,36,39,41,44],"ascension_level":1}}