{"host":"bf5upntvbdompq33","time":1613171320,"event":{"mods":["BaseMod","Bestiary","Colored Map","Colored Powertips","Curses Come First","Minty Spire (QoL Compilation)","StSLib","ojb\u0027s Info Mod"],"gold_per_floor":[111,61,61,81,51,83,102,102,102,102,102,114,39,54,54,156,156,175,192,205,105,105,105],"floor_reached":22,"language":"ENG","playtime":780,"items_purged":["Strike_B","Strike_B"],"score":288,"play_id":"9d31d253-f29d-450b-af73-692ca5fdb630","local_time":"20210212160840","is_ascension_mode":true,"campfire_choices":[{"floor":8,"key":"REST"},{"floor":10,"key":"REST"},{"data":"Sunder","floor":15,"key":"SMITH"}],"circlet_count":0,"master_deck":["AscendersBane","Strike_B","Defend_B","Defend_B","Defend_B","Defend_B","Zap","Dualcast","Steam","Gash","Beam Cell","Sunder+1","Steam Power","Hyperbeam","Streamline+1","Steam+1","Gash"],"relics":["Cracked Core","Unceasing Top","Dead Branch","Pantograph","Letter Opener","Kunai","Runic Pyramid"],"acts_visited":["Exordium","TheCity"],"potions_floor_usage":[7,16],"damage_taken":[{"damage":1,"enemies":"2 Louse","floor":1,"turns":3},{"damage":2,"enemies":"Jaw Worm","floor":4,"turns":4},{"damage":25,"enemies":"3 Sentries","floor":6,"turns":5},{"damage":0,"enemies":"Small Slimes","floor":7,"turns":2},{"damage":9,"enemies":"Red Slaver","floor":12,"turns":3},{"damage":0,"enemies":"2 Fungi Beasts","floor":14,"turns":3},{"damage":40,"enemies":"Slime Boss","floor":16,"turns":6},{"damage":15,"enemies":"3 Byrds","floor":18,"turns":4},{"damage":19,"enemies":"Chosen","floor":19,"turns":5},{"damage":0,"enemies":"Snecko","floor":20,"turns":3},{"damage":44,"enemies":"Shelled Parasite and Fungi","floor":22,"turns":2}],"seed_played":"-2429997732734449666","potions_obtained":[{"floor":5,"key":"Fire Potion"},{"floor":5,"key":"Ancient Potion"},{"floor":12,"key":"LiquidMemories"},{"floor":16,"key":"EntropicBrew"},{"floor":19,"key":"AttackPotion"}],"is_trial":false,"path_per_floor":["M","?","?","M","?","E","M","R","T","R","?","M","$","M","R","B",null,"M","M","M","$","M"],"character_chosen":"DEFECT","items_purchased":[],"campfire_rested":2,"item_purchase_floors":[],"current_hp_per_floor":[49,49,31,29,29,4,4,26,26,48,48,39,39,39,39,24,62,47,28,28,28,0,0],"gold":105,"neow_bonus":"ONE_RARE_RELIC","is_daily":false,"chose_seed":false,"campfire_upgraded":1,"win_rate":0.0,"timestamp":1613171320,"path_taken":["M","?","?","?","?","E","?","R","T","R","?","M","$","M","R","BOSS","M","M","M","$","M"],"items_purchased_type":[],"build_version":"2020-12-22","purchased_purges":2,"victory":false,"max_hp_per_floor":[75,75,75,75,75,75,75,75,75,75,75,75,75,75,75,75,75,75,75,75,75,75,75],"card_choices":[{"not_picked":["Steam Power","Darkness"],"picked":"Steam","floor":1},{"not_picked":["Undo","Coolheaded"],"picked":"Gash","floor":4},{"not_picked":["Compile Driver","Double Energy","Cold Snap"],"picked":"SKIP","floor":6},{"not_picked":["Go for the Eyes","Redo"],"picked":"Beam Cell","floor":7},{"not_picked":["Doom and Gloom","Streamline"],"picked":"Sunder","floor":12},{"not_picked":["Barrage","Compile Driver"],"picked":"Steam Power","floor":14},{"not_picked":["Core Surge","Echo Form"],"picked":"Hyperbeam","floor":16},{"not_picked":["Leap","Cold Snap"],"picked":"Streamline+1","floor":18},{"not_picked":["Compile Driver","Rebound"],"picked":"Steam+1","floor":19},{"not_picked":["Sunder","Sweeping Beam"],"picked":"Gash","floor":20}],"player_experience":1551781,"relics_obtained":[{"floor":6,"key":"Pantograph"},{"floor":9,"key":"Letter Opener"}],"event_choices":[{"cards_removed":["Strike_B"],"damage_healed":0,"gold_gain":0,"player_choice":"Card Removal","damage_taken":0,"max_hp_gain":0,"max_hp_loss":0,"event_name":"The Cleric","floor":2,"gold_loss":50},{"damage_healed":0,"gold_gain":0,"player_choice":"Success","damage_taken":18,"relics_obtained":["Dead Branch"],"max_hp_gain":0,"max_hp_loss":0,"event_name":"Scrap Ooze","floor":3,"gold_loss":0},{"damage_healed":0,"gold_gain":0,"player_choice":"Bought 2 Potions","damage_taken":0,"max_hp_gain":0,"max_hp_loss":0,"event_name":"The Woman in Blue","floor":5,"gold_loss":0},{"damage_healed":0,"gold_gain":0,"player_choice":"Searched \u00271\u0027 times","damage_taken":0,"relics_obtained":["Kunai"],"max_hp_gain":0,"max_hp_loss":0,"event_name":"Dead Adventurer","floor":11,"gold_loss":0}],"is_beta":false,"boss_relics":[{"not_picked":["Coffee Dripper","Ectoplasm"],"picked":"Runic Pyramid"}],"items_purged_floors":[13,21],"is_endless":false,"potions_floor_spawned":[6,12,16,19,20],"killed_by":"Shelled Parasite and Fungi","ascension_level":11}}