{"host":"htqwg582tjjtn9p7","time":1613154452,"event":{"mods":["2.2 Compatiblity","AchievementEnabler","Act Like it!","Aspiration","BaseMod","Better Third Choice","Colored Map","Conspire","Curses Come First","Displayed Cursed Tome","Energized Spire","Force Act Four","Fox Events","GifTheSpireLib","Hermit","Highlight Path","JesterMod","Mad Scientist","Minty Spire (QoL Compilation)","Pale of the Ancients","Permanent Neow","Random Character Button","Relic Stats","Reliquary","Replay The Spire","Robot Space Explorer","Somnambulant","Spicy Shops","Spikes Relics","StSLib","Stuff the Spire","The Blue Laboratory","The Bug Knight","The Forsaken","The Gatherer","The Judge","The Jungle","The Marked","The Runesmith","The Servant 0.9.4","Uncapped"],"gold_per_floor":[366,366,70,70,25,25,55,68,115,141,156,169,201,201,201,279,279,279,122,122,122,122,122,122,122,122,122,122,122,122,122,122,122,122,122,122,122,102,24,24,24,24,24,24,24,24,24,24,24,24,24,24,24,24,24,24,24,24,24,24,24],"floor_reached":60,"language":"ENG","playtime":2941,"items_purged":["Clumsy"],"score":2111,"play_id":"5b0c2929-accb-4936-911d-f82d9549368d","local_time":"20210212192732","is_ascension_mode":true,"campfire_choices":[{"data":"StuffTheSpire:Injection","floor":6,"key":"SMITH"},{"floor":23,"key":"REST"},{"floor":27,"key":"REST"},{"floor":32,"key":"REST"},{"data":"Blade Dance","floor":40,"key":"SMITH"},{"data":"Pot Of Greed","floor":42,"key":"SMITH"},{"floor":49,"key":"REST"},{"floor":55,"key":"REST"},{"data":"conspire:DoublingDagger","floor":57,"key":"SMITH"}],"circlet_count":0,"master_deck":["AscendersBane","Strike_G","Strike_G","Strike_G","Strike_G","Defend_G","Defend_G","Defend_G","Defend_G","Defend_G","Survivor","Neutralize","Leg Sweep","StuffTheSpire:Injection+1","Dagger Spray","Noxious Fumes","Pot Of Greed+1","Pot Of Greed+1","ReplayTheSpireMod:The Works+1","Noxious Fumes","Hidden Blade","Blade Dance+1","Acrobatics","StuffTheSpire:Shiver+1","Pot Of Greed+1","CurseOfTheBell","StuffTheSpire:DoubleShiv+1","conspire:DoublingDagger+1","Hidden Blade","Cloak And Dagger","Cloak And Dagger+1","Cloak And Dagger+1"],"relics":["Ring of the Snake","ToxicTincture","Sling","SnailShell","Grinning Jar","RetroEgg","InkBottle","Ectoplasm","Runesmith:Locket","aspiration:Lifesprig","reliquary:RadioactivePellet","theForsaken:Lifeblossom","Calling Bell","conspire:BottledYoYo","The Specimen","Singing Bowl","PreservedInsect","StuffTheSpire:OldFever","paleoftheancients:Timepiece","paleoftheancients:KeyRelic","Gremlin Horn","CultistMask","paleoftheancients:SoulOfTheShapes","theForsaken:HumbleEgg","reliquary:BallBearing"],"acts_visited":["Exordium","TheCity","TheBeyond","TheBeyond"],"potions_floor_usage":[7,16,21,29,33,45,46,51,56,60,60],"damage_taken":[{"damage":3,"enemies":"2 Louse","floor":1,"turns":4},{"damage":5,"enemies":"Gremlin Nob","floor":7,"turns":5},{"damage":0,"enemies":"Jaw Worm","floor":8,"turns":3},{"damage":14,"enemies":"3 Sentries","floor":10,"turns":5},{"damage":0,"enemies":"Cultist","floor":11,"turns":3},{"damage":3,"enemies":"Lots of Slimes","floor":12,"turns":3},{"damage":8,"enemies":"Gremlin Nob","floor":13,"turns":4},{"damage":37,"enemies":"Fading Forest","floor":16,"turns":11},{"damage":0,"enemies":"3 Byrds","floor":18,"turns":5},{"damage":0,"enemies":"Shell Parasite","floor":20,"turns":5},{"damage":16,"enemies":"Snecko","floor":21,"turns":5},{"damage":2,"enemies":"conspire:HollyBat","floor":22,"turns":7},{"damage":27,"enemies":"3 Cultists","floor":24,"turns":6},{"damage":0,"enemies":"conspire:Head Lice","floor":25,"turns":7},{"damage":11,"enemies":"conspire:SneckoGhost","floor":29,"turns":6},{"damage":16,"enemies":"Cultist and Chosen","floor":30,"turns":6},{"damage":0,"enemies":"Replay:Snechameleon","floor":31,"turns":4},{"damage":38,"enemies":"Pondfish","floor":33,"turns":10},{"damage":4,"enemies":"Orb Walker","floor":35,"turns":4},{"damage":4,"enemies":"3 Darklings","floor":37,"turns":4},{"damage":18,"enemies":"Nemesis","floor":45,"turns":7},{"damage":4,"enemies":"Jaw Worm Horde","floor":46,"turns":4},{"damage":0,"enemies":"Reptomancer","floor":47,"turns":4},{"damage":29,"enemies":"Writhing Mass","floor":48,"turns":7},{"damage":18,"enemies":"Awakened One","floor":50,"turns":9},{"damage":33,"enemies":"Awakened One","floor":51,"turns":7},{"damage":61,"enemies":"Awakened One","floor":52,"turns":8},{"damage":7,"enemies":"Awakened One","floor":56,"turns":9},{"damage":196,"enemies":"paleoftheancients:N","floor":60,"turns":11}],"seed_played":"5799456955405450864","potions_obtained":[{"floor":1,"key":"blueLaboratory:BottleOfVodka"},{"floor":10,"key":"Languid Potion"},{"floor":15,"key":"blueLaboratory:FruitPreserves"},{"floor":15,"key":"CunningPotion"},{"floor":16,"key":"Adrenaline Potion"},{"floor":24,"key":"EssenceOfSteel"},{"floor":25,"key":"PowerPotion"},{"floor":29,"key":"PowerPotion"},{"floor":31,"key":"Adrenaline Potion"},{"floor":38,"key":"blueLaboratory:BottleOfVodka"},{"floor":45,"key":"ColorlessPotion"},{"floor":46,"key":"SpeedPotion"},{"floor":47,"key":"blueLaboratory:BottleOfVodka"},{"floor":53,"key":"LifebloodPotion"},{"floor":56,"key":"ColorlessPotion"}],"is_trial":false,"path_per_floor":["M","?","$","?","$","R","E","M","T","E","M","M","E","?","R_BF","B",null,"M","$","M","M","M","R","M","E","T","R","?","E","M","E","R","B",null,"M","$","M","?","$","R","?","R","T","?","E","M","E","M","R","B","M","M","?","T","R","M","R","T","?","B"],"character_chosen":"THE_SILENT","items_purchased":["ToxicTincture","Sling","StuffTheSpire:Injection","Noxious Fumes","StuffTheSpire:DoubleShiv"],"campfire_rested":5,"item_purchase_floors":[3,3,5,19,39],"current_hp_per_floor":[41,63,63,70,70,70,65,65,65,51,51,48,40,40,40,11,58,58,58,58,42,40,61,34,34,34,55,55,44,28,28,49,17,59,61,61,63,63,63,63,63,63,63,63,51,53,61,38,60,68,58,41,41,41,64,70,70,70,70,0,0],"gold":24,"neow_bonus":"TWO_FIFTY_GOLD","is_daily":false,"chose_seed":false,"campfire_upgraded":4,"win_rate":0.0,"timestamp":1613154452,"path_taken":["M","?","$","?","?","R","E","?","T","E","M","M","E","?","R_BF","BOSS","M","$","M","M","M","R","M","E","T","R","?","E","M","E","R","BOSS","M","$","?","?","?","R","?","R","T","?","E","M","E","M","R","BOSS","M","M","?","T","R","M","R","T","?","BOSS"],"items_purchased_type":["Relic","Relic","Card","Card","Card"],"build_version":"2020-12-22","purchased_purges":1,"victory":false,"max_hp_per_floor":[66,66,66,73,73,73,73,73,73,73,73,73,73,73,73,73,73,73,73,73,73,73,73,73,73,73,73,73,73,73,73,73,73,73,73,73,73,73,73,73,73,73,73,73,73,73,75,75,75,75,75,77,77,77,77,77,77,77,77,77,77],"relic_stats":{"Singing Bowl":4,"Gremlin Horn":[15,15],"counters":[29,173],"Ectoplasm":469,"PreservedInsect":62,"obtain_stats":[{"SnailShell":7,"aspiration:Lifesprig":26,"Singing Bowl":43,"Gremlin Horn":50,"RetroEgg":10,"Runesmith:Locket":25,"theForsaken:Lifeblossom":31,"Sling":3,"paleoftheancients:SoulOfTheShapes":52,"theForsaken:HumbleEgg":54,"reliquary:RadioactivePellet":29,"InkBottle":13,"Ring of the Snake":0,"paleoftheancients:KeyRelic":50,"The Specimen":34,"PreservedInsect":45,"ToxicTincture":3,"Calling Bell":34,"paleoftheancients:Timepiece":50,"Ectoplasm":17,"CultistMask":50,"reliquary:BallBearing":58,"conspire:BottledYoYo":34,"Grinning Jar":9,"StuffTheSpire:OldFever":47},{"SnailShell":2,"aspiration:Lifesprig":14,"Singing Bowl":20,"Gremlin Horn":25,"RetroEgg":4,"Runesmith:Locket":14,"theForsaken:Lifeblossom":17,"Sling":1,"paleoftheancients:SoulOfTheShapes":27,"theForsaken:HumbleEgg":27,"reliquary:RadioactivePellet":15,"InkBottle":7,"Ring of the Snake":0,"paleoftheancients:KeyRelic":25,"The Specimen":18,"PreservedInsect":21,"ToxicTincture":1,"Calling Bell":18,"paleoftheancients:Timepiece":25,"Ectoplasm":8,"CultistMask":25,"reliquary:BallBearing":28,"conspire:BottledYoYo":18,"Grinning Jar":3,"StuffTheSpire:OldFever":23},{"SnailShell":9,"aspiration:Lifesprig":73,"Singing Bowl":107,"Gremlin Horn":138,"RetroEgg":17,"Runesmith:Locket":73,"theForsaken:Lifeblossom":89,"Sling":4,"paleoftheancients:SoulOfTheShapes":153,"theForsaken:HumbleEgg":153,"reliquary:RadioactivePellet":79,"InkBottle":27,"Ring of the Snake":0,"paleoftheancients:KeyRelic":138,"The Specimen":99,"PreservedInsect":114,"ToxicTincture":4,"Calling Bell":99,"paleoftheancients:Timepiece":138,"Ectoplasm":38,"CultistMask":138,"reliquary:BallBearing":162,"conspire:BottledYoYo":99,"Grinning Jar":12,"StuffTheSpire:OldFever":122}],"InkBottle":[131],"Ring of the Snake":[58]},"card_choices":[{"not_picked":["Terror","StuffTheSpire:MirrorStance"],"picked":"Leg Sweep","floor":1},{"not_picked":["Underhanded Strike","Acrobatics"],"picked":"Dagger Spray","floor":7},{"not_picked":["Tactician","Cloak And Dagger"],"picked":"Noxious Fumes","floor":8},{"not_picked":["Flechettes","Flying Knee","Sucker Punch"],"picked":"SKIP","floor":10},{"not_picked":["StuffTheSpire:ReptileScales","Poisoned Stab","Deadly Poison"],"picked":"SKIP","floor":11},{"not_picked":["Outmaneuver","Deadly Poison","StuffTheSpire:BrimstoneBlast"],"picked":"SKIP","floor":12},{"not_picked":["Outmaneuver","Night Terror"],"picked":"ReplayTheSpireMod:The Works","floor":13},{"not_picked":["Poisoned Stab","Outmaneuver","Sucker Punch"],"picked":"SKIP","floor":18},{"not_picked":["Outmaneuver","Heel Hook","ShadowRift"],"picked":"SKIP","floor":20},{"not_picked":["Masterful Stab","StuffTheSpire:BumpUp+1","Distraction"],"picked":"SKIP","floor":21},{"not_picked":["StuffTheSpire:Injection+1","Cloak And Dagger"],"picked":"Hidden Blade","floor":22},{"not_picked":["Distraction","StuffTheSpire:Injection","Dodge and Roll"],"picked":"SKIP","floor":24},{"not_picked":["Outmaneuver","Caltrops","Pace"],"picked":"SKIP","floor":25},{"not_picked":["ShadowRift","Quick Slash"],"picked":"Blade Dance","floor":29},{"not_picked":["StuffTheSpire:Repulse","Dagger Throw"],"picked":"Acrobatics","floor":30},{"not_picked":["StuffTheSpire:Fury+1","Prepared+1"],"picked":"StuffTheSpire:Shiver+1","floor":31},{"not_picked":["StuffTheSpire:BumpUp","Underhanded Strike","Eviscerate"],"picked":"SKIP","floor":35},{"not_picked":["StuffTheSpire:Python","aspiration:Lunge","Deadly Poison"],"picked":"SKIP","floor":37},{"not_picked":["Dagger Spray","ReplayTheSpireMod:The Works"],"picked":"conspire:DoublingDagger","floor":45},{"not_picked":["Underhanded Strike","Bouncing Flask"],"picked":"Hidden Blade","floor":46},{"not_picked":["PiercingWail","Quick Slash","Glass Knife"],"picked":"Singing Bowl","floor":47},{"not_picked":["Bane+1","Noxious Fumes"],"picked":"Cloak And Dagger","floor":48},{"not_picked":["Slice+1","Choke"],"picked":"Cloak And Dagger+1","floor":51},{"not_picked":["Dagger Spray+1","Sucker Punch+1","Outmaneuver+1"],"picked":"Singing Bowl","floor":52},{"not_picked":["Sucker Punch+1","Escape Plan+1"],"picked":"Cloak And Dagger+1","floor":56}],"player_experience":2025874,"relics_obtained":[{"floor":7,"key":"SnailShell"},{"floor":9,"key":"Grinning Jar"},{"floor":10,"key":"RetroEgg"},{"floor":13,"key":"InkBottle"},{"floor":25,"key":"Runesmith:Locket"},{"floor":26,"key":"aspiration:Lifesprig"},{"floor":29,"key":"reliquary:RadioactivePellet"},{"floor":31,"key":"theForsaken:Lifeblossom"},{"floor":34,"key":"conspire:BottledYoYo"},{"floor":34,"key":"The Specimen"},{"floor":43,"key":"Singing Bowl"},{"floor":45,"key":"PreservedInsect"},{"floor":47,"key":"StuffTheSpire:OldFever"},{"floor":52,"key":"paleoftheancients:SoulOfTheShapes"},{"floor":54,"key":"theForsaken:HumbleEgg"},{"floor":58,"key":"reliquary:BallBearing"}],"event_choices":[{"damage_healed":22,"gold_gain":0,"player_choice":"Banana","damage_taken":0,"max_hp_gain":0,"max_hp_loss":0,"event_name":"Big Fish","floor":2,"gold_loss":0},{"damage_healed":0,"gold_gain":0,"player_choice":"Upgraded","damage_taken":0,"max_hp_gain":0,"max_hp_loss":0,"event_name":"Upgrade Shrine","floor":14,"gold_loss":0,"cards_upgraded":["Pot Of Greed"]},{"cards_removed":["Strike_G"],"damage_healed":0,"gold_gain":0,"player_choice":"Offered Basic","damage_taken":0,"max_hp_gain":0,"max_hp_loss":0,"event_name":"Bonfire Elementals","floor":28,"gold_loss":0},{"damage_healed":0,"gold_gain":0,"player_choice":"Bought 1 Potion","damage_taken":0,"max_hp_gain":0,"max_hp_loss":0,"event_name":"The Woman in Blue","floor":38,"gold_loss":0},{"damage_healed":0,"gold_gain":0,"player_choice":"Ignored","damage_taken":0,"max_hp_gain":0,"max_hp_loss":0,"event_name":"Golden Shrine","floor":44,"gold_loss":0},{"damage_healed":0,"gold_gain":0,"player_choice":"Got Potions","damage_taken":0,"max_hp_gain":0,"max_hp_loss":0,"event_name":"Lab","floor":53,"gold_loss":0}],"is_beta":false,"boss_relics":[{"not_picked":["energizedSpire:HighHeels","Kintsugi"],"picked":"Ectoplasm"},{"not_picked":["aspiration:IroncladSkillbook","Velvet Choker"],"picked":"Calling Bell"}],"items_purged_floors":[19],"is_endless":false,"potions_floor_spawned":[1,10,16,18,24,25,29,31,45,46,47,56],"killed_by":"paleoftheancients:N","ascension_level":15}}