{"host":"fnk117zi8wf5078t","time":1613119136,"event":{"mods":["AchievementEnabler","BaseMod","Colored Map","Minty Spire (QoL Compilation)","Rare Cards Sparkle","SuperFastMode","everything is the same but u backflip on backflip"],"gold_per_floor":[20,20,20,40,63,63,82,82,160,160,160,179,129,147,147,273,273,298,321,342,17,17,17,17],"floor_reached":23,"language":"KOR","playtime":645,"items_purged":[],"score":318,"play_id":"bb7dc1cb-6770-412c-befb-09b71a34975e","local_time":"20210212173856","is_ascension_mode":true,"campfire_choices":[{"floor":6.0,"key":"REST"},{"floor":8.0,"key":"REST"},{"data":"Double Energy","floor":10.0,"key":"SMITH"},{"data":"Loop","floor":15.0,"key":"SMITH"}],"circlet_count":0,"master_deck":["AscendersBane","Strike_B","Strike_B","Defend_B","Defend_B+1","Defend_B","Defend_B","Zap+1","Dualcast","Master of Strategy","Tempest","Double Energy+1","Storm","Force Field","Loop+1","Consume","Thunder Strike","Ball Lightning","Chaos+1","Turbo"],"relics":["Cracked Core","Golden Idol","Pear","Black Star","Chemical X","Centennial Puzzle"],"acts_visited":["Exordium","TheCity"],"potions_floor_usage":[20,23],"damage_taken":[{"damage":2.0,"enemies":"2 Louse","floor":1.0,"turns":3.0},{"damage":2.0,"enemies":"Jaw Worm","floor":4.0,"turns":3.0},{"damage":0.0,"enemies":"Small Slimes","floor":5.0,"turns":2.0},{"damage":6.0,"enemies":"Looter","floor":7.0,"turns":3.0},{"damage":8.0,"enemies":"3 Louse","floor":12.0,"turns":3.0},{"damage":20.0,"enemies":"Large Slime","floor":14.0,"turns":5.0},{"damage":51.0,"enemies":"The Guardian","floor":16.0,"turns":9.0},{"damage":9.0,"enemies":"2 Thieves","floor":18.0,"turns":4.0},{"damage":22.0,"enemies":"Spheric Guardian","floor":19.0,"turns":4.0},{"damage":32,"enemies":"Snecko","floor":20,"turns":4},{"damage":11,"enemies":"Gremlin Leader","floor":23,"turns":1}],"seed_played":"2331870357686501227","potions_obtained":[{"floor":5.0,"key":"BlessingOfTheForge"},{"floor":7.0,"key":"Energy Potion"},{"floor":14.0,"key":"FocusPotion"},{"floor":19.0,"key":"FearPotion"},{"floor":20,"key":"Block Potion"}],"is_trial":false,"path_per_floor":["M","?","?","M","M","R","M","R","T","R","?","M","?","M","R","B",null,"M","M","M","$","?","E"],"character_chosen":"DEFECT","items_purchased":["Turbo","Chemical X","Centennial Puzzle"],"campfire_rested":2,"item_purchase_floors":[21,21,21],"current_hp_per_floor":[66,48,33,31,31,53,47,69,79,79,84,76,76,56,56,5,69,60,38,6,6,6,0,0],"gold":17,"neow_bonus":"RANDOM_COLORLESS_2","is_daily":false,"chose_seed":false,"campfire_upgraded":2,"win_rate":0.0,"timestamp":1613119136,"path_taken":["M","?","?","M","M","R","M","R","T","R","?","M","?","M","R","BOSS","M","M","M","$","?","E"],"items_purchased_type":["Card","Relic","Relic"],"build_version":"2020-12-22","purchased_purges":0,"victory":false,"max_hp_per_floor":[75,75,75,75,75,75,75,75,85,85,90,90,90,90,90,90,90,90,90,90,90,90,90,90],"card_choices":[{"not_picked":["Transmutation","Chrysalis"],"picked":"Master of Strategy","floor":0.0},{"not_picked":["Compile Driver","Capacitor"],"picked":"Tempest","floor":1.0},{"not_picked":["Conserve Battery","White Noise"],"picked":"Double Energy","floor":4.0},{"not_picked":["Auto Shields","Cold Snap"],"picked":"Storm","floor":5.0},{"not_picked":["Conserve Battery","Compile Driver"],"picked":"Force Field","floor":7.0},{"not_picked":["Compile Driver","Aggregate"],"picked":"Loop","floor":12.0},{"not_picked":["Gash","Recycle"],"picked":"Consume","floor":14.0},{"not_picked":["Reboot","All For One"],"picked":"Thunder Strike","floor":16.0},{"not_picked":["Fusion","Steam"],"picked":"Ball Lightning","floor":18.0},{"not_picked":["Streamline","Stack+1","Coolheaded"],"picked":"SKIP","floor":19.0},{"not_picked":["Go for the Eyes","Gash"],"picked":"Chaos+1","floor":20}],"player_experience":430764,"relics_obtained":[{"floor":9.0,"key":"Pear"}],"event_choices":[{"damage_healed":0.0,"max_hp_gain":0.0,"max_hp_loss":0.0,"gold_gain":0.0,"event_name":"Golden Idol","player_choice":"Take Damage","floor":2.0,"gold_loss":0.0,"damage_taken":18.0,"relics_obtained":["Golden Idol"]},{"damage_healed":0.0,"max_hp_gain":0.0,"max_hp_loss":0.0,"gold_gain":0.0,"event_name":"Shining Light","player_choice":"Entered Light","floor":3.0,"gold_loss":0.0,"damage_taken":15.0,"cards_upgraded":["Zap","Defend_B"]},{"damage_healed":0.0,"max_hp_gain":5.0,"max_hp_loss":0.0,"gold_gain":0.0,"event_name":"Big Fish","player_choice":"Donut","floor":11.0,"gold_loss":0.0,"damage_taken":0.0},{"cards_removed":["Strike_B"],"damage_healed":0.0,"max_hp_gain":0.0,"max_hp_loss":0.0,"gold_gain":0.0,"event_name":"The Cleric","player_choice":"Card Removal","floor":13.0,"gold_loss":50.0,"damage_taken":0.0},{"cards_removed":["Strike_B"],"damage_healed":0,"gold_gain":0,"player_choice":"Elegance","damage_taken":0,"max_hp_gain":0,"max_hp_loss":0,"event_name":"Back to Basics","floor":22,"gold_loss":0}],"is_beta":false,"boss_relics":[{"not_picked":["Busted Crown","SacredBark"],"picked":"Black Star"}],"items_purged_floors":[],"is_endless":false,"potions_floor_spawned":[5,7,12,14,19,20],"killed_by":"Gremlin Leader","ascension_level":12}}