{"host":"s24sb66hw4a4sfft","time":1613096418,"event":{"mods":["AchievementEnabler","BaseMod","Colored Map","Colored Powertips","Googly Eyes","Hermit","Hubris","Minty Spire (QoL Compilation)","Quick Restart","Shop Mod","StSLib"],"gold_per_floor":[109,109,26,26,37,66,76,76,127,127,127],"floor_reached":10,"language":"ENG","playtime":839,"items_purged":[],"score":155,"play_id":"9372e393-7433-4f00-865e-fcbf231e6e02","local_time":"20210211212018","is_ascension_mode":true,"campfire_choices":[],"circlet_count":0,"master_deck":["AscendersBane","Strike_G","Strike_G","Strike_G","Strike_G","Strike_G","Defend_G","Defend_G","Defend_G","Defend_G","Defend_G","Survivor","Neutralize","All Out Attack","Enlightenment","Regret","Dagger Spray","Venomology","All Out Attack"],"relics":["Ring of the Snake","NeowsBlessing","Art of War","Akabeko","The Courier","hubris:AstralHammer","Strawberry"],"acts_visited":["Exordium"],"potions_floor_usage":[7,10],"damage_taken":[{"damage":0,"enemies":"2 Louse","floor":1,"turns":1},{"damage":0,"enemies":"Jaw Worm","floor":5,"turns":1},{"damage":0,"enemies":"3 Sentries","floor":6,"turns":1},{"damage":1,"enemies":"Cultist","floor":7,"turns":4},{"damage":59,"enemies":"Lagavulin","floor":10,"turns":10}],"seed_played":"5788602389882463345","potions_obtained":[{"floor":1,"key":"EssenceOfSteel"},{"floor":7,"key":"Dexterity Potion"}],"is_trial":false,"path_per_floor":["M","?","$","?","M","E","M","?","T","E"],"character_chosen":"THE_SILENT","items_purchased":["Enlightenment"],"campfire_rested":0,"item_purchase_floors":[3],"current_hp_per_floor":[59,56,56,56,56,56,55,55,62,3,3],"gold":127,"neow_bonus":"THREE_ENEMY_KILL","is_daily":false,"chose_seed":false,"campfire_upgraded":0,"win_rate":0.0,"timestamp":1613096418,"path_taken":["M","?","$","?","M","E","M","?","T","E"],"items_purchased_type":["Card"],"build_version":"2020-12-22","purchased_purges":0,"victory":false,"max_hp_per_floor":[66,66,66,66,66,66,66,66,73,73,73],"card_choices":[{"not_picked":["hubris:Sniper","Acrobatics"],"picked":"All Out Attack","floor":1},{"not_picked":["Acrobatics","PiercingWail"],"picked":"Dagger Spray","floor":5},{"not_picked":["Dodge and Roll","Calculated Gamble"],"picked":"Venomology","floor":6},{"not_picked":["Backflip","Acrobatics"],"picked":"All Out Attack","floor":7}],"player_experience":611675,"relics_obtained":[{"floor":6,"key":"The Courier"},{"floor":9,"key":"Strawberry"}],"event_choices":[{"damage_healed":0,"gold_gain":0,"player_choice":"Success","damage_taken":3,"relics_obtained":["Art of War"],"max_hp_gain":0,"max_hp_loss":0,"event_name":"Scrap Ooze","floor":2,"gold_loss":0},{"damage_healed":0,"gold_gain":0,"player_choice":"Box","damage_taken":0,"relics_obtained":["Akabeko"],"max_hp_gain":0,"max_hp_loss":0,"event_name":"Big Fish","floor":4,"gold_loss":0,"cards_obtained":["Regret"]},{"damage_healed":0,"gold_gain":0,"player_choice":"Gave Potion","damage_taken":0,"relics_obtained":["hubris:AstralHammer"],"max_hp_gain":0,"max_hp_loss":0,"event_name":"WeMeetAgain","floor":8,"gold_loss":0}],"is_beta":false,"boss_relics":[],"items_purged_floors":[],"is_endless":false,"potions_floor_spawned":[1,7],"killed_by":"Lagavulin","ascension_level":14}}