{"host":"8iaoobhpyvel1t4g","time":1613092758,"event":{"mods":["Aspiration","BaseMod","Beaked The Cultist","Clawfect","Colored Map","Conspire","Energized Spire","Friendly Minions","Glutton Mod","Halation","Highlight Path","Hubris","Infinite Spire","Jedi Mod","Minty Spire (QoL Compilation)","Permanent Neow","Quick Restart","Replay The Spire","Shop Mod","StSLib","SuperFastMode","The Jungle","TheVacant","Weighted Paths"],"gold_per_floor":[115,115,115,134,134,134,159,159,182,215,215,231,259,275,275,275,275],"floor_reached":16,"language":"ENG","playtime":479,"items_purged":[],"score":149,"play_id":"a2d9b210-f3a6-4b1d-b7ba-cdb03c78f7d8","local_time":"20210211201918","is_ascension_mode":true,"campfire_choices":[{"data":"Self Repair","floor":6,"key":"SMITH"},{"data":"FTL","floor":8,"key":"SMITH"},{"data":"jedi:studypoison","floor":15,"key":"SMITH"}],"circlet_count":0,"master_deck":["Gash","Gash","Gash","Gash","Gash","Defend_B","Defend_B","Self Repair+1","Regret","Amnesia","FTL+1","Injury","Clawfect:ClawForTheEyes+1","Clawfect:Clawter+1","jedi:studypoison+1","Escape Plan","Venomology","Conserve Battery","Amplify"],"relics":["halation:LoveArrow","Du-Vu Doll","Molten Egg 2","jedi:kaleidoscope","Pen Nib","halation:LettersToHer","Calipers"],"acts_visited":["Exordium"],"potions_floor_usage":[7,13,14,16],"damage_taken":[{"damage":0,"enemies":"Cultist","floor":1,"turns":4},{"damage":4,"enemies":"Jaw Worm","floor":4,"turns":4},{"damage":23,"enemies":"Lagavulin","floor":7,"turns":5},{"damage":43,"enemies":"Gremlin Nob","floor":10,"turns":5},{"damage":6,"enemies":"2 Louse","floor":12,"turns":2},{"damage":11,"enemies":"3 Sentries","floor":13,"turns":4},{"damage":2,"enemies":"2 Fungi Beasts","floor":14,"turns":2},{"damage":30,"enemies":"The Guardian","floor":16,"turns":4}],"seed_played":"1934176203065140336","potions_obtained":[{"floor":4,"key":"jedi:StrikingPotion"},{"floor":12,"key":"jedi:StrikingPotion"},{"floor":13,"key":"SpeedPotion"}],"is_trial":false,"path_per_floor":["M","?","?","M","?","R","E","R","T","E","?","M","E","M","R","B"],"character_chosen":"DEFECT","items_purchased":[],"campfire_rested":0,"item_purchase_floors":[],"current_hp_per_floor":[75,75,75,75,75,75,62,62,62,29,29,23,22,30,30,0,0],"gold":275,"neow_bonus":"BOSS_RELIC","is_daily":false,"chose_seed":false,"campfire_upgraded":3,"win_rate":0.0,"timestamp":1613092758,"path_taken":["M","?","?","M","?","R","E","R","T","E","?","M","E","?","R","BOSS"],"items_purchased_type":[],"build_version":"2020-12-22","purchased_purges":0,"victory":false,"max_hp_per_floor":[75,75,75,75,75,75,75,75,75,75,75,75,75,75,75,75,75],"card_choices":[{"not_picked":["jedi:spotbugs","aspiration:Polymerization"],"picked":"Self Repair","floor":1},{"not_picked":["Panic Button","jedi:locknload"],"picked":"FTL","floor":4},{"not_picked":["BasicCrystalCard","Conserve Battery"],"picked":"Clawfect:ClawForTheEyes+1","floor":7},{"not_picked":["jedi:BurstFrost","hubris:Ukulele+1"],"picked":"Clawfect:Clawter+1","floor":10},{"not_picked":["Steam Power","ReplaySolidLightProjector","BasicCrystalCard"],"picked":"SKIP","floor":12},{"not_picked":["jedi:markofdeath","Clawfect:Clawline+1"],"picked":"Conserve Battery","floor":13},{"not_picked":["jedi:BurstLightning+1","Panic Button"],"picked":"Amplify","floor":14}],"player_experience":329581,"relics_obtained":[{"floor":7,"key":"jedi:kaleidoscope"},{"floor":9,"key":"Pen Nib"},{"floor":10,"key":"halation:LettersToHer"},{"floor":13,"key":"Calipers"}],"event_choices":[{"damage_healed":0,"gold_gain":0,"player_choice":"Box","damage_taken":0,"relics_obtained":["Du-Vu Doll"],"max_hp_gain":0,"max_hp_loss":0,"event_name":"Big Fish","floor":2,"gold_loss":0,"cards_obtained":["Regret"]}],"is_beta":false,"boss_relics":[],"items_purged_floors":[],"is_endless":false,"potions_floor_spawned":[4,12,13],"killed_by":"The Guardian","ascension_level":1}}