{"host":"mvk4cyf8p31hksyn","time":1613140114,"event":{"mods":["BaseMod","Block Reminder","Colored Map","Highlight Path","Minty Spire (QoL Compilation)","Relic Sorter"],"gold_per_floor":[109,109,59,75,87,119,194,220,220,220,250,250,7,24,24,24,24],"floor_reached":16,"language":"ENG","playtime":692,"items_purged":[],"score":124,"play_id":"19632d30-af2e-4293-94c0-516dbd38a1fb","local_time":"20210212152834","is_ascension_mode":true,"campfire_choices":[{"data":"True Grit","floor":10.0,"key":"SMITH"},{"data":"Fire Breathing","floor":15.0,"key":"SMITH"}],"circlet_count":0,"master_deck":["Strike_R","Strike_R","Strike_R","Strike_R","Defend_R","Defend_R","Defend_R","Bash","Feel No Pain","Feel No Pain","True Grit+1","Whirlwind","Fire Breathing+1","True Grit+1","Warcry+1"],"relics":["Burning Blood","Happy Flower","Thread and Needle","Self Forming Clay","Pear","Toxic Egg 2","Mummified Hand"],"acts_visited":["Exordium"],"potions_floor_usage":[],"damage_taken":[{"damage":1.0,"enemies":"2 Louse","floor":1.0,"turns":3.0},{"damage":0.0,"enemies":"Small Slimes","floor":4.0,"turns":3.0},{"damage":5.0,"enemies":"Jaw Worm","floor":5.0,"turns":5.0},{"damage":19.0,"enemies":"3 Sentries","floor":6.0,"turns":12.0},{"damage":33.0,"enemies":"Lagavulin","floor":8.0,"turns":10.0},{"damage":5.0,"enemies":"3 Sentries","floor":11.0,"turns":3.0},{"damage":1.0,"enemies":"Looter","floor":14.0,"turns":3.0},{"damage":38,"enemies":"Hexaghost","floor":16,"turns":10}],"seed_played":"-2417322888517455377","potions_obtained":[{"floor":1.0,"key":"Fire Potion"},{"floor":4.0,"key":"SteroidPotion"}],"is_trial":false,"path_per_floor":["M","?","?","M","M","E","?","E","T","R","E","?","$","M","R","B"],"character_chosen":"IRONCLAD","items_purchased":["Mummified Hand"],"campfire_rested":0,"item_purchase_floors":[13],"current_hp_per_floor":[80,80,80,80,80,67,56,29,39,39,40,33,33,38,38,0,0],"gold":24,"neow_bonus":"REMOVE_CARD","is_daily":false,"chose_seed":false,"campfire_upgraded":2,"win_rate":0.0,"timestamp":1613140114,"path_taken":["M","?","?","?","M","E","?","E","T","R","E","?","?","M","R","BOSS"],"items_purchased_type":["Relic"],"build_version":"2020-12-22","purchased_purges":0,"victory":false,"max_hp_per_floor":[80,80,80,80,80,80,80,80,90,90,90,90,90,90,90,90,90],"card_choices":[{"not_picked":["Rupture","Clash"],"picked":"Feel No Pain","floor":1.0},{"not_picked":["Clothesline","Shrug It Off"],"picked":"Feel No Pain","floor":4.0},{"not_picked":["Heavy Blade","Combust"],"picked":"True Grit","floor":5.0},{"not_picked":["Thunderclap","Twin Strike"],"picked":"Whirlwind","floor":6.0},{"not_picked":["Flex","Berserk"],"picked":"Fire Breathing","floor":8.0},{"not_picked":["Infernal Blade+1","Dual Wield+1"],"picked":"True Grit+1","floor":11.0},{"not_picked":["Body Slam","Headbutt"],"picked":"Warcry+1","floor":14.0}],"player_experience":852165,"relics_obtained":[{"floor":6.0,"key":"Thread and Needle"},{"floor":8.0,"key":"Self Forming Clay"},{"floor":9.0,"key":"Pear"},{"floor":11.0,"key":"Toxic Egg 2"}],"event_choices":[{"damage_healed":0.0,"max_hp_gain":0.0,"max_hp_loss":0.0,"gold_gain":0.0,"event_name":"Big Fish","player_choice":"Box","floor":2.0,"gold_loss":0.0,"damage_taken":0.0,"relics_obtained":["Happy Flower"],"cards_obtained":["Regret"]},{"cards_removed":["Regret"],"damage_healed":0.0,"max_hp_gain":0.0,"max_hp_loss":0.0,"gold_gain":0.0,"event_name":"The Cleric","player_choice":"Card Removal","floor":3.0,"gold_loss":50.0,"damage_taken":0.0},{"damage_healed":0.0,"max_hp_gain":0.0,"max_hp_loss":0.0,"gold_gain":75.0,"event_name":"World of Goop","player_choice":"Gather Gold","floor":7.0,"gold_loss":0.0,"damage_taken":11.0},{"cards_removed":["Strike_R"],"damage_healed":0.0,"max_hp_gain":0.0,"max_hp_loss":0.0,"gold_gain":0.0,"event_name":"Golden Wing","player_choice":"Card Removal","floor":12.0,"gold_loss":0.0,"damage_taken":7.0}],"is_beta":false,"boss_relics":[],"items_purged_floors":[],"is_endless":false,"potions_floor_spawned":[1,4],"killed_by":"Hexaghost","ascension_level":1}}