{"host":"h2g8ky7y1n1j4svm","time":1613149881,"event":{"mods":["AchievementEnabler","BaseMod","Bestiary","Block Reminder","Colored Map","Highlight Path","Minty Spire (QoL Compilation)","Quick Restart","Relic Stats","SuperFastMode"],"gold_per_floor":[114,129,139,139,150,150,176,176,176,207,223,235,235,235,235,335,335,345,362,312,20,20,49,49,69,146,146,157,189,189,222,222,317,317,335,335,557,575,355,355,276,293,347,347,361,378,378,389,389,389,389,389,41,67,67,67],"floor_reached":55,"language":"ENG","playtime":25119,"items_purged":["Strike_P","Defend_P","Strike_P"],"score":742,"play_id":"4d757e6a-bb65-4973-bb23-5c47efbefb6b","local_time":"20210212181121","is_ascension_mode":false,"campfire_choices":[{"data":"Eruption","floor":6.0,"key":"SMITH"},{"data":"PathToVictory","floor":8.0,"key":"SMITH"},{"floor":13.0,"key":"REST"},{"floor":15.0,"key":"REST"},{"floor":24.0,"key":"REST"},{"data":"Establishment","floor":27.0,"key":"SMITH"},{"floor":30.0,"key":"REST"},{"floor":32.0,"key":"REST"},{"floor":40.0,"key":"RECALL"},{"data":"Apotheosis","floor":47.0,"key":"SMITH"},{"data":"Scrawl","floor":49.0,"key":"SMITH"},{"data":"Madness","floor":52,"key":"SMITH"}],"circlet_count":0,"master_deck":["Defend_P","Defend_P","Eruption+1","Vigilance","Crescendo","PathToVictory+1","BattleHymn","FearNoEvil","EmptyBody","ThirdEye","Swivel","WaveOfTheHand","Establishment+1","InnerPeace","CutThroughFate+1","Perseverance","Halt","Enlightenment","FearNoEvil","DeceiveReality","Judgement","EmptyMind+1","Scrawl+1","Consecrate+1","DeusExMachina+1","TalkToTheHand+1","EmptyMind","LikeWater","Perseverance","Madness+1","EmptyFist+1","Apotheosis+1","Vengeance+1","Perseverance+1","EmptyBody","LikeWater","Adaptation+1"],"relics":["PureWater","Bottled Tornado","Question Card","Philosopher\u0027s Stone","Membership Card","Meat on the Bone","Kunai","Toy Ornithopter","Red Mask","Astrolabe","Bag of Preparation","Damaru","Shuriken","ClockworkSouvenir","Mango"],"acts_visited":["Exordium","TheCity","TheBeyond","TheEnding"],"potions_floor_usage":[50,54,55],"damage_taken":[{"damage":0.0,"enemies":"2 Louse","floor":1.0,"turns":1.0},{"damage":0.0,"enemies":"Small Slimes","floor":2.0,"turns":2.0},{"damage":7.0,"enemies":"Cultist","floor":3.0,"turns":3.0},{"damage":13.0,"enemies":"2 Fungi Beasts","floor":5.0,"turns":3.0},{"damage":21.0,"enemies":"Lagavulin","floor":7.0,"turns":4.0},{"damage":17.0,"enemies":"3 Sentries","floor":10.0,"turns":9.0},{"damage":0.0,"enemies":"Large Slime","floor":11.0,"turns":3.0},{"damage":9.0,"enemies":"3 Louse","floor":12.0,"turns":3.0},{"damage":29.0,"enemies":"Hexaghost","floor":16.0,"turns":7.0},{"damage":13.0,"enemies":"2 Thieves","floor":18.0,"turns":4.0},{"damage":17.0,"enemies":"3 Byrds","floor":19.0,"turns":5.0},{"damage":19.0,"enemies":"Gremlin Leader","floor":23.0,"turns":9.0},{"damage":15.0,"enemies":"3 Cultists","floor":25.0,"turns":5.0},{"damage":5.0,"enemies":"Chosen and Byrds","floor":28.0,"turns":6.0},{"damage":28.0,"enemies":"Slavers","floor":29.0,"turns":5.0},{"damage":54.0,"enemies":"Masked Bandits","floor":31.0,"turns":4.0},{"damage":28.0,"enemies":"Champ","floor":33.0,"turns":10.0},{"damage":1.0,"enemies":"3 Shapes","floor":35.0,"turns":3.0},{"damage":2.0,"enemies":"3 Darklings","floor":38.0,"turns":5.0},{"damage":1.0,"enemies":"4 Shapes","floor":42.0,"turns":5.0},{"damage":0.0,"enemies":"Jaw Worm Horde","floor":45.0,"turns":3.0},{"damage":4.0,"enemies":"Transient","floor":46.0,"turns":5.0},{"damage":8.0,"enemies":"4 Shapes","floor":48.0,"turns":6.0},{"damage":41,"enemies":"Time Eater","floor":50,"turns":18},{"damage":15,"enemies":"Shield and Spear","floor":54,"turns":7},{"damage":120,"enemies":"The Heart","floor":55,"turns":11}],"seed_played":"8283674485557575753","potions_obtained":[{"floor":5.0,"key":"BottledMiracle"},{"floor":7.0,"key":"SkillPotion"},{"floor":12.0,"key":"FearPotion"},{"floor":16.0,"key":"StancePotion"},{"floor":18.0,"key":"Ancient Potion"},{"floor":25.0,"key":"BlessingOfTheForge"},{"floor":29.0,"key":"LiquidBronze"},{"floor":33.0,"key":"SpeedPotion"},{"floor":35.0,"key":"DuplicationPotion"},{"floor":48.0,"key":"Explosive Potion"}],"is_trial":false,"path_per_floor":["M","M","M","?","M","R","E","R","T","E","M","M","R","?","R","B",null,"M","M","?","$","?","E","R","M","T","R","M","E","R","?","R","B",null,"M","?","?","M","$","R","?","M","T","?","M","M","R","M","R","B",null,"R","$","E","B"],"character_chosen":"WATCHER","items_purchased":["Membership Card","Perseverance","Halt","Enlightenment","LikeWater","Perseverance","Madness","FairyPotion","BlessingOfTheForge","Shuriken","ClockworkSouvenir","EmptyBody","LikeWater","Strength Potion"],"campfire_rested":5,"item_purchase_floors":[21,21,21,21,39,39,39,39,39,53,53,53,53,53],"current_hp_per_floor":[79,79,72,72,59,59,38,38,38,21,21,12,35,35,58,29,79,66,49,49,49,49,30,53,50,50,50,45,29,52,15,38,22,79,78,78,78,78,78,78,78,77,77,77,77,75,75,67,67,43,79,79,79,83,0,0],"gold":67,"neow_bonus":"TEN_PERCENT_HP_BONUS","is_daily":false,"chose_seed":false,"campfire_upgraded":6,"win_rate":0.0,"timestamp":1613149881,"path_taken":["M","M","M","?","M","R","E","R","T","E","M","M","R","?","R","BOSS","M","M","?","?","?","E","R","M","T","R","M","E","R","?","R","BOSS","M","?","?","M","$","R","?","?","T","?","M","M","R","M","R","BOSS","R","$","E","BOSS"],"items_purchased_type":["Relic","Card","Card","Card","Card","Card","Card","Potion","Potion","Relic","Relic","Card","Card","Potion"],"build_version":"2020-12-22","purchased_purges":3,"victory":false,"max_hp_per_floor":[79,79,79,79,79,79,79,79,79,79,79,79,79,79,79,79,79,79,79,79,79,79,79,79,79,79,79,79,79,79,79,79,79,79,79,79,79,79,79,79,79,79,79,79,79,79,79,79,79,79,79,79,79,93,93,93],"relic_stats":{"counters":[26,146],"Shuriken":[7],"Astrolabe":["Consecrate","DeusExMachina","TalkToTheHand"],"Bag of Preparation":[14],"Kunai":[36],"Question Card":20,"obtain_stats":[{"Astrolabe":34,"Damaru":43,"Mango":54,"Bag of Preparation":41,"Bottled Tornado":7,"Question Card":10,"ClockworkSouvenir":53,"Shuriken":53,"Philosopher\u0027s Stone":17,"Red Mask":31,"Membership Card":21,"Kunai":26,"PureWater":0,"Toy Ornithopter":29,"Meat on the Bone":23},{"Astrolabe":17,"Damaru":20,"Mango":25,"Bag of Preparation":19,"Bottled Tornado":5,"Question Card":6,"ClockworkSouvenir":24,"Shuriken":24,"Philosopher\u0027s Stone":9,"Red Mask":16,"Membership Card":11,"Kunai":13,"PureWater":0,"Toy Ornithopter":15,"Meat on the Bone":12},{"Astrolabe":83,"Damaru":96,"Mango":135,"Bag of Preparation":91,"Bottled Tornado":13,"Question Card":22,"ClockworkSouvenir":128,"Shuriken":128,"Philosopher\u0027s Stone":35,"Red Mask":73,"Membership Card":44,"Kunai":58,"PureWater":0,"Toy Ornithopter":69,"Meat on the Bone":53}],"Toy Ornithopter":24,"Meat on the Bone":60},"card_choices":[{"not_picked":["ClearTheMind","FlyingSleeves"],"picked":"Crescendo","floor":1.0},{"not_picked":["Perseverance","LikeWater"],"picked":"PathToVictory","floor":2.0},{"not_picked":["Evaluate","EmptyFist"],"picked":"BattleHymn","floor":3.0},{"not_picked":["WindmillStrike","Protect"],"picked":"FearNoEvil","floor":5.0},{"not_picked":["CarveReality","PathToVictory"],"picked":"EmptyBody","floor":7.0},{"not_picked":["Consecrate","Weave"],"picked":"ThirdEye","floor":10.0},{"not_picked":["BowlingBash","WaveOfTheHand","MasterReality"],"picked":"Swivel","floor":11.0},{"not_picked":["Crescendo","JustLucky","ClearTheMind"],"picked":"WaveOfTheHand","floor":12.0},{"not_picked":["ConjureBlade","DevaForm","Ragnarok"],"picked":"Establishment","floor":16.0},{"not_picked":["CutThroughFate","EmptyFist","LikeWater"],"picked":"InnerPeace","floor":18.0},{"not_picked":["EmptyBody","FlyingSleeves","JustLucky"],"picked":"CutThroughFate+1","floor":19.0},{"not_picked":["DeceiveReality","Worship","Consecrate"],"picked":"FearNoEvil","floor":23.0},{"not_picked":["SashWhip","Crescendo","Protect+1"],"picked":"DeceiveReality","floor":25.0},{"not_picked":["Perseverance","JustLucky","Crescendo"],"picked":"ThirdEye","floor":28.0},{"not_picked":["Indignation","ConjureBlade","JustLucky"],"picked":"Judgement","floor":29.0},{"not_picked":["Evaluate+1","Conclude+1","Crescendo"],"picked":"EmptyMind+1","floor":31.0},{"not_picked":["LessonLearned","Brilliance","Ragnarok"],"picked":"Scrawl","floor":33.0},{"not_picked":["WreathOfFlame+1","WaveOfTheHand","Halt","CrushJoints"],"picked":"SKIP","floor":35.0},{"not_picked":["Worship","EmptyFist","FlurryOfBlows"],"picked":"EmptyMind","floor":38.0},{"not_picked":["WheelKick","BowlingBash","FollowUp+1"],"picked":"EmptyFist+1","floor":42.0},{"not_picked":["Deep Breath","Enlightenment","Metamorphosis"],"picked":"Apotheosis","floor":44.0},{"not_picked":["FlurryOfBlows+1","WindmillStrike","Protect","Consecrate"],"picked":"SKIP","floor":45.0},{"not_picked":["ReachHeaven+1","EmptyMind","Collect"],"picked":"Vengeance+1","floor":46.0},{"not_picked":["BattleHymn+1","CutThroughFate","JustLucky"],"picked":"Perseverance+1","floor":48.0},{"not_picked":["SashWhip+1","Fasting2","Vengeance+1"],"picked":"Adaptation+1","floor":54}],"player_experience":934261,"relics_obtained":[{"floor":7.0,"key":"Bottled Tornado"},{"floor":10.0,"key":"Question Card"},{"floor":23.0,"key":"Meat on the Bone"},{"floor":26.0,"key":"Kunai"},{"floor":29.0,"key":"Toy Ornithopter"},{"floor":31.0,"key":"Red Mask"},{"floor":43.0,"key":"Damaru"},{"floor":54,"key":"Mango"}],"event_choices":[{"damage_healed":0.0,"max_hp_gain":0.0,"max_hp_loss":0.0,"gold_gain":0.0,"event_name":"Golden Idol","player_choice":"Ignored","floor":4.0,"gold_loss":0.0,"damage_taken":0.0},{"damage_healed":0.0,"max_hp_gain":0.0,"max_hp_loss":0.0,"gold_gain":0.0,"event_name":"Liars Game","player_choice":"Ignored","floor":14.0,"gold_loss":0.0,"damage_taken":0.0},{"damage_healed":0.0,"max_hp_gain":0.0,"max_hp_loss":0.0,"gold_gain":0.0,"event_name":"The Joust","player_choice":"Bet on Murderer","floor":20.0,"gold_loss":50.0,"damage_taken":0.0},{"damage_healed":0.0,"max_hp_gain":0.0,"max_hp_loss":0.0,"gold_gain":0.0,"event_name":"Masked Bandits","player_choice":"Fought Bandits","floor":31.0,"gold_loss":0.0,"damage_taken":0.0},{"cards_removed":["ThirdEye"],"damage_healed":0.0,"max_hp_gain":0.0,"max_hp_loss":0.0,"gold_gain":0.0,"event_name":"Falling","player_choice":"Removed Skill","floor":36.0,"gold_loss":0.0,"damage_taken":0.0},{"damage_healed":0.0,"max_hp_gain":0.0,"max_hp_loss":0.0,"gold_gain":222.0,"event_name":"Tomb of Lord Red Mask","player_choice":"Wore Mask","floor":37.0,"gold_loss":0.0,"damage_taken":0.0},{"damage_healed":0.0,"max_hp_gain":0.0,"max_hp_loss":0.0,"gold_gain":0.0,"event_name":"WeMeetAgain","player_choice":"Paid Gold","floor":41.0,"gold_loss":79.0,"damage_taken":0.0,"relics_obtained":["Bag of Preparation"]},{"damage_healed":0.0,"max_hp_gain":0.0,"max_hp_loss":0.0,"gold_gain":0.0,"event_name":"SensoryStone","player_choice":"Memory 1","floor":44.0,"gold_loss":0.0,"damage_taken":0.0}],"is_beta":false,"boss_relics":[{"not_picked":["HolyWater","Cursed Key"],"picked":"Philosopher\u0027s Stone"},{"not_picked":["Tiny House","Coffee Dripper"],"picked":"Astrolabe"}],"items_purged_floors":[21,39,53],"is_endless":false,"potions_floor_spawned":[5,7,12,16,18,25,29,33,35,48],"killed_by":"The Heart","ascension_level":0}}