{"host":"fm9e0lfunjlbhzxv","time":1613166533,"event":{"mods":["Alarm Clock","BaseMod","Bestiary","Better Match","Better Skull","Better Third Choice","Colored Map","Colored Powertips","Downfall","Energized Spire","Good Game Mod","Key Reminder","Minty Spire (QoL Compilation)","Permanent Neow","Random Character Button","Rare Cards Sparkle","Relic Stats","Spire Arcade","StSLib","slay the spire mod where everything is the same but ironclad has a cowboy hat"],"gold_per_floor":[99,119,51,51,70,86,86,71,87,105,119,19,44,74,91,189,189,189,208,225,225,150,177,177,87,116,136,36,36,36,36,52,147,147,47,57,71,89,24,24,48,76,76,76,111,111,111,124,139,139,139,168,23,23,23,23,23,23],"floor_reached":56,"language":"ENG","playtime":7127,"items_purged":["Slimebound:GoopTackle","Slimebound:FlameTackle"],"score":886,"play_id":"476f7533-d0ae-4ada-81d0-110e43057498","local_time":"20210212134853","is_ascension_mode":true,"campfire_choices":[{"floor":1.0,"key":"RECALL"},{"data":"Slimebound:MassFeed","floor":12.0,"key":"SMITH"},{"data":"Slimebound:PrepareCrush","floor":18.0,"key":"SMITH"},{"data":"Slimebound:MassFeed","floor":28,"key":"SMITH"},{"floor":30,"key":"REST"},{"data":"Slimebound:PrepareCrush","floor":35,"key":"SMITH"},{"data":"Secret Technique","floor":40,"key":"SMITH"},{"floor":43,"key":"REST"},{"floor":47,"key":"DIG"},{"floor":54,"key":"REST"}],"circlet_count":0,"master_deck":["Slimebound:Strike_Slimebound+1","Slimebound:Strike_Slimebound","Slimebound:Defend_Slimebound+1","Slimebound:Defend_Slimebound","Slimebound:Split","Slimebound:CorrosiveSpit","Caltrops","Slimebound:LeechEnergy","Slimebound:LivingWall","Slimebound:GoopSpray","Writhe","Slimebound:Gluttony","Slimebound:SpikyOuterGoop","Slimebound:MassFeed+1","Slimebound:LeechEnergy","Slimebound:Prepare+1","Slimebound:PrepareCrush+1","Secret Technique+1","Slimebound:MassFeed+1","Slimebound:RejuvenatingLick","Slimebound:Prepare+1","Slimebound:LeechingTouch","Slimebound:PrepareCrush+1","Slimebound:Prepare+1","Slimebound:SpikyOuterGoop","expansioncontent:QuickStudy","Slimebound:Dissolve+1","Slimebound:HauntingLick+1","Slimebound:AcidTongue+1","Slimebound:Recollect+1","Slimebound:SplitBruiser+1","Slimebound:LivingWall","Slimebound:PressTheAttack+1"],"relics":["Slimebound:AbsorbEndCombat","REME:ComplimentaryCards","Strawberry","Bottled Tornado","downfall:HeartBlessingRed","Odd Mushroom","Art of War","energizedSpire:DeadBattery","Blue Candle","Shovel","Omamori","downfall:HeartBlessingGreen","Nilry\u0027s Codex","sneckomod:SneckoTalon","downfall:HeartBlessingBlue","champ:Barbells","Centennial Puzzle","Slimebound:StickyStick","Oddly Smooth Stone","StrikeDummy","Pen Nib","Orrery"],"acts_visited":["Exordium","TheCity","TheBeyond","TheEnding"],"potions_floor_usage":[33,45,50,56,56],"damage_taken":[{"damage":3.0,"enemies":"Cultist","floor":2.0,"turns":4.0},{"damage":11.0,"enemies":"downfall:FleeingMerchant","floor":3.0,"turns":4.0},{"damage":0.0,"enemies":"Small Slimes","floor":5.0,"turns":4.0},{"damage":2.0,"enemies":"2 Louse","floor":6.0,"turns":3.0},{"damage":15.0,"enemies":"downfall:FleeingMerchant","floor":8.0,"turns":4.0},{"damage":2.0,"enemies":"Blue Slaver","floor":9.0,"turns":5.0},{"damage":1.0,"enemies":"2 Fungi Beasts","floor":10.0,"turns":4.0},{"damage":21.0,"enemies":"Exordium Thugs","floor":11.0,"turns":5.0},{"damage":26.0,"enemies":"The Mushroom Lair","floor":13.0,"turns":6.0},{"damage":44.0,"enemies":"3 Sentries","floor":14.0,"turns":8.0},{"damage":0.0,"enemies":"Blue Slaver","floor":15.0,"turns":4.0},{"damage":19.0,"enemies":"IC_STATUS_ARCHETYPE","floor":16.0,"turns":9.0},{"damage":11.0,"enemies":"Spheric Guardian","floor":19.0,"turns":4.0},{"damage":4.0,"enemies":"Centurion and Healer","floor":20.0,"turns":9.0},{"damage":37.0,"enemies":"Slavers","floor":23.0,"turns":6.0},{"damage":20.0,"enemies":"downfall:FleeingMerchant","floor":25.0,"turns":4.0},{"damage":19,"enemies":"Gremlin Leader","floor":26,"turns":6},{"damage":31,"enemies":"Shelled Parasite and Fungi","floor":27,"turns":4},{"damage":17,"enemies":"Snake Plant","floor":32,"turns":5},{"damage":57,"enemies":"SI_MIRROR_ARCHETYPE","floor":33,"turns":11},{"damage":23,"enemies":"3 Darklings","floor":36,"turns":7},{"damage":22,"enemies":"3 Shapes","floor":37,"turns":7},{"damage":9,"enemies":"3 Darklings","floor":38,"turns":4},{"damage":1,"enemies":"downfall:FleeingMerchant","floor":39,"turns":4},{"damage":88,"enemies":"Nemesis","floor":42,"turns":9},{"damage":1,"enemies":"Giant Head","floor":45,"turns":7},{"damage":10,"enemies":"Transient","floor":48,"turns":5},{"damage":3,"enemies":"Maw","floor":49,"turns":8},{"damage":41,"enemies":"DF_ARCHETYPE_ORBS","floor":50,"turns":14},{"damage":113,"enemies":"downfall:CharBossMerchant","floor":52,"turns":11},{"damage":92,"enemies":"downfall:NeowBoss","floor":55,"turns":28},{"damage":75,"enemies":"downfall:NeowBossFinal","floor":56,"turns":6}],"seed_played":"5754614261877851349","potions_obtained":[{"floor":5.0,"key":"Swift Potion"},{"floor":6.0,"key":"SteroidPotion"},{"floor":9.0,"key":"LiquidBronze"},{"floor":11.0,"key":"Energy Potion"},{"floor":15.0,"key":"SkillPotion"},{"floor":16.0,"key":"sneckomod:MuddlingPotion"},{"floor":19.0,"key":"Block Potion"},{"floor":23.0,"key":"BlessingOfTheForge"},{"floor":27,"key":"FearPotion"},{"floor":32,"key":"CultistPotion"},{"floor":36,"key":"FearPotion"},{"floor":42,"key":"Strength Potion"},{"floor":45,"key":"AttackPotion"}],"is_trial":false,"path_per_floor":["R","M","$","?","M","M","T","$","M","M","M","R","?","E","M","B",null,"R","M","M","?","?","E","T","$","E","M","R","?","R","?","M","B",null,"R","M","M","M","$","R","T","E","R","$","E","?","R","M","M","B",null,"E","$","R","B","B"],"character_chosen":"SLIMEBOUND","items_purchased":["Slimebound:GoopSpray","champ:Barbells","expansioncontent:QuickStudy","Orrery"],"campfire_rested":3,"item_purchase_floors":[3,39,39,53],"current_hp_per_floor":[72,72,65,65,71,72,72,63,67,75,62,62,56,32,42,35,107,107,102,114,109,109,88,88,76,69,52,52,36,77,147,136,87,151,161,150,144,147,158,158,158,82,137,137,148,148,148,146,155,122,193,85,85,142,58,0,0,0],"gold":23,"neow_bonus":"RANDOM_COMMON_RELIC","is_daily":false,"chose_seed":false,"campfire_upgraded":5,"win_rate":0.0,"timestamp":1613166533,"path_taken":["R","M","?","?","M","?","T","$","?","M","M","R","?","E","M","BOSS","R","M","M","?","?","E","T","$","E","M","R","?","R","?","M","BOSS","R","M","M","?","$","R","T","E","R","?","E","?","R","?","M","BOSS","E","$","R","BOSS","BOSS"],"items_purchased_type":["Card","Relic","Card","Relic"],"build_version":"2020-12-22","purchased_purges":2,"victory":false,"max_hp_per_floor":[72,72,72,72,72,72,72,72,72,75,75,75,87,99,103,107,107,107,111,119,119,119,127,127,127,131,137,137,137,137,147,151,151,151,161,165,173,177,181,181,181,185,185,185,189,189,189,189,193,193,193,193,193,193,193,193,193,193],"relic_stats":{"Centennial Puzzle":[24],"Shovel":1,"counters":[32,219],"Blue Candle":[21],"Pen Nib":[4],"Art of War":[39],"obtain_stats":[{"champ:Barbells":39,"downfall:HeartBlessingRed":12,"Nilry\u0027s Codex":29,"Blue Candle":21,"Oddly Smooth Stone":45,"downfall:HeartBlessingGreen":28,"Pen Nib":52,"Omamori":26,"Bottled Tornado":7,"Odd Mushroom":13,"energizedSpire:DeadBattery":17,"sneckomod:SneckoTalon":34,"keyreminder:keyreminder":1,"REME:ComplimentaryCards":0,"Centennial Puzzle":41,"Shovel":23,"downfall:HeartBlessingBlue":35,"Slimebound:StickyStick":42,"Strawberry":0,"Orrery":53,"Slimebound:AbsorbEndCombat":0,"Art of War":14,"StrikeDummy":47},{"champ:Barbells":24,"downfall:HeartBlessingRed":8,"Nilry\u0027s Codex":18,"Blue Candle":14,"Oddly Smooth Stone":26,"downfall:HeartBlessingGreen":18,"Pen Nib":30,"Omamori":17,"Bottled Tornado":4,"Odd Mushroom":9,"energizedSpire:DeadBattery":12,"sneckomod:SneckoTalon":20,"keyreminder:keyreminder":0,"REME:ComplimentaryCards":0,"Centennial Puzzle":24,"Shovel":15,"downfall:HeartBlessingBlue":20,"Slimebound:StickyStick":25,"Strawberry":0,"Orrery":30,"Slimebound:AbsorbEndCombat":0,"Art of War":10,"StrikeDummy":26},{"champ:Barbells":131,"downfall:HeartBlessingRed":33,"Nilry\u0027s Codex":93,"Blue Candle":73,"Oddly Smooth Stone":147,"downfall:HeartBlessingGreen":93,"Pen Nib":185,"Omamori":89,"Bottled Tornado":15,"Odd Mushroom":39,"energizedSpire:DeadBattery":60,"sneckomod:SneckoTalon":109,"keyreminder:keyreminder":0,"REME:ComplimentaryCards":0,"Centennial Puzzle":131,"Shovel":79,"downfall:HeartBlessingBlue":109,"Slimebound:StickyStick":140,"Strawberry":0,"Orrery":185,"Slimebound:AbsorbEndCombat":0,"Art of War":47,"StrikeDummy":147}]},"card_choices":[{"not_picked":["Slimebound:Schlurp","Slimebound:HauntingLick"],"picked":"Slimebound:LeechEnergy","floor":2.0},{"not_picked":["Slimebound:SamplingLick","Slimebound:ComboTackle"],"picked":"Slimebound:LivingWall","floor":3.0},{"not_picked":["Slimebound:FinishingTackle","Slimebound:Schlurp"],"picked":"Slimebound:Gluttony","floor":5.0},{"not_picked":["Slimebound:Overexert","Slimebound:SplitBruiser"],"picked":"Slimebound:SpikyOuterGoop","floor":6.0},{"not_picked":["Slimebound:DouseInSlime","Slimebound:GoopSpray","Slimebound:FinishingTackle"],"picked":"SKIP","floor":8.0},{"not_picked":["Slimebound:HauntingLick","Slimebound:ItLooksTasty"],"picked":"Slimebound:MassFeed","floor":9.0},{"not_picked":["Slimebound:SlimeBarrage","Slimebound:SlimeBrawl"],"picked":"Slimebound:LeechEnergy","floor":10.0},{"not_picked":["Slimebound:HungryTackle","Slimebound:Recollect"],"picked":"Slimebound:Prepare","floor":11.0},{"not_picked":["Slimebound:GoopTackle","Slimebound:SlimeTap","Slimebound:ItLooksTasty"],"picked":"SKIP","floor":14.0},{"not_picked":["Slimebound:ViciousTackle","Slimebound:Nibble","Slimebound:Repurpose"],"picked":"SKIP","floor":15.0},{"not_picked":["Slimebound:SlimeSlap","Slimebound:FirmFortitude"],"picked":"Slimebound:PrepareCrush","floor":16.0},{"not_picked":["Slimebound:SlimeTap","Slimebound:DisruptingSlam","Slimebound:SplitBruiser+1"],"picked":"SKIP","floor":19.0},{"not_picked":["Slimebound:FinishingTackle","Slimebound:SplitAcid","Slimebound:SplitLeeching"],"picked":"SKIP","floor":20.0},{"not_picked":["Magnetism","Secret Weapon"],"picked":"Secret Technique","floor":22.0},{"not_picked":["Slimebound:LivingWall","Slimebound:Gluttony"],"picked":"Slimebound:MassFeed","floor":23.0},{"not_picked":["Slimebound:LeadByExample","Slimebound:FinishingTackle+1","Slimebound:FlameTackle"],"picked":"SKIP","floor":25.0},{"not_picked":["Slimebound:FlameTackle","Slimebound:DisruptingSlam"],"picked":"Slimebound:RejuvenatingLick","floor":26},{"not_picked":["Slimebound:SlimeBarrage","Slimebound:PressTheAttack"],"picked":"Slimebound:Prepare","floor":27},{"not_picked":["Slimebound:FlameTackle+1","Slimebound:OneTwoCombo"],"picked":"Slimebound:LeechingTouch","floor":32},{"not_picked":["Slimebound:OneTwoCombo","Slimebound:RallyTheTroops"],"picked":"Slimebound:PrepareCrush","floor":33},{"not_picked":["Slimebound:GoopTackle+1","Slimebound:ComboTackle+1","Slimebound:SplitMire"],"picked":"SKIP","floor":36},{"not_picked":["Slimebound:GoopTackle+1","Slimebound:ComboTackle+1","Slimebound:SplitMire"],"picked":"SKIP","floor":36},{"not_picked":["Slimebound:ItLooksTasty+1","Slimebound:SplitMire+1"],"picked":"Slimebound:Prepare+1","floor":37},{"not_picked":["Slimebound:SplitMire","Slimebound:Replication","Slimebound:SamplingLick"],"picked":"SKIP","floor":38},{"not_picked":["Slimebound:SplitMire","Slimebound:Replication","Slimebound:SamplingLick"],"picked":"SKIP","floor":38},{"not_picked":["Slimebound:SlimeTap","Slimebound:Recycling"],"picked":"Slimebound:SpikyOuterGoop","floor":39},{"not_picked":["Slimebound:PressTheAttack+1","Slimebound:RollThrough"],"picked":"Slimebound:Dissolve+1","floor":42},{"not_picked":["Slimebound:Gluttony+1","Slimebound:BestDefense+1","Slimebound:SlimeBrawl+1"],"picked":"SKIP","floor":45},{"not_picked":["Slimebound:RainOfGoop+1","Slimebound:LeechingTouch","Slimebound:ProtectTheBoss+1"],"picked":"SKIP","floor":48},{"not_picked":["Slimebound:SplitSpecialist+1","Slimebound:LeechingTouch+1","Slimebound:ItLooksTasty"],"picked":"SKIP","floor":49},{"not_picked":["Slimebound:Repurpose+1","Slimebound:SamplingLick"],"picked":"Slimebound:HauntingLick+1","floor":52},{"not_picked":["Slimebound:FlameTackle","Slimebound:FormOfPuddle"],"picked":"Slimebound:AcidTongue+1","floor":53},{"not_picked":["Slimebound:Prepare","Slimebound:SpikyOuterGoop+1"],"picked":"Slimebound:Recollect+1","floor":53},{"not_picked":["Slimebound:PressTheAttack+1","Slimebound:DivideAndConquer+1"],"picked":"Slimebound:SplitBruiser+1","floor":53},{"not_picked":["Slimebound:Chomp","Slimebound:ItLooksTasty"],"picked":"Slimebound:LivingWall","floor":53},{"not_picked":["Slimebound:RollThrough","Slimebound:DivideAndConquer+1"],"picked":"Slimebound:PressTheAttack+1","floor":53}],"player_experience":550118,"relics_obtained":[{"floor":7.0,"key":"Bottled Tornado"},{"floor":13.0,"key":"Odd Mushroom"},{"floor":14.0,"key":"Art of War"},{"floor":23.0,"key":"Shovel"},{"floor":26,"key":"Omamori"},{"floor":29,"key":"Nilry\u0027s Codex"},{"floor":41,"key":"Centennial Puzzle"},{"floor":42,"key":"Slimebound:StickyStick"},{"floor":45,"key":"Oddly Smooth Stone"},{"floor":47,"key":"StrikeDummy"},{"floor":52,"key":"Pen Nib"}],"event_choices":[{"damage_healed":0.0,"max_hp_gain":0.0,"max_hp_loss":0.0,"gold_gain":0.0,"event_name":"Mushrooms","player_choice":"Fought Mushrooms","floor":13.0,"gold_loss":0.0,"damage_taken":0.0},{"damage_healed":0.0,"max_hp_gain":0.0,"max_hp_loss":0.0,"gold_gain":0.0,"event_name":"betterMatch:BetterMatch","player_choice":"1","floor":22.0,"gold_loss":0.0,"damage_taken":0.0,"cards_obtained":["betterMatch:ColorlessRareCard","betterMatch:CommonCard"]},{"cards_removed":["Slimebound:Teamwork"],"damage_healed":60,"gold_gain":0,"player_choice":"Offered Rare","damage_taken":0,"max_hp_gain":10,"max_hp_loss":0,"event_name":"Bonfire Elementals","floor":31,"gold_loss":0}],"is_beta":false,"boss_relics":[{"not_picked":["SacredBark","Black Star"],"picked":"energizedSpire:DeadBattery"},{"not_picked":["Tiny House","Runic Pyramid"],"picked":"sneckomod:SneckoTalon"}],"items_purged_floors":[25,39],"is_endless":false,"potions_floor_spawned":[5,6,9,11,15,16,19,23,27,32,36,42,45,49],"killed_by":"downfall:NeowBossFinal","ascension_level":1}}