{"host":"jz4ul6vrcxqkcr33","time":1613111379,"event":{"mods":["BaseMod","Minty Spire (QoL Compilation)","StSLib"],"gold_per_floor":[112,112,86,100,113,138,138,167,167,167,195,207,207,239,239,341,341,359,369,382,399,399,399],"floor_reached":22,"language":"ENG","playtime":982,"items_purged":[],"score":258,"play_id":"1d65abe4-8ec6-451d-9d23-5ced3badea56","local_time":"20210212012939","is_ascension_mode":true,"campfire_choices":[{"floor":7.0,"key":"REST"},{"floor":10.0,"key":"REST"},{"floor":15.0,"key":"REST"}],"circlet_count":0,"master_deck":["Strike_G","Strike_G","Strike_G","Strike_G","Defend_G","Defend_G","Defend_G","Defend_G","Defend_G","Survivor","Neutralize+1","Dagger Spray","Underhanded Strike","Prepared","Sucker Punch","Predator","Crippling Poison","Acrobatics","Tactician","Blur","Envenom","Quick Slash+1","Underhanded Strike","Dodge and Roll","Riddle With Holes"],"relics":["Fusion Hammer","Letter Opener","Odd Mushroom","Smiling Mask","Bag of Preparation","Pear","SacredBark"],"acts_visited":["Exordium","TheCity"],"potions_floor_usage":[21,22,22],"damage_taken":[{"damage":0.0,"enemies":"Small Slimes","floor":1.0,"turns":3.0},{"damage":0.0,"enemies":"Cultist","floor":4.0,"turns":4.0},{"damage":0.0,"enemies":"2 Louse","floor":5.0,"turns":3.0},{"damage":32.0,"enemies":"3 Sentries","floor":6.0,"turns":8.0},{"damage":15.0,"enemies":"The Mushroom Lair","floor":8.0,"turns":3.0},{"damage":24.0,"enemies":"Gremlin Nob","floor":11.0,"turns":4.0},{"damage":2.0,"enemies":"Lots of Slimes","floor":12.0,"turns":2.0},{"damage":11.0,"enemies":"3 Sentries","floor":14.0,"turns":6.0},{"damage":24.0,"enemies":"Slime Boss","floor":16.0,"turns":10.0},{"damage":3.0,"enemies":"Shell Parasite","floor":18.0,"turns":6.0},{"damage":22.0,"enemies":"Spheric Guardian","floor":19.0,"turns":5.0},{"damage":25.0,"enemies":"Shelled Parasite and Fungi","floor":20.0,"turns":4.0},{"damage":19,"enemies":"Snake Plant","floor":21,"turns":6},{"damage":10,"enemies":"Centurion and Healer","floor":22,"turns":3}],"seed_played":"1283955645956755626","potions_obtained":[{"floor":12.0,"key":"EssenceOfSteel"},{"floor":14.0,"key":"PowerPotion"},{"floor":16.0,"key":"Swift Potion"},{"floor":19.0,"key":"SteroidPotion"},{"floor":21,"key":"BlessingOfTheForge"}],"is_trial":false,"path_per_floor":["M","?","$","M","M","E","R","?","T","R","E","M","?","E","R","B",null,"M","M","M","M","M"],"character_chosen":"THE_SILENT","items_purchased":["Underhanded Strike"],"campfire_rested":3,"item_purchase_floors":[3],"current_hp_per_floor":[70,70,70,70,70,38,59,44,44,65,41,39,39,38,62,38,70,67,45,20,1,0,0],"gold":399,"neow_bonus":"BOSS_RELIC","is_daily":false,"chose_seed":false,"campfire_upgraded":0,"win_rate":0.0,"timestamp":1613111379,"path_taken":["M","?","?","M","M","E","R","?","T","R","E","M","?","E","R","BOSS","M","M","?","M","M"],"items_purchased_type":["Card"],"build_version":"2020-12-13","purchased_purges":0,"victory":false,"max_hp_per_floor":[70,70,70,70,70,70,70,70,70,70,70,70,70,80,80,80,80,80,80,80,80,80,80],"card_choices":[{"not_picked":["Bane","Tactician"],"picked":"Dagger Spray","floor":1.0},{"not_picked":["Escape Plan","Flechettes"],"picked":"Prepared","floor":4.0},{"not_picked":["Deflect","Dagger Spray"],"picked":"Sucker Punch","floor":5.0},{"not_picked":["Flying Knee","Deflect"],"picked":"Predator","floor":6.0},{"not_picked":["Deadly Poison","Cloak And Dagger"],"picked":"Crippling Poison","floor":8.0},{"not_picked":["Outmaneuver","Quick Slash"],"picked":"Acrobatics","floor":11.0},{"not_picked":["Bane","Sucker Punch"],"picked":"Tactician","floor":12.0},{"not_picked":["Grand Finale","Deadly Poison"],"picked":"Blur","floor":14.0},{"not_picked":["Unload","Malaise"],"picked":"Envenom","floor":16.0},{"not_picked":["Flying Knee","Poisoned Stab"],"picked":"Quick Slash+1","floor":18.0},{"not_picked":["Acrobatics","Bane"],"picked":"Underhanded Strike","floor":19.0},{"not_picked":["Outmaneuver","All Out Attack"],"picked":"Dodge and Roll","floor":20.0},{"not_picked":["Outmaneuver","Acrobatics+1"],"picked":"Riddle With Holes","floor":21}],"player_experience":227976,"relics_obtained":[{"floor":6.0,"key":"Letter Opener"},{"floor":8.0,"key":"Odd Mushroom"},{"floor":9.0,"key":"Smiling Mask"},{"floor":11.0,"key":"Bag of Preparation"},{"floor":14.0,"key":"Pear"}],"event_choices":[{"damage_healed":0.0,"max_hp_gain":0.0,"max_hp_loss":0.0,"gold_gain":0.0,"event_name":"Accursed Blacksmith","player_choice":"Forge","floor":2.0,"gold_loss":0.0,"damage_taken":0.0,"cards_upgraded":["Neutralize"]},{"damage_healed":0.0,"max_hp_gain":0.0,"max_hp_loss":0.0,"gold_gain":0.0,"event_name":"Mushrooms","player_choice":"Fought Mushrooms","floor":8.0,"gold_loss":0.0,"damage_taken":0.0},{"cards_removed":["Strike_G"],"damage_healed":0.0,"max_hp_gain":0.0,"max_hp_loss":0.0,"gold_gain":0.0,"event_name":"Purifier","player_choice":"Purged","floor":13.0,"gold_loss":0.0,"damage_taken":0.0}],"is_beta":false,"boss_relics":[{"not_picked":["Velvet Choker","Cursed Key"],"picked":"SacredBark"}],"items_purged_floors":[],"is_endless":false,"potions_floor_spawned":[12,14,16,19,21],"killed_by":"Centurion and Healer","ascension_level":5}}