{"host":"pqs17sqrgflf4eqa","time":1613101098,"event":{"mods":["AchievementEnabler","BaseMod","Bestiary","Better Altar","Colored Map","Colored Powertips","Emptier Cage","Googly Eyes","Highlight Path","Minty Spire (QoL Compilation)","Quick Restart","StSLib","SuperFastMode","Transform Curses","slay the spire mod where everything is the same but ironclad has a cowboy hat"],"gold_per_floor":[109,126,126,137,35,65,65,140,212,237,187,187,187,23,23,151,151,176,191,191,209,124,124,159,159,159,183,183,214,214,228,228,359,359,374,390,66,84,100,133,133,84,111,111,132,170,193,216,216,216,216],"floor_reached":50,"language":"ENG","playtime":1236,"items_purged":["Defend_P"],"score":813,"play_id":"ae4b48f1-71fa-4527-aee0-027a2f64adf3","local_time":"20210211223818","is_ascension_mode":true,"campfire_choices":[{"data":"Crescendo","floor":7.0,"key":"SMITH"},{"data":"Ragnarok","floor":15.0,"key":"SMITH"},{"data":"Halt","floor":23.0,"key":"SMITH"},{"data":"SashWhip","floor":25.0,"key":"SMITH"},{"data":"Halt","floor":28.0,"key":"SMITH"},{"floor":32.0,"key":"REST"},{"data":"Crescendo","floor":41.0,"key":"SMITH"},{"data":"DevaForm","floor":49,"key":"SMITH"}],"circlet_count":0,"master_deck":["Strike_P","Strike_P","Strike_P","Strike_P","Defend_P","Defend_P","Defend_P","Eruption+1","Vigilance","Devotion","Crescendo+1","Halt+1","SandsOfTime+1","FollowUp","EmptyBody","EmptyFist","Ragnarok+1","SashWhip+1","Halt+1","Prostrate+1","Evaluate","CrushJoints+1","Crescendo+1","Brilliance+1","Protect","FlyingSleeves","Tantrum+1","FollowUp","PathToVictory","FlyingSleeves","Halt+1","DevaForm+1"],"relics":["HolyWater","MealTicket","InkBottle","Ginger","Golden Idol","Yang","Regal Pillow","Matryoshka","Vajra","MutagenicStrength","Cursed Key","PreservedInsect","Strawberry","Nunchaku","Whetstone","Calipers"],"acts_visited":["Exordium","TheCity","TheBeyond"],"potions_floor_usage":[50,50,50],"damage_taken":[{"damage":0.0,"enemies":"Cultist","floor":1.0,"turns":3.0},{"damage":6.0,"enemies":"2 Louse","floor":2.0,"turns":3.0},{"damage":2.0,"enemies":"Jaw Worm","floor":4.0,"turns":4.0},{"damage":22.0,"enemies":"3 Sentries","floor":6.0,"turns":4.0},{"damage":0.0,"enemies":"Gremlin Nob","floor":10.0,"turns":2.0},{"damage":0.0,"enemies":"Slime Boss","floor":16.0,"turns":4.0},{"damage":0.0,"enemies":"Spheric Guardian","floor":18.0,"turns":2.0},{"damage":16.0,"enemies":"3 Byrds","floor":19.0,"turns":5.0},{"damage":0.0,"enemies":"Snake Plant","floor":21.0,"turns":2.0},{"damage":9.0,"enemies":"Book of Stabbing","floor":24.0,"turns":2.0},{"damage":0.0,"enemies":"Chosen and Byrds","floor":27.0,"turns":4.0},{"damage":34.0,"enemies":"Slavers","floor":29.0,"turns":4.0},{"damage":0.0,"enemies":"Centurion and Healer","floor":31.0,"turns":3.0},{"damage":43.0,"enemies":"Collector","floor":33.0,"turns":7.0},{"damage":0.0,"enemies":"3 Darklings","floor":35.0,"turns":1.0},{"damage":8.0,"enemies":"3 Shapes","floor":36.0,"turns":4.0},{"damage":0.0,"enemies":"Transient","floor":38.0,"turns":5.0},{"damage":23.0,"enemies":"Sphere and 2 Shapes","floor":39.0,"turns":4.0},{"damage":0.0,"enemies":"Reptomancer","floor":40.0,"turns":2.0},{"damage":15.0,"enemies":"3 Darklings","floor":45.0,"turns":3.0},{"damage":1.0,"enemies":"Giant Head","floor":46.0,"turns":3.0},{"damage":5,"enemies":"Writhing Mass","floor":47,"turns":4},{"damage":20,"enemies":"Transient","floor":48,"turns":5},{"damage":32,"enemies":"Donu and Deca","floor":50,"turns":3}],"seed_played":"1028283466292195981","potions_obtained":[{"floor":1.0,"key":"Explosive Potion"},{"floor":4.0,"key":"FairyPotion"},{"floor":16.0,"key":"SteroidPotion"},{"floor":18.0,"key":"BlessingOfTheForge"},{"floor":24.0,"key":"EssenceOfSteel"},{"floor":27.0,"key":"AttackPotion"},{"floor":38.0,"key":"SkillPotion"},{"floor":39.0,"key":"Regen Potion"},{"floor":46.0,"key":"CultistPotion"}],"is_trial":false,"path_per_floor":["M","M","?","M","$","E","R","?","T","E","$","?","?","$","R","B",null,"M","M","?","M","?","R","E","R","T","M","R","E","?","M","R","B",null,"M","M","$","M","M","E","R","$","T","?","M","E","M","M","R","B"],"character_chosen":"WATCHER","items_purchased":["FollowUp","FearPotion","Fire Potion","Ragnarok","PreservedInsect","Energy Potion","SkillPotion","Dexterity Potion"],"campfire_rested":1,"item_purchase_floors":[5,5,11,14,37,37,37,42],"current_hp_per_floor":[72,66,66,64,64,42,42,42,42,42,57,57,57,67,67,67,67,67,51,51,51,51,51,42,42,42,42,42,8,8,8,43,20,55,55,47,62,62,39,51,51,66,66,66,51,50,45,25,25,0,0],"gold":216,"neow_bonus":"ONE_RANDOM_RARE_CARD","is_daily":false,"chose_seed":false,"campfire_upgraded":7,"win_rate":0.0,"timestamp":1613101098,"path_taken":["M","M","?","M","$","E","R","?","T","E","$","?","?","$","R","BOSS","M","M","?","M","?","R","E","R","T","?","R","E","?","M","R","BOSS","M","M","$","M","M","E","R","$","T","?","?","E","M","M","R","BOSS"],"items_purchased_type":["Card","Potion","Potion","Card","Relic","Potion","Potion","Potion"],"build_version":"2020-12-22","purchased_purges":1,"victory":false,"max_hp_per_floor":[72,72,72,72,72,72,72,72,72,72,72,67,67,67,67,67,67,67,67,67,67,67,67,67,67,67,67,67,67,67,67,67,67,67,67,67,67,67,67,74,74,74,74,74,74,74,74,74,74,74,74],"card_choices":[{"not_picked":["DeceiveReality","BowlingBash"],"picked":"Crescendo","floor":1.0},{"not_picked":["Sanctity","CrushJoints"],"picked":"Halt","floor":2.0},{"not_picked":["Prostrate","Vengeance"],"picked":"SandsOfTime","floor":4.0},{"not_picked":["Collect","EmptyMind"],"picked":"EmptyBody","floor":6.0},{"not_picked":["ConjureBlade","Wireheading"],"picked":"EmptyFist","floor":10.0},{"not_picked":["ThirdEye","FlurryOfBlows"],"picked":"SashWhip","floor":18.0},{"not_picked":["CrushJoints","Conclude"],"picked":"Halt","floor":19.0},{"not_picked":["Nirvana","Establishment"],"picked":"Prostrate+1","floor":21.0},{"not_picked":["LikeWater+1","PathToVictory"],"picked":"Evaluate","floor":24.0},{"not_picked":["LikeWater","Swivel"],"picked":"CrushJoints+1","floor":27.0},{"not_picked":["Prostrate","Ragnarok"],"picked":"Crescendo","floor":29.0},{"not_picked":["BowlingBash+1","ThirdEye","EmptyFist"],"picked":"SKIP","floor":31.0},{"not_picked":["Scrawl","MasterReality"],"picked":"Brilliance","floor":33.0},{"not_picked":["Nirvana","MentalFortress","Crescendo"],"picked":"SKIP","floor":35.0},{"not_picked":["Prostrate+1","EmptyBody+1"],"picked":"Protect","floor":36.0},{"not_picked":["Nirvana+1","Protect"],"picked":"FlyingSleeves","floor":38.0},{"not_picked":["Prostrate+1","Consecrate+1"],"picked":"Tantrum+1","floor":39.0},{"not_picked":["Worship+1","SashWhip"],"picked":"FollowUp","floor":40.0},{"not_picked":["ThirdEye","EmptyBody+1"],"picked":"FlyingSleeves","floor":45.0},{"not_picked":["Collect","PathToVictory","Weave"],"picked":"SKIP","floor":46.0},{"not_picked":["CutThroughFate+1","SashWhip"],"picked":"Halt+1","floor":47},{"not_picked":["Nirvana+1","Evaluate"],"picked":"DevaForm","floor":48}],"player_experience":167570,"relics_obtained":[{"floor":6.0,"key":"MealTicket"},{"floor":9.0,"key":"InkBottle"},{"floor":10.0,"key":"Ginger"},{"floor":24.0,"key":"Regal Pillow"},{"floor":26.0,"key":"Matryoshka"},{"floor":29.0,"key":"Vajra"},{"floor":40.0,"key":"Strawberry"},{"floor":43.0,"key":"Nunchaku"},{"floor":43.0,"key":"Whetstone"},{"floor":46.0,"key":"Calipers"}],"event_choices":[{"damage_healed":0.0,"max_hp_gain":0.0,"max_hp_loss":0.0,"gold_gain":0.0,"event_name":"Living Wall","player_choice":"Grow","floor":3.0,"gold_loss":0.0,"damage_taken":0.0,"cards_upgraded":["Eruption"]},{"damage_healed":0.0,"max_hp_gain":0.0,"max_hp_loss":0.0,"gold_gain":75.0,"event_name":"Golden Wing","player_choice":"Gained Gold","floor":8.0,"gold_loss":0.0,"damage_taken":0.0},{"damage_healed":0.0,"max_hp_gain":0.0,"max_hp_loss":5.0,"gold_gain":0.0,"event_name":"Golden Idol","player_choice":"Lose Max HP","floor":12.0,"gold_loss":0.0,"damage_taken":0.0,"relics_obtained":["Golden Idol"]},{"damage_healed":0.0,"max_hp_gain":0.0,"max_hp_loss":0.0,"gold_gain":0.0,"event_name":"The Cleric","player_choice":"Leave","floor":13.0,"gold_loss":0.0,"damage_taken":0.0},{"damage_healed":0.0,"max_hp_gain":0.0,"max_hp_loss":0.0,"gold_gain":0.0,"event_name":"Beggar","player_choice":"Ignored","floor":20.0,"gold_loss":0.0,"damage_taken":0.0},{"damage_healed":0.0,"max_hp_gain":0.0,"max_hp_loss":0.0,"gold_gain":0.0,"event_name":"Addict","player_choice":"Obtained Relic","floor":22.0,"gold_loss":85.0,"damage_taken":0.0,"relics_obtained":["Yang"]},{"damage_healed":0.0,"max_hp_gain":0.0,"max_hp_loss":0.0,"gold_gain":0.0,"event_name":"Drug Dealer","player_choice":"Inject Mutagens","floor":30.0,"gold_loss":0.0,"damage_taken":0.0,"relics_obtained":["MutagenicStrength"]},{"damage_healed":0.0,"max_hp_gain":0.0,"max_hp_loss":0.0,"gold_gain":0.0,"cards_transformed":["Regret"],"event_name":"Transmorgrifier","player_choice":"Transformed","floor":44.0,"gold_loss":0.0,"damage_taken":0.0,"cards_obtained":["PathToVictory"]}],"is_beta":false,"boss_relics":[{"not_picked":["Tiny House","Coffee Dripper"],"picked":"HolyWater"},{"not_picked":["Astrolabe","Velvet Choker"],"picked":"Cursed Key"}],"items_purged_floors":[37],"is_endless":false,"potions_floor_spawned":[1,4,16,18,19,24,27,38,39,46,47],"killed_by":"Donu and Deca","ascension_level":5}}