{"host":"36mulxq349byzoa2","time":1613094022,"event":{"mods":["AchievementEnabler","BaseMod","Block Reminder","Colored Map","Colored Powertips","Minty Spire (QoL Compilation)","Rare Cards Sparkle","StSLib","SuperFastMode"],"gold_per_floor":[116,129,129,24,24,56,67,67,67,100,100,134,144,144,144,219,219,198,113,131,144,44,44,44],"floor_reached":23,"language":"ENG","playtime":673,"items_purged":["Strike_B"],"score":445,"play_id":"9b9f8ee6-d7cd-4d00-8575-78ca408fb3de","local_time":"20210211204022","is_ascension_mode":true,"campfire_choices":[{"data":"Discovery","floor":8,"key":"SMITH"},{"floor":15,"key":"REST"}],"circlet_count":0,"master_deck":["AscendersBane","Strike_B","Strike_B","Strike_B","Defend_B","Defend_B","Defend_B","Defend_B","Zap","Dualcast","Melter","Streamline","Discovery+1","Go for the Eyes","Go for the Eyes","Self Repair","Rebound","Echo Form","Leap","Turbo"],"relics":["FrozenCore","NeowsBlessing","Shuriken","Potion Belt","Orichalcum","Du-Vu Doll","Lizard Tail"],"acts_visited":["Exordium","TheCity"],"potions_floor_usage":[10,16,16,23],"damage_taken":[{"damage":0,"enemies":"2 Louse","floor":1,"turns":1},{"damage":0,"enemies":"Cultist","floor":2,"turns":1},{"damage":0,"enemies":"Lagavulin","floor":6,"turns":1},{"damage":11,"enemies":"Small Slimes","floor":7,"turns":3},{"damage":8,"enemies":"Gremlin Nob","floor":10,"turns":3},{"damage":10,"enemies":"Lagavulin","floor":12,"turns":7},{"damage":3,"enemies":"Looter","floor":13,"turns":3},{"damage":53,"enemies":"The Guardian","floor":16,"turns":11},{"damage":14,"enemies":"2 Thieves","floor":18,"turns":4},{"damage":22,"enemies":"Chosen","floor":20,"turns":7},{"damage":36,"enemies":"Centurion and Healer","floor":21,"turns":7},{"damage":79,"enemies":"Slavers","floor":23,"turns":6}],"seed_played":"-647169419318557042","potions_obtained":[{"floor":1,"key":"PotionOfCapacity"},{"floor":6,"key":"LiquidBronze"},{"floor":7,"key":"Fire Potion"},{"floor":10,"key":"Regen Potion"},{"floor":11,"key":"PotionOfCapacity"},{"floor":18,"key":"Block Potion"}],"is_trial":false,"path_per_floor":["M","M","?","$","?","E","M","R","T","E","?","E","M","?","R","B",null,"M","?","M","M","$","E"],"character_chosen":"DEFECT","items_purchased":["Discovery","Turbo"],"campfire_rested":1,"item_purchase_floors":[4,22],"current_hp_per_floor":[64,64,69,69,51,51,40,40,40,32,32,29,33,33,55,23,63,63,63,55,26,26,0,0],"gold":44,"neow_bonus":"THREE_ENEMY_KILL","is_daily":false,"chose_seed":false,"campfire_upgraded":1,"win_rate":0.0,"timestamp":1613094022,"path_taken":["M","M","?","$","?","E","M","R","T","E","?","E","?","?","R","BOSS","M","?","M","M","$","E"],"items_purchased_type":["Card","Card"],"build_version":"2020-12-22","purchased_purges":1,"victory":false,"max_hp_per_floor":[71,71,76,76,76,76,76,76,76,76,76,76,76,76,76,76,76,76,76,76,76,76,76,76],"card_choices":[{"not_picked":["Genetic Algorithm","Redo"],"picked":"Melter","floor":1},{"not_picked":["Conserve Battery","Gash"],"picked":"Streamline","floor":2},{"not_picked":["Hologram","Turbo"],"picked":"Go for the Eyes","floor":6},{"not_picked":["Stack","Barrage"],"picked":"Go for the Eyes","floor":7},{"not_picked":["Steam Power","Streamline"],"picked":"Self Repair","floor":10},{"not_picked":["Chill","Steam"],"picked":"Rebound","floor":12},{"not_picked":["Doom and Gloom","Streamline","Compile Driver"],"picked":"SKIP","floor":13},{"not_picked":["Seek","Buffer"],"picked":"Echo Form","floor":16},{"not_picked":["Stack","Go for the Eyes"],"picked":"Leap","floor":18},{"not_picked":["Barrage","Redo","Capacitor+1"],"picked":"SKIP","floor":20},{"not_picked":["Scrape","Stack","Turbo"],"picked":"SKIP","floor":21}],"player_experience":1042210,"relics_obtained":[{"floor":6,"key":"Potion Belt"},{"floor":10,"key":"Orichalcum"},{"floor":12,"key":"Du-Vu Doll"}],"event_choices":[{"damage_healed":0,"gold_gain":0,"player_choice":"Donut","damage_taken":0,"max_hp_gain":5,"max_hp_loss":0,"event_name":"Big Fish","floor":3,"gold_loss":0},{"damage_healed":0,"gold_gain":0,"player_choice":"Success","damage_taken":18,"relics_obtained":["Shuriken"],"max_hp_gain":0,"max_hp_loss":0,"event_name":"Scrap Ooze","floor":5,"gold_loss":0},{"damage_healed":0,"gold_gain":0,"player_choice":"Got Potions","damage_taken":0,"max_hp_gain":0,"max_hp_loss":0,"event_name":"Lab","floor":11,"gold_loss":0},{"damage_healed":0,"gold_gain":0,"player_choice":"Ignored","damage_taken":0,"max_hp_gain":0,"max_hp_loss":0,"event_name":"Liars Game","floor":14,"gold_loss":0},{"damage_healed":0,"gold_gain":0,"player_choice":"Obtained Relic","damage_taken":0,"relics_obtained":["Lizard Tail"],"max_hp_gain":0,"max_hp_loss":0,"event_name":"Addict","floor":19,"gold_loss":85}],"is_beta":false,"boss_relics":[{"not_picked":["Velvet Choker","SacredBark"],"picked":"FrozenCore"}],"items_purged_floors":[22],"is_endless":false,"potions_floor_spawned":[1,6,7,10,13,18],"killed_by":"Slavers","ascension_level":18}}