{"host":"7skgeiur16rqynog","time":1613153880,"event":{"mods":["AchievementEnabler","BaseMod","Infinite Spire","Minty Spire (QoL Compilation)","Replay The Spire","Shop Mod","StSLib","The Cursed","The Servant 0.9.4"],"gold_per_floor":[112,123,123,123,25,25,43,57,103,117,137,137,149,165,165,269,269,283,18,33,33,33],"floor_reached":21,"language":"ENG","playtime":3298,"items_purged":[],"score":175,"play_id":"3d66547e-aaa1-4eb7-bc28-9e96ad78ee5e","local_time":"20210212181800","is_ascension_mode":false,"campfire_choices":[{"data":"Replay:Undeath\u0027s Touch","floor":6.0,"key":"SMITH"},{"floor":15.0,"key":"REST"}],"circlet_count":0,"master_deck":["Strike_R","Strike_R","Strike_R","Strike_R","Strike_R","Defend_R","Defend_R","Defend_R","Defend_R","Bash","Defend_G","Madness+1","Madness","Sword Boomerang","Armaments","Headbutt","Iron Wave","Brutality+1","Infernal Blade+1","Rupture+1","Flex","Twin Strike","Purity","Body Slam"],"relics":["Burning Blood","FossilizedHelix","Pen Nib","Anchor","Astrolabe","Medical Kit"],"acts_visited":[],"potions_floor_usage":[],"damage_taken":[{"damage":7.0,"enemies":"Jaw Worm","floor":1.0,"turns":4.0},{"damage":0.0,"enemies":"infinitespire:Voidling","floor":2.0,"turns":3.0},{"damage":7.0,"enemies":"2 Louse","floor":7.0,"turns":3.0},{"damage":26.0,"enemies":"Lots of Slimes","floor":8.0,"turns":5.0},{"damage":11.0,"enemies":"3 Louse","floor":10.0,"turns":4.0},{"damage":0.0,"enemies":"Blue Slaver","floor":11.0,"turns":3.0},{"damage":0.0,"enemies":"Large Slime","floor":13.0,"turns":5.0},{"damage":0.0,"enemies":"Looter","floor":14.0,"turns":2.0},{"damage":87.0,"enemies":"The Guardian","floor":16.0,"turns":10.0},{"damage":46.0,"enemies":"Shell Parasite","floor":18.0,"turns":8.0},{"damage":36.0,"enemies":"3 Byrds","floor":20.0,"turns":9.0},{"damage":12,"enemies":"Snake Plant","floor":21,"turns":2}],"seed_played":"-6753651338517348694","potions_obtained":[{"floor":8.0,"key":"ColorlessPotion"},{"floor":10.0,"key":"AttackPotion"},{"floor":16.0,"key":"Weak Potion"},{"floor":18.0,"key":"EssenceOfSteel"}],"is_trial":false,"path_per_floor":["M","M","?","?","$","R","M","M","T","M","M","?","M","M","R","B",null,"M","$","M","M"],"character_chosen":"IRONCLAD","items_purchased":["BloodPotion","Sword Boomerang","Medical Kit","Twin Strike","Purity"],"campfire_rested":1,"item_purchase_floors":[5,5,19,19,19],"current_hp_per_floor":[79,80,80,72,72,72,71,51,51,46,52,52,58,64,80,15,80,40,40,10,0,0],"gold":33,"neow_bonus":"ONE_RARE_RELIC","is_daily":false,"chose_seed":false,"campfire_upgraded":1,"win_rate":0.0,"timestamp":1613153880,"path_taken":["M","M","?","?","$","R","M","M","T","?","M","?","M","M","R","BOSS","M","$","?","M"],"items_purchased_type":["Potion","Card","Relic","Card","Card"],"build_version":"2020-12-22","purchased_purges":0,"victory":false,"max_hp_per_floor":[80,80,80,80,80,80,80,80,80,80,80,80,80,80,80,80,80,80,80,80,80,80],"card_choices":[{"not_picked":["Body Slam","Sword Boomerang"],"picked":"Replay:Undeath\u0027s Touch","floor":1.0},{"not_picked":["Rampage","Shockwave"],"picked":"Massacre","floor":2.0},{"not_picked":["Rage","Headbutt","Shockwave"],"picked":"SKIP","floor":7.0},{"not_picked":["Power Through","Replay:Undeath\u0027s Touch"],"picked":"Heavy Blade","floor":8.0},{"not_picked":["Replay:Undeath\u0027s Touch","True Grit","Armaments"],"picked":"SKIP","floor":10.0},{"not_picked":["Replay:Undeath\u0027s Touch","True Grit"],"picked":"Armaments","floor":10.0},{"not_picked":["Pommel Strike","Shockwave"],"picked":"Carnage","floor":11.0},{"not_picked":["Warcry","Heavy Blade"],"picked":"Headbutt","floor":13.0},{"not_picked":["Offering","Pommel Strike"],"picked":"Iron Wave","floor":14.0},{"not_picked":["Impervious","Demon Form"],"picked":"Feed","floor":16.0},{"not_picked":["Headbutt","Power Through"],"picked":"Flex","floor":18.0},{"not_picked":["Heavy Blade","Flex"],"picked":"Body Slam","floor":20.0}],"player_experience":23325,"relics_obtained":[{"floor":3.0,"key":"Pen Nib"},{"floor":9.0,"key":"Anchor"}],"event_choices":[{"damage_healed":0.0,"max_hp_gain":0.0,"max_hp_loss":0.0,"gold_gain":0.0,"event_name":"Wheel of Change","player_choice":"Damaged","floor":4.0,"gold_loss":0.0,"damage_taken":8.0},{"cards_removed":["Bash"],"damage_healed":0.0,"max_hp_gain":0.0,"max_hp_loss":0.0,"gold_gain":0.0,"event_name":"Bonfire Elementals","player_choice":"Offered Basic","floor":12.0,"gold_loss":0.0,"damage_taken":0.0}],"is_beta":false,"boss_relics":[{"not_picked":["Snecko Eye","Circlet"],"picked":"Astrolabe"}],"items_purged_floors":[],"is_endless":false,"potions_floor_spawned":[8,10,11,16,18],"killed_by":"Snake Plant","ascension_level":0}}