{"host":"rg29p8m4aqjozpzt","time":1613147346,"event":{"mods":["100% Spire Juice","Aspiration","Bartender","BaseMod","Beaked The Cultist","Better Altar","Better Match","Better Sensory Stone","Better Skull","Better Third Choice","BetterRewards","Chen","Colored Powertips","Conspire","Downfall","Friendly Minions","Hermit","Hubris","JesterMod","Magitek Elite","Minty Spire (QoL Compilation)","Permanent Neow","Prisma Mod","QueenMod","Quick Restart","Relic Filter","Reorder Act Four","Shade Mod","StSLib","SuperFastMode","The Alterego","The Marked","The Runesmith","Unceasing Turn Reminder"],"gold_per_floor":[114,3,22,22,197,197,231,249,272,272,290,290,290,290],"floor_reached":13,"language":"ENG","playtime":802,"items_purged":["theMarked:Strike","theMarked:Strike"],"score":91,"play_id":"3562667f-71bf-4950-a07f-3d7bd0de87dd","local_time":"20210212172906","is_ascension_mode":true,"campfire_choices":[{"data":"theMarked:Indomitable","floor":6,"key":"SMITH"},{"data":"theMarked:Improvise","floor":10,"key":"SMITH"},{"data":"theMarked:Overcharge","floor":12,"key":"SMITH"}],"circlet_count":0,"master_deck":["theMarked:Strike","theMarked:Strike","theMarked:Strike","theMarked:Defend","theMarked:Defend","theMarked:Defend","theMarked:Defend","theMarked:SoldierOfQuellstein+1","theMarked:MysticalArsenal","theMarked:Improvise+1","theMarked:OneWithTheBlade","theMarked:Indomitable+1","theMarked:SwordAndMagic","Doubt","theMarked:Aftermath","theMarked:Overcharge+1"],"relics":["theMarked:ArtifactOfAir","Lantern","hubris:CuriousFeather","MealTicket","aspiration:Nostalgia","champ:ChampionCrown","Calipers","Shovel","Angel_Ring"],"acts_visited":["Exordium"],"potions_floor_usage":[13,13],"damage_taken":[{"damage":2,"enemies":"Jaw Worm","floor":1,"turns":3},{"damage":4,"enemies":"conspire:RoseBush","floor":3,"turns":2},{"damage":17,"enemies":"3 Sentries","floor":7,"turns":7},{"damage":1,"enemies":"Small Slimes","floor":8,"turns":3},{"damage":8,"enemies":"Red Slaver","floor":11,"turns":3},{"damage":24,"enemies":"Gremlin Nob","floor":13,"turns":2}],"seed_played":"4395832641356046914","potions_obtained":[{"floor":3,"key":"LiquidBronze"},{"floor":8,"key":"LiquidMemories"}],"is_trial":false,"path_per_floor":["M","$","M","?","?","R","E","M","T","R","M","R","E"],"character_chosen":"THE_DEFAULT","items_purchased":["Lantern","MealTicket","aspiration:Nostalgia","theMarked:MysticalArsenal","theMarked:Improvise","theMarked:OneWithTheBlade","theMarked:Indomitable"],"campfire_rested":0,"item_purchase_floors":[0,0,0,0,0,2,2],"current_hp_per_floor":[26,41,37,37,37,37,20,19,19,19,20,20,0,0],"gold":290,"neow_bonus":"","is_daily":false,"chose_seed":false,"campfire_upgraded":3,"win_rate":0.0,"timestamp":1613147346,"path_taken":["M","$","M","?","?","R","E","M","T","R","M","R","E"],"items_purchased_type":["Relic","Relic","Relic","Card","Card","Card","Card"],"build_version":"2020-12-22","purchased_purges":2,"victory":false,"max_hp_per_floor":[70,70,70,70,70,70,70,70,70,70,70,70,70,70],"card_choices":[{"not_picked":["theMarked:StartUp","theMarked:Reabsorb","theMarked:Generate"],"picked":"SKIP","floor":1},{"not_picked":["theMarked:TwofoldDefense","theMarked:Improvise"],"picked":"theMarked:SwordAndMagic","floor":3},{"not_picked":["theMarked:Electrocute","theMarked:ChainLightning"],"picked":"theMarked:Aftermath","floor":7},{"not_picked":["theMarked:Parkour","theMarked:CreepingChasm"],"picked":"theMarked:Overcharge","floor":8},{"not_picked":["theMarked:Parkour","theMarked:OneWithTheBlade","theMarked:WastefulAttack"],"picked":"SKIP","floor":11}],"player_experience":1541431,"relics_obtained":[{"floor":7,"key":"Shovel"},{"floor":9,"key":"Angel_Ring"}],"event_choices":[{"damage_healed":0,"gold_gain":175,"player_choice":"AGREE","damage_taken":22,"max_hp_gain":0,"max_hp_loss":0,"event_name":"betterThird:BetterSerpent","floor":5,"gold_loss":0}],"is_beta":false,"boss_relics":[],"items_purged_floors":[0,0],"is_endless":false,"potions_floor_spawned":[3,8],"killed_by":"Gremlin Nob","ascension_level":2}}