{"host":"w9njud19qyl0lpz1","time":1613101456,"event":{"mods":["BaseMod","Infinite Spire","Minty Spire (QoL Compilation)","StSLib"],"gold_per_floor":[112,30,30,44,44,44,63,98,144,144,155,187,207,207,207,310,310,324,337,81,95,95,95,112,125,125,458,558,65,65,65,65,166,166,181,194,205,205,223,223,223,223,295,313,327,119,153,173,173,173],"floor_reached":51,"language":"ENG","playtime":6674,"items_purged":["Writhe","Strike_G","Strike_G+1"],"score":784,"play_id":"ae46996c-8e11-4f24-b72a-98874dfb7110","local_time":"20210211224416","is_ascension_mode":false,"campfire_choices":[{"floor":6.0,"key":"REST"},{"data":"infinitespire:Menacing","floor":10.0,"key":"SMITH"},{"data":"Bane","floor":15.0,"key":"SMITH"},{"data":"Dramatic Entrance","floor":23,"key":"SMITH"},{"data":"Discovery","floor":30,"key":"SMITH"},{"data":"Finisher","floor":32,"key":"SMITH"},{"data":"Burst","floor":40,"key":"SMITH"},{"data":"Flying Knee","floor":42,"key":"SMITH"},{"data":"Noxious Fumes","floor":49,"key":"SMITH"}],"circlet_count":0,"master_deck":["Strike_G+1","Strike_G+1","Defend_G+1","Defend_G+1","Defend_G+1","Survivor","Neutralize","Die Die Die","Venomology","Bandage Up+1","Finisher+1","infinitespire:Menacing+1","Flying Knee+1","Blade Dance+1","Bane+1","Burst+1","Backstab","Noxious Fumes","Deadly Poison","Dramatic Entrance+1","Deadly Poison","Predator","infinitespire:Execution","Corpse Explosion","Discovery+1","Acrobatics","Noxious Fumes+1","Deadly Poison+1","PiercingWail"],"relics":["Ring of the Snake","Lantern","Omamori","MealTicket","Busted Crown","CaptainsWheel","Pocketwatch","Old Coin","FossilizedHelix","Mummified Hand","Pantograph","Runic Pyramid","Dead Branch","Kunai","PreservedInsect","Regal Pillow"],"acts_visited":["Exordium","TheCity","TheBeyond"],"potions_floor_usage":[27,27,27,28,33,36,39,44,44,45,50,50],"damage_taken":[{"damage":10.0,"enemies":"Cultist","floor":1.0,"turns":5.0},{"damage":0.0,"enemies":"Small Slimes","floor":4.0,"turns":3.0},{"damage":0.0,"enemies":"2 Louse","floor":7.0,"turns":2.0},{"damage":12.0,"enemies":"Lagavulin","floor":8.0,"turns":6.0},{"damage":3.0,"enemies":"Large Slime","floor":11.0,"turns":6.0},{"damage":0.0,"enemies":"Gremlin Nob","floor":12.0,"turns":3.0},{"damage":0.0,"enemies":"Exordium Wildlife","floor":13.0,"turns":2.0},{"damage":30.0,"enemies":"The Guardian","floor":16.0,"turns":15.0},{"damage":15.0,"enemies":"Spheric Guardian","floor":18.0,"turns":5.0},{"damage":0.0,"enemies":"Chosen","floor":19.0,"turns":5.0},{"damage":23.0,"enemies":"Snake Plant","floor":21.0,"turns":4.0},{"damage":0,"enemies":"Cultist and Chosen","floor":24,"turns":4},{"damage":7,"enemies":"3 Cultists","floor":25,"turns":3},{"damage":4,"enemies":"Nightmare","floor":27,"turns":7},{"damage":13,"enemies":"Colosseum Slavers","floor":28,"turns":3},{"damage":0,"enemies":"Colosseum Nobs","floor":28,"turns":3},{"damage":30,"enemies":"Champ","floor":33,"turns":8},{"damage":0,"enemies":"Orb Walker","floor":35,"turns":3},{"damage":0,"enemies":"3 Shapes","floor":36,"turns":1},{"damage":0,"enemies":"Jaw Worm Horde","floor":37,"turns":3},{"damage":0,"enemies":"Sphere and 2 Shapes","floor":39,"turns":1},{"damage":0,"enemies":"Maw","floor":44,"turns":4},{"damage":0,"enemies":"Transient","floor":45,"turns":5},{"damage":0,"enemies":"Nightmare","floor":47,"turns":7},{"damage":0,"enemies":"Jaw Worm Horde","floor":48,"turns":3},{"damage":78,"enemies":"infinitespire:MassOfShapes","floor":50,"turns":9}],"seed_played":"-4359383104156484746","potions_obtained":[{"floor":1.0,"key":"SteroidPotion"},{"floor":11.0,"key":"LiquidBronze"},{"floor":13.0,"key":"Regen Potion"},{"floor":33,"key":"GamblersBrew"},{"floor":35,"key":"SkillPotion"},{"floor":44,"key":"FairyPotion"}],"is_trial":false,"path_per_floor":["M","$","?","M","?","R","M","E","T","R","M","E","M","?","R","B",null,"M","M","$","M","AVR","R","M","M","T","NM","?","$","R","?","R","B",null,"M","M","M","AVR","M","R","?","R","T","M","M","$","NM","M","R","B",null],"character_chosen":"THE_SILENT","items_purchased":["Bandage Up","Noxious Fumes","Deadly Poison","Dramatic Entrance","Pantograph","Corpse Explosion","Discovery","PreservedInsect","PiercingWail"],"campfire_rested":1,"item_purchase_floors":[2,20,20,20,29,29,29,46,46],"current_hp_per_floor":[60,60,60,64,47,68,68,60,60,60,61,65,69,55,55,31,70,60,66,70,65,65,65,70,63,63,65,64,70,70,70,70,40,70,70,70,70,70,70,70,70,70,70,70,70,70,70,70,70,18],"gold":173,"neow_bonus":"TRANSFORM_TWO_CARDS","is_daily":false,"chose_seed":false,"campfire_upgraded":8,"win_rate":0.0,"timestamp":1613101456,"path_taken":["M","$","?","M","?","R","M","E","T","R","M","E","M","?","R","BOSS","M","M","$","M","AVR","R","M","M","T","NM","?","$","R","?","R","BOSS","M","M","M","AVR","M","R","?","R","T","?","M","$","NM","M","R","BOSS"],"items_purchased_type":["Card","Card","Card","Card","Relic","Card","Card","Relic","Card"],"build_version":"2020-12-22","purchased_purges":3,"victory":true,"max_hp_per_floor":[70,70,70,70,70,70,70,70,70,70,70,70,70,70,70,70,70,70,70,70,70,70,70,70,70,70,70,70,70,70,70,70,70,70,70,70,70,70,70,70,70,70,70,70,70,70,70,70,70,70],"card_choices":[{"not_picked":["Footwork","Skewer","Prepared"],"picked":"SKIP","floor":1.0},{"not_picked":["Cloak And Dagger","Deadly Poison"],"picked":"Finisher","floor":4.0},{"not_picked":["infinitespire:Gouge","infinitespire:NeuralNetwork"],"picked":"infinitespire:Menacing","floor":5.0},{"not_picked":["Sucker Punch","Quick Slash"],"picked":"Flying Knee","floor":7.0},{"not_picked":["Dagger Spray","Flechettes","Expertise"],"picked":"SKIP","floor":8.0},{"not_picked":["Storm of Steel","Underhanded Strike"],"picked":"Blade Dance","floor":11.0},{"not_picked":["Flechettes","Backflip","Doppelganger"],"picked":"SKIP","floor":12.0},{"not_picked":["Infinite Blades","Riddle With Holes"],"picked":"Bane","floor":13.0},{"not_picked":["After Image","Die Die Die"],"picked":"Burst","floor":16.0},{"not_picked":["Outmaneuver"],"picked":"SKIP","floor":18.0},{"not_picked":[],"picked":"Backstab","floor":19.0},{"not_picked":[],"picked":"Deadly Poison","floor":21.0},{"not_picked":["Cloak And Dagger"],"picked":"SKIP","floor":24},{"not_picked":[],"picked":"Predator","floor":25},{"not_picked":["infinitespire:Gouge","infinitespire:Punishment"],"picked":"infinitespire:Execution","floor":27},{"not_picked":["Quick Slash"],"picked":"SKIP","floor":27},{"not_picked":["Dodge and Roll"],"picked":"SKIP","floor":35},{"not_picked":["Skewer"],"picked":"SKIP","floor":36},{"not_picked":["Bane"],"picked":"SKIP","floor":37},{"not_picked":["Backflip"],"picked":"SKIP","floor":39},{"not_picked":[],"picked":"Noxious Fumes","floor":44},{"not_picked":[],"picked":"Deadly Poison+1","floor":45},{"not_picked":["Bane"],"picked":"SKIP","floor":47},{"not_picked":["Cloak And Dagger"],"picked":"SKIP","floor":48}],"player_experience":2470151,"relics_obtained":[{"floor":8.0,"key":"Lantern"},{"floor":9.0,"key":"Omamori"},{"floor":12.0,"key":"MealTicket"},{"floor":26,"key":"Pocketwatch"},{"floor":27,"key":"Old Coin"},{"floor":28,"key":"FossilizedHelix"},{"floor":28,"key":"Mummified Hand"},{"floor":43,"key":"Kunai"},{"floor":47,"key":"Regal Pillow"}],"event_choices":[{"damage_healed":0.0,"max_hp_gain":0.0,"max_hp_loss":0.0,"gold_gain":0.0,"event_name":"Shining Light","player_choice":"Entered Light","floor":14.0,"gold_loss":0.0,"damage_taken":14.0,"cards_upgraded":["Bandage Up","Blade Dance"]},{"damage_healed":0,"gold_gain":0,"player_choice":"Fight","damage_taken":0,"max_hp_gain":0,"max_hp_loss":0,"event_name":"Colosseum","floor":28,"gold_loss":0},{"damage_healed":0,"gold_gain":0,"player_choice":"Fought Nobs","damage_taken":0,"max_hp_gain":0,"max_hp_loss":0,"event_name":"Colosseum","floor":28,"gold_loss":0},{"damage_healed":0,"gold_gain":0,"player_choice":"Simplicity","damage_taken":0,"max_hp_gain":0,"max_hp_loss":0,"event_name":"Back to Basics","floor":31,"gold_loss":0,"cards_upgraded":["Strike_G","Strike_G","Strike_G","Defend_G","Defend_G","Defend_G","Defend_G"]},{"damage_healed":0,"gold_gain":0,"cards_transformed":["Defend_G"],"player_choice":"Transformed","damage_taken":0,"max_hp_gain":0,"max_hp_loss":0,"event_name":"Transmorgrifier","floor":41,"gold_loss":0,"cards_obtained":["Acrobatics"]}],"is_beta":false,"boss_relics":[{"not_picked":["Snecko Eye","SlaversCollar"],"picked":"Busted Crown"},{"not_picked":["Cursed Key","Black Star"],"picked":"Runic Pyramid"}],"items_purged_floors":[20,22,38],"is_endless":false,"potions_floor_spawned":[1,11,12,13,18,19,24,28,33,35,37,39,44,47],"ascension_level":0}}