{"host":"f2zkc2gsfwbibc34","time":1613134174,"event":{"mods":["AchievementEnabler","BaseMod","Better Note","Colored Map","Colored Powertips","Defuse TimeMaze Blight","Minty Spire (QoL Compilation)","Permanent Neow","StSLib","SuperFastMode","The Marked"],"gold_per_floor":[109,127,9203,9163,9178,9178,8527,8527,8552,8569,8569,8580,8595,7635,7635,7736,7736,7749,7034,7051,6325,6338,6372,6391,6391,6473,6473,6490,6509,6509,6509],"floor_reached":30,"language":"ENG","playtime":958,"items_purged":["theMarked:Defend","theMarked:UnarmedFury","theMarked:ComboAttacks+1"],"score":244,"play_id":"a6835b4c-6e9a-433b-b1fa-185b410f5e7c","local_time":"20210212134934","is_ascension_mode":false,"campfire_choices":[{"data":"theMarked:ChannelForce","floor":6,"key":"SMITH"},{"data":"theMarked:SoldierOfQuellstein","floor":8,"key":"SMITH"},{"data":"theMarked:ComboAttacks","floor":11,"key":"SMITH"},{"data":"theMarked:AttractMetal","floor":15,"key":"SMITH"},{"data":"theMarked:ParalyzingBlade","floor":25,"key":"SMITH"},{"data":"Mayhem","floor":27,"key":"SMITH"}],"circlet_count":0,"master_deck":["theMarked:Strike","theMarked:Strike","theMarked:Strike","theMarked:Strike","theMarked:Strike","theMarked:Defend","theMarked:Defend","theMarked:Defend","theMarked:SoldierOfQuellstein+1","theMarked:ChannelForce+1","theMarked:ChainLightning+1","theMarked:SwordAndMagic+1","theMarked:ChainLightning+1","theMarked:ElectricStrings+1","theMarked:StartUp+1","theMarked:Levitate","theMarked:AttractMetal+1","theMarked:BanishingStrike+1","theMarked:OneWithTheBlade","Mayhem","theMarked:HeightenedSenses","Thinking Ahead","Mayhem+1","theMarked:RogueSparks","theMarked:ParalyzingBlade+1","theMarked:BanishingStrike+1","theMarked:WardOff+1"],"relics":["theMarked:ArtifactOfAir","Molten Egg 2","White Beast Statue","Cauldron","Lee\u0027s Waffle","Vajra","Toy Ornithopter","Bag of Preparation","Question Card","Darkstone Periapt","Chemical X","Sozu","Singing Bowl","Blood Vial","Frozen Eye","Regal Pillow","InkBottle","DollysMirror","Anchor","Mummified Hand"],"acts_visited":["Exordium","TheCity"],"potions_floor_usage":[],"damage_taken":[{"damage":0,"enemies":"Small Slimes","floor":1,"turns":2},{"damage":0,"enemies":"Cultist","floor":2,"turns":3},{"damage":1,"enemies":"Jaw Worm","floor":5,"turns":2},{"damage":0,"enemies":"2 Fungi Beasts","floor":10,"turns":2},{"damage":0,"enemies":"Lots of Slimes","floor":12,"turns":1},{"damage":7,"enemies":"Blue Slaver","floor":13,"turns":2},{"damage":36,"enemies":"Hexaghost","floor":16,"turns":8},{"damage":2,"enemies":"Shell Parasite","floor":18,"turns":2},{"damage":0,"enemies":"Chosen","floor":20,"turns":3},{"damage":21,"enemies":"Shelled Parasite and Fungi","floor":22,"turns":4},{"damage":13,"enemies":"Book of Stabbing","floor":23,"turns":5},{"damage":8,"enemies":"Snecko","floor":24,"turns":3},{"damage":17,"enemies":"Centurion and Healer","floor":28,"turns":5},{"damage":15,"enemies":"Shelled Parasite and Fungi","floor":29,"turns":4},{"damage":23,"enemies":"Cultist and Chosen","floor":30,"turns":4}],"seed_played":"-3366365823930738615","potions_obtained":[{"floor":2,"key":"LiquidBronze"},{"floor":3,"key":"theMarked:HoverShot"},{"floor":3,"key":"Energy Potion"}],"is_trial":false,"path_per_floor":["M","M","$","?","M","R","$","R","T","M","R","M","M","$","R","B",null,"M","$","M","$","M","E","M","R","T","R","M","M","M"],"character_chosen":"THE_DEFAULT","items_purchased":["theMarked:ComboAttacks","Molten Egg 2","White Beast Statue","Cauldron","theMarked:ChainLightning+1","Lee\u0027s Waffle","Vajra","Toy Ornithopter","theMarked:ChainLightning+1","theMarked:ElectricStrings+1","Question Card","Darkstone Periapt","Chemical X","theMarked:BanishingStrike+1","theMarked:OneWithTheBlade","Mayhem","Singing Bowl","Blood Vial","Frozen Eye","Thinking Ahead","Regal Pillow","InkBottle","DollysMirror","theMarked:RogueSparks"],"campfire_rested":0,"item_purchase_floors":[3,3,3,3,3,7,7,7,7,7,14,14,14,14,14,14,19,19,19,19,21,21,21,21],"current_hp_per_floor":[70,70,70,70,69,69,77,77,77,77,77,77,70,70,70,34,77,75,75,79,79,58,49,45,45,45,45,30,17,0,0],"gold":6509,"neow_bonus":"ONE_RANDOM_RARE_CARD","is_daily":false,"chose_seed":false,"campfire_upgraded":6,"win_rate":0.0,"timestamp":1613134174,"path_taken":["M","M","$","?","M","R","$","R","T","M","R","M","M","$","R","BOSS","M","$","M","$","M","E","M","R","T","R","M","?","M"],"items_purchased_type":["Card","Relic","Relic","Relic","Card","Relic","Relic","Relic","Card","Card","Relic","Relic","Relic","Card","Card","Card","Relic","Relic","Relic","Card","Relic","Relic","Relic","Card"],"build_version":"2020-12-22","purchased_purges":3,"victory":false,"max_hp_per_floor":[70,70,70,70,70,70,77,77,77,77,77,77,77,77,77,77,77,77,77,79,79,79,81,83,83,83,83,83,83,83,83],"card_choices":[{"not_picked":["theMarked:WastefulAttack","theMarked:ResourceFulStrike","theMarked:MuscleMemory"],"picked":"SKIP","floor":1},{"not_picked":["theMarked:Memento","theMarked:RepellingDischarge"],"picked":"theMarked:ChannelForce","floor":2},{"not_picked":["theMarked:Polarize","theMarked:Parry"],"picked":"theMarked:SwordAndMagic+1","floor":5},{"not_picked":["theMarked:RepellingDischarge","theMarked:Improvise"],"picked":"theMarked:StartUp+1","floor":10},{"not_picked":["theMarked:Opportunist","theMarked:ResourceFulStrike+1"],"picked":"theMarked:Levitate","floor":12},{"not_picked":["theMarked:Static","theMarked:Panic"],"picked":"theMarked:AttractMetal","floor":13},{"not_picked":["theMarked:Polarize+1","theMarked:SwordAndMagic+1","theMarked:GodGivenPower+1"],"picked":"theMarked:HeightenedSenses","floor":18},{"not_picked":["theMarked:Electrocute+1","theMarked:BanishingStrike+1","theMarked:Parkour+1","theMarked:SwordAndMagic+1"],"picked":"Singing Bowl","floor":20},{"not_picked":["theMarked:ChainLightning+1","theMarked:RepellingDischarge","theMarked:Parkour+1"],"picked":"theMarked:ParalyzingBlade","floor":22},{"not_picked":["theMarked:Opportunist","theMarked:RepellingDischarge","theMarked:WardOff","theMarked:DispelDoubt+1"],"picked":"Singing Bowl","floor":23},{"not_picked":["theMarked:Improvise+1","theMarked:ElectricStrings+1","theMarked:WardOff","theMarked:Parry"],"picked":"Singing Bowl","floor":24},{"not_picked":["theMarked:Memento","theMarked:Pokerface","theMarked:ResourceFulStrike+1"],"picked":"theMarked:BanishingStrike+1","floor":28},{"not_picked":["theMarked:SwordAndMagic+1","theMarked:Seal","theMarked:Memento"],"picked":"theMarked:WardOff+1","floor":29}],"player_experience":92044,"relics_obtained":[{"floor":9,"key":"Bag of Preparation"},{"floor":23,"key":"Anchor"},{"floor":26,"key":"Mummified Hand"}],"event_choices":[{"damage_healed":0,"gold_gain":0,"player_choice":"Bought 3 Potions","damage_taken":0,"max_hp_gain":0,"max_hp_loss":0,"event_name":"The Woman in Blue","floor":4,"gold_loss":0}],"is_beta":false,"boss_relics":[{"not_picked":["Empty Cage","theMarked:SpiritSword"],"picked":"Sozu"}],"items_purged_floors":[3,7,21],"is_endless":false,"potions_floor_spawned":[2,5,10,12,13,16,18,20,22,23,24,28,29],"killed_by":"Cultist and Chosen","ascension_level":0}}