{"host":"BK","time":1613155332,"event":{"mods":["BaseMod","Highlight Path","Minty Spire (QoL Compilation)","StSLib"],"gold_per_floor":[117,130,146,146,160,160,204,47,47,47,47],"floor_reached":10,"language":"ENG","playtime":513,"items_purged":[],"score":136,"play_id":"0a4ac221-5286-492e-869f-6913015139f3","local_time":"20210212114212","is_ascension_mode":true,"campfire_choices":[{"data":"Pommel Strike","floor":6,"key":"SMITH"}],"circlet_count":0,"master_deck":["AscendersBane","Strike_R","Strike_R","Strike_R","Strike_R","Strike_R","Defend_R","Defend_R","Defend_R","Defend_R","Bash","Clothesline","Shockwave","Pommel Strike+1","Inflame","Spot Weakness"],"relics":["Sozu","Golden Idol","Smiling Mask","Orrery"],"acts_visited":["Exordium"],"potions_floor_usage":[],"damage_taken":[{"damage":0,"enemies":"Cultist","floor":1,"turns":4},{"damage":3,"enemies":"2 Louse","floor":2,"turns":3},{"damage":9,"enemies":"Jaw Worm","floor":3,"turns":3},{"damage":6,"enemies":"3 Louse","floor":5,"turns":3},{"damage":22,"enemies":"Gremlin Nob","floor":7,"turns":4},{"damage":25,"enemies":"3 Sentries","floor":10,"turns":6}],"seed_played":"-96643880659934062","potions_obtained":[],"is_trial":false,"path_per_floor":["M","M","M","?","M","R","E","$","T","E"],"character_chosen":"IRONCLAD","items_purchased":["Orrery"],"campfire_rested":0,"item_purchase_floors":[8],"current_hp_per_floor":[68,65,56,56,50,50,28,28,28,3,3],"gold":47,"neow_bonus":"BOSS_RELIC","is_daily":false,"chose_seed":false,"campfire_upgraded":1,"win_rate":0.0,"timestamp":1613155332,"path_taken":["M","?","M","?","M","R","E","$","T","E"],"items_purchased_type":["Relic"],"build_version":"2020-12-18","purchased_purges":0,"victory":false,"max_hp_per_floor":[75,75,75,68,68,68,68,68,68,68,68],"card_choices":[{"not_picked":["Cleave","Iron Wave"],"picked":"Clothesline","floor":1},{"not_picked":["True Grit","Ghostly Armor"],"picked":"Shockwave","floor":2},{"not_picked":["Wild Strike","Sword Boomerang","True Grit"],"picked":"SKIP","floor":3},{"not_picked":["Evolve","Warcry"],"picked":"Pommel Strike","floor":5},{"not_picked":["Havoc","Fire Breathing","Demon Form"],"picked":"SKIP","floor":7},{"not_picked":["Hemokinesis","Pommel Strike"],"picked":"Inflame","floor":8},{"not_picked":["Juggernaut","Thunderclap"],"picked":"Spot Weakness","floor":8}],"player_experience":2564658,"relics_obtained":[{"floor":7,"key":"Smiling Mask"}],"event_choices":[{"damage_healed":0,"gold_gain":0,"player_choice":"Lose Max HP","damage_taken":0,"relics_obtained":["Golden Idol"],"max_hp_gain":0,"max_hp_loss":7,"event_name":"Golden Idol","floor":4,"gold_loss":0}],"is_beta":true,"boss_relics":[],"items_purged_floors":[],"is_endless":false,"potions_floor_spawned":[2,5,7],"killed_by":"3 Sentries","ascension_level":20}}