{"host":"ypphcgdomtfqpc2w","time":1613123647,"event":{"mods":["BaseMod","DeckTracker","MarisaÅiñ∂âJÅ@ñÇóùçπÅj","Minty Spire (QoL Compilation)","Relic Stats","StSLib"],"gold_per_floor":[116,116,116,16,27,59,93,161,161,211,211,236,236,78,78,179,179,219,241,279,51,51,51,133,88,115,194,194,278,381,465,465,735,735,844,972,972,1065,1065,1316,1356,1368,1380,89,366,443,577,622,622,1340,1550,1550,1550,48,212,250],"floor_reached":57,"language":"ENG","playtime":6973,"items_purged":["Defend_MRS","StarlightTyphoon"],"score":3354,"play_id":"cd27a718-8792-480d-9cb4-2b252543cf82","local_time":"20210212185407","is_ascension_mode":true,"campfire_choices":[{"data":"AsteroidBelt","floor":11,"key":"SMITH"},{"data":"GalacticHalo","floor":13,"key":"SMITH"},{"data":"MilkyWay","floor":15,"key":"SMITH"},{"data":"MillisecondPulsars","floor":23,"key":"SMITH"},{"data":"Acceleration","floor":28,"key":"SMITH"},{"data":"EarthLightRay","floor":32,"key":"SMITH"},{"data":"SprinkleStarSeal","floor":42,"key":"SMITH"},{"floor":49,"key":"RECALL"},{"data":"PulseMagic","floor":53,"key":"SMITH"}],"circlet_count":0,"master_deck":["AscendersBane","UpSweep","MilkyWay+1","GalacticHalo+1","Robbery","GasGiant+1","AsteroidBelt+1","GrandCross","6A","MilkyWay+1","MillisecondPulsars+1","TreasureHunter","EarthLightRay+1","MaximisePower","6A","WitchLeyline","SuperNova+1","SprinkleStarSeal+1","OneTimeOff+1","MeteoricShower","OrrerysSun","WitchOfGreed","PulseMagic+1","Acceleration+1","Robbery","UltimateShortwave+1","Orbital+1","WitchLeyline","Acceleration+1","MilkyWay+1","BigCrunch+1","GrandCross","Blind+1","Panacea+1","PanicButton+1","ManaConvection+1","Orbital+1","GravityBeat","DeepEcoloBomb","SatelliteIllusion","AsteroidBelt+1","Parasite","Parasite","EventHorizon"],"relics":["MiniHakkero","NeowsBlessing","Dream Catcher","MealTicket","Mercury Hourglass","Toy Ornithopter","Pandora\u0027s Box","The Courier","Toxic Egg 2","Pantograph","InkBottle","SlaversCollar","MawBank","White Beast Statue","Anchor","PreservedInsect","Frozen Eye","Shuriken","Prayer Wheel","Centennial Puzzle","HornCleat","Pen Nib","Ancient Tea Set","Akabeko","Ornamental Fan","War Paint","Vajra","Cauldron","Kunai","Bag of Marbles","Strawberry","Du-Vu Doll","Mummified Hand","Boot","AmplifyWand","ShroomBag"],"acts_visited":["Exordium","TheCity","TheBeyond","TheEnding"],"potions_floor_usage":[8,10,10,16,18,20,24,24,29,30,31,36,38,40,46,47,50,55,56],"damage_taken":[{"damage":0,"enemies":"Cultist","floor":1,"turns":1},{"damage":0,"enemies":"Small Slimes","floor":5,"turns":1},{"damage":0,"enemies":"Lagavulin","floor":6,"turns":3},{"damage":0,"enemies":"Jaw Worm","floor":7,"turns":3},{"damage":0,"enemies":"Gremlin Gang","floor":8,"turns":11},{"damage":1,"enemies":"Gremlin Nob","floor":10,"turns":3},{"damage":5,"enemies":"Lagavulin","floor":12,"turns":8},{"damage":52,"enemies":"Slime Boss","floor":16,"turns":13},{"damage":3,"enemies":"Spheric Guardian","floor":18,"turns":6},{"damage":9,"enemies":"3 Byrds","floor":19,"turns":6},{"damage":19,"enemies":"Snake Plant","floor":20,"turns":4},{"damage":0,"enemies":"Gremlin Leader","floor":24,"turns":6},{"damage":14,"enemies":"Centurion and Healer","floor":27,"turns":6},{"damage":9,"enemies":"Snecko","floor":29,"turns":8},{"damage":6,"enemies":"3 Cultists","floor":30,"turns":4},{"damage":46,"enemies":"Book of Stabbing","floor":31,"turns":7},{"damage":23,"enemies":"Champ","floor":33,"turns":9},{"damage":14,"enemies":"3 Darklings","floor":35,"turns":3},{"damage":10,"enemies":"3 Shapes","floor":36,"turns":5},{"damage":6,"enemies":"Sphere and 2 Shapes","floor":38,"turns":8},{"damage":0,"enemies":"Giant Head","floor":40,"turns":4},{"damage":0,"enemies":"Writhing Mass","floor":41,"turns":4},{"damage":0,"enemies":"Spire Growth","floor":45,"turns":7},{"damage":0,"enemies":"Reptomancer","floor":46,"turns":3},{"damage":0,"enemies":"Sphere and 2 Shapes","floor":47,"turns":7},{"damage":9,"enemies":"Nemesis","floor":48,"turns":5},{"damage":22,"enemies":"Time Eater","floor":50,"turns":6},{"damage":0,"enemies":"Awakened One","floor":51,"turns":7},{"damage":2,"enemies":"Shield and Spear","floor":55,"turns":6},{"damage":0,"enemies":"The Heart","floor":56,"turns":5}],"seed_played":"-4246838920264532223","potions_obtained":[{"floor":1,"key":"DuplicationPotion"},{"floor":7,"key":"Block Potion"},{"floor":8,"key":"ColorlessPotion"},{"floor":12,"key":"SmokeBomb"},{"floor":16,"key":"SkillPotion"},{"floor":18,"key":"Dexterity Potion"},{"floor":20,"key":"AttackPotion"},{"floor":24,"key":"Block Potion"},{"floor":29,"key":"Energy Potion"},{"floor":30,"key":"BlessingOfTheForge"},{"floor":31,"key":"Weak Potion"},{"floor":33,"key":"Swift Potion"},{"floor":36,"key":"PowerPotion"},{"floor":38,"key":"FairyPotion"},{"floor":40,"key":"Strength Potion"},{"floor":41,"key":"SkillPotion"},{"floor":41,"key":"Fire Potion"},{"floor":46,"key":"PowerPotion"},{"floor":46,"key":"SkillPotion"},{"floor":47,"key":"ShroomBrew"},{"floor":47,"key":"Dexterity Potion"},{"floor":48,"key":"DuplicationPotion"},{"floor":48,"key":"DuplicationPotion"},{"floor":54,"key":"LiquidMemories"},{"floor":55,"key":"SpeedPotion"}],"is_trial":false,"path_per_floor":["M","?","?","$","M","E","M","M","T","E","R","E","R","$","R","B",null,"M","M","M","$","?","R","E","$","T","M","R","M","M","E","R","B",null,"M","M","?","M","?","E","M","R","T","$","M","E","M","E","R","B","B",null,"R","$","E","B",null],"character_chosen":"MARISA","items_purchased":["GalacticHalo","MilkyWay","Fruit Juice","WitchOfGreed","PulseMagic","Acceleration","DistilledChaos","Fire Potion","Anchor","PreservedInsect","Frozen Eye","Shuriken","Prayer Wheel","Centennial Puzzle","HornCleat","Pen Nib","War Paint","Vajra","Cauldron","Kunai","Bag of Marbles","Strawberry","Du-Vu Doll","Mummified Hand","Boot"],"campfire_rested":0,"item_purchase_floors":[4,14,14,21,21,21,21,25,44,44,44,44,44,44,44,44,54,54,54,54,54,54,54,54,54],"current_hp_per_floor":[63,42,42,42,42,42,42,42,42,41,41,36,36,51,51,9,59,65,60,50,65,65,65,75,75,75,65,65,69,72,37,37,51,69,55,62,52,63,63,74,75,75,75,75,75,75,75,66,66,75,75,75,75,82,82,82],"gold":250,"neow_bonus":"THREE_ENEMY_KILL","is_daily":false,"chose_seed":false,"campfire_upgraded":8,"win_rate":0.0,"timestamp":1613123647,"path_taken":["M","?","?","$","M","E","M","M","T","E","R","E","R","$","R","BOSS","M","M","M","$","?","R","E","?","T","M","R","M","M","E","R","BOSS","M","M","?","M","?","E","M","R","T","$","M","E","?","E","R","BOSS","BOSS","R","$","E","BOSS"],"items_purchased_type":["Card","Card","Potion","Card","Card","Card","Potion","Potion","Relic","Relic","Relic","Relic","Relic","Relic","Relic","Relic","Relic","Relic","Relic","Relic","Relic","Relic","Relic","Relic","Relic"],"build_version":"2020-12-22","purchased_purges":2,"victory":true,"max_hp_per_floor":[70,70,70,70,70,70,70,70,70,70,70,70,70,70,70,75,75,75,75,75,75,75,75,75,75,75,75,75,75,75,75,75,75,75,75,75,75,75,75,75,75,75,75,75,75,75,75,75,75,75,75,75,75,82,82,82],"relic_stats":{"counters":[30,168],"PreservedInsect":190,"Pen Nib":[9],"War Paint":["OneTimeOff","GasGiant"],"MawBank":48,"Boot":[0],"Mercury Hourglass":[523],"Dream Catcher":0,"Centennial Puzzle":[9],"Shuriken":[21],"Ornamental Fan":[64],"Mummified Hand":[14],"Pantograph":34,"MealTicket":30,"Pandora\u0027s Box":["TreasureHunter","EarthLightRay","MaximisePower","6A","WitchLeyline","SuperNova","SprinkleStarSeal"],"Prayer Wheel":2,"Kunai":[7],"obtain_stats":[{"AmplifyWand":55,"Vajra":54,"Ancient Tea Set":46,"Boot":54,"Frozen Eye":44,"Dream Catcher":6,"Centennial Puzzle":44,"HornCleat":44,"Mummified Hand":54,"Pantograph":31,"Strawberry":54,"MealTicket":9,"Prayer Wheel":44,"Kunai":54,"Toxic Egg 2":24,"InkBottle":31,"NeowsBlessing":0,"The Courier":24,"PreservedInsect":44,"Pen Nib":44,"War Paint":54,"MawBank":40,"White Beast Statue":43,"Akabeko":46,"Mercury Hourglass":10,"Du-Vu Doll":54,"SlaversCollar":34,"Cauldron":54,"ShroomBag":55,"Anchor":44,"Shuriken":44,"Ornamental Fan":48,"Pandora\u0027s Box":17,"Bag of Marbles":54,"MiniHakkero":0,"Toy Ornithopter":12},{"AmplifyWand":29,"Vajra":28,"Ancient Tea Set":24,"Boot":28,"Frozen Eye":22,"Dream Catcher":3,"Centennial Puzzle":22,"HornCleat":22,"Mummified Hand":28,"Pantograph":16,"Strawberry":28,"MealTicket":5,"Prayer Wheel":22,"Kunai":28,"Toxic Egg 2":12,"InkBottle":16,"NeowsBlessing":0,"The Courier":12,"PreservedInsect":22,"Pen Nib":22,"War Paint":28,"MawBank":21,"White Beast Statue":22,"Akabeko":24,"Mercury Hourglass":6,"Du-Vu Doll":28,"SlaversCollar":17,"Cauldron":28,"ShroomBag":29,"Anchor":22,"Shuriken":22,"Ornamental Fan":26,"Pandora\u0027s Box":8,"Bag of Marbles":28,"MiniHakkero":0,"Toy Ornithopter":7},{"AmplifyWand":163,"Vajra":157,"Ancient Tea Set":132,"Boot":157,"Frozen Eye":122,"Dream Catcher":5,"Centennial Puzzle":122,"HornCleat":122,"Mummified Hand":157,"Pantograph":89,"Strawberry":157,"MealTicket":19,"Prayer Wheel":122,"Kunai":157,"Toxic Egg 2":64,"InkBottle":89,"NeowsBlessing":0,"The Courier":64,"PreservedInsect":122,"Pen Nib":122,"War Paint":157,"MawBank":118,"White Beast Statue":122,"Akabeko":132,"Mercury Hourglass":22,"Du-Vu Doll":157,"SlaversCollar":98,"Cauldron":157,"ShroomBag":163,"Anchor":122,"Shuriken":122,"Ornamental Fan":144,"Pandora\u0027s Box":43,"Bag of Marbles":157,"MiniHakkero":0,"Toy Ornithopter":30}],"Toy Ornithopter":59,"InkBottle":[62]},"card_choices":[{"not_picked":["IllusionStar","MachineGunSpark"],"picked":"MilkyWay","floor":1},{"not_picked":["6A","MysteriousBeam"],"picked":"Robbery","floor":5},{"not_picked":["MilkyWay","DC"],"picked":"GasGiant","floor":6},{"not_picked":["DoubleSpark","OrrerysSun"],"picked":"AsteroidBelt","floor":7},{"not_picked":["WitchLeyline","Robbery"],"picked":"GrandCross","floor":8},{"not_picked":["GravityBeat","SporeBomb"],"picked":"6A","floor":10},{"not_picked":["DC","StarDustReverie"],"picked":"StarlightTyphoon","floor":12},{"not_picked":["BigCrunch","SatelliteIllusion"],"picked":"MillisecondPulsars","floor":16},{"not_picked":["GalacticHalo+1","MilkyWay"],"picked":"OneTimeOff","floor":18},{"not_picked":["SporeBomb","DC+1"],"picked":"MeteoricShower","floor":19},{"not_picked":["6A","MilkyWay"],"picked":"OrrerysSun","floor":20},{"not_picked":["ShootTheMoon","GrandCross"],"picked":"UltimateShortwave+1","floor":24},{"not_picked":["EnergyRecoil+1","6A"],"picked":"Orbital+1","floor":27},{"not_picked":["LuminesStrike","ChargingUp+1"],"picked":"WitchLeyline","floor":29},{"not_picked":["Robbery","MagicChant+1"],"picked":"Acceleration+1","floor":30},{"not_picked":["UnstableBomb","MillisecondPulsars"],"picked":"MilkyWay+1","floor":31},{"not_picked":["BlazingStar","JA"],"picked":"BigCrunch+1","floor":33},{"not_picked":["IllusionStar+1","MilkyWay+1","6A"],"picked":"SKIP","floor":35},{"not_picked":["NonDirectionalLaser","UnstableBomb"],"picked":"GrandCross","floor":36},{"not_picked":["Flash of Steel","Good Instincts+1"],"picked":"Blind+1","floor":37},{"not_picked":["Madness+1","Panache"],"picked":"Panacea+1","floor":37},{"not_picked":["Panacea+1","Impatience+1"],"picked":"PanicButton+1","floor":37},{"not_picked":["SprinkleStarSeal+1","GravityBeat+1"],"picked":"ManaConvection+1","floor":38},{"not_picked":["DoubleSpark","SprinkleStarSeal+1","StarlightTyphoon+1"],"picked":"SKIP","floor":40},{"not_picked":["PowerUp+1","ManaConvection+1"],"picked":"Orbital+1","floor":41},{"not_picked":["DragonMeteor","WitchLeyline"],"picked":"GravityBeat","floor":45},{"not_picked":["StarBarrage","WitchLeyline+1","OpenUniverse+1"],"picked":"SKIP","floor":45},{"not_picked":["DC","FairyDestructionRay"],"picked":"DeepEcoloBomb","floor":46},{"not_picked":["DC","GalacticHalo+1"],"picked":"SatelliteIllusion","floor":47},{"not_picked":["DC+1","SporeBomb+1","SprinkleStarSeal+1"],"picked":"SKIP","floor":47},{"not_picked":["FinalSpark","ShootingEcho+1"],"picked":"AsteroidBelt+1","floor":48},{"not_picked":["DC","NonDirectionalLaser"],"picked":"EventHorizon","floor":55}],"player_experience":3275823,"relics_obtained":[{"floor":6,"key":"Dream Catcher"},{"floor":9,"key":"MealTicket"},{"floor":10,"key":"Mercury Hourglass"},{"floor":12,"key":"Toy Ornithopter"},{"floor":24,"key":"The Courier"},{"floor":24,"key":"Toxic Egg 2"},{"floor":31,"key":"Pantograph"},{"floor":31,"key":"InkBottle"},{"floor":40,"key":"MawBank"},{"floor":43,"key":"White Beast Statue"},{"floor":46,"key":"Ancient Tea Set"},{"floor":46,"key":"Akabeko"},{"floor":48,"key":"Ornamental Fan"},{"floor":55,"key":"AmplifyWand"},{"floor":55,"key":"ShroomBag"}],"event_choices":[{"damage_healed":0,"gold_gain":0,"player_choice":"Entered Light","damage_taken":21,"max_hp_gain":0,"max_hp_loss":0,"event_name":"Shining Light","floor":2,"gold_loss":0,"cards_upgraded":["Strike_MRS","Strike_MRS"]},{"damage_healed":0,"gold_gain":0,"player_choice":"Grow","damage_taken":0,"max_hp_gain":0,"max_hp_loss":0,"event_name":"Living Wall","floor":3,"gold_loss":0,"cards_upgraded":["MilkyWay"]},{"damage_healed":0,"gold_gain":0,"cards_transformed":["MasterSpark"],"player_choice":"Transformed","damage_taken":0,"max_hp_gain":0,"max_hp_loss":0,"event_name":"Transmorgrifier","floor":22,"gold_loss":0,"cards_obtained":["Robbery"]},{"damage_healed":0,"gold_gain":0,"player_choice":"Memory 3","damage_taken":10,"max_hp_gain":0,"max_hp_loss":0,"event_name":"SensoryStone","floor":37,"gold_loss":0},{"damage_healed":0,"gold_gain":0,"player_choice":"Upgraded","damage_taken":0,"max_hp_gain":0,"max_hp_loss":0,"event_name":"Upgrade Shrine","floor":39,"gold_loss":0,"cards_upgraded":["SuperNova"]}],"is_beta":false,"boss_relics":[{"not_picked":["Cursed Key","Calling Bell"],"picked":"Pandora\u0027s Box"},{"not_picked":["ExperimentalFamiliar","Philosopher\u0027s Stone"],"picked":"SlaversCollar"}],"items_purged_floors":[4,54],"is_endless":false,"potions_floor_spawned":[1,7,8,12,16,18,20,29,36,41,45,46,47,48,55],"ascension_level":20}}