{"host":"lxu17chzujqn8whl","time":1613149528,"event":{"mods":["BaseMod","Minty Spire (QoL Compilation)","Relic Stats","StSLib"],"gold_per_floor":[119,119,135,153,103,130,146,165,165,165,177,177,4,4,4,99,99,111,111,126,126,140,165,178,193,219,230,249,524,540,551,551,646,646,659,7,17,36,46,46,46,46,46,63,83,83,112,1,1,1,1],"floor_reached":50,"language":"ENG","playtime":2219,"items_purged":["Defend_B","Regret"],"score":527,"play_id":"f985d9d5-9b9e-4fdd-a03f-ae82283b10c9","local_time":"20210212090528","is_ascension_mode":false,"campfire_choices":[{"data":"Streamline","floor":10.0,"key":"SMITH"},{"data":"Conserve Battery","floor":12.0,"key":"SMITH"},{"data":"Cold Snap","floor":15.0,"key":"SMITH"},{"data":"Electrodynamics","floor":32.0,"key":"SMITH"},{"data":"Turbo","floor":40.0,"key":"SMITH"},{"data":"Turbo","floor":42.0,"key":"SMITH"},{"floor":49,"key":"REST"}],"circlet_count":0,"master_deck":["Strike_B+1","Strike_B+1","Strike_B+1","Defend_B+1","Defend_B+1","Defend_B+1","Zap+1","Dualcast+1","Cold Snap+1","Conserve Battery+1","Sweeping Beam","Streamline+1","Turbo+1","Creative AI","Coolheaded","Self Repair","Hologram","Ball Lightning+1","Rainbow","Beam Cell+1","Electrodynamics+1","Rainbow","White Noise+1","Master of Strategy","Turbo+1","Aggregate","Melter"],"relics":["Cracked Core","Cables","Lizard Tail","SacredBark","Thread and Needle","Anchor","Black Star","Meat on the Bone","Regal Pillow","Ginger","Pocketwatch"],"acts_visited":["Exordium","TheCity","TheBeyond"],"potions_floor_usage":[47,50,50],"damage_taken":[{"damage":2.0,"enemies":"2 Louse","floor":1.0,"turns":3.0},{"damage":0.0,"enemies":"Cultist","floor":3.0,"turns":3.0},{"damage":0.0,"enemies":"Jaw Worm","floor":4.0,"turns":3.0},{"damage":10.0,"enemies":"Lagavulin","floor":6.0,"turns":7.0},{"damage":2.0,"enemies":"Exordium Thugs","floor":7.0,"turns":4.0},{"damage":0.0,"enemies":"Looter","floor":8.0,"turns":2.0},{"damage":1.0,"enemies":"3 Louse","floor":11.0,"turns":3.0},{"damage":7.0,"enemies":"Slime Boss","floor":16.0,"turns":7.0},{"damage":15.0,"enemies":"2 Thieves","floor":18.0,"turns":3.0},{"damage":10.0,"enemies":"Shell Parasite","floor":20.0,"turns":4.0},{"damage":0.0,"enemies":"Chosen and Byrds","floor":22.0,"turns":4.0},{"damage":31.0,"enemies":"Book of Stabbing","floor":23.0,"turns":7.0},{"damage":6.0,"enemies":"Snecko","floor":24.0,"turns":7.0},{"damage":6.0,"enemies":"Snake Plant","floor":25.0,"turns":4.0},{"damage":8.0,"enemies":"Sentry and Sphere","floor":27.0,"turns":6.0},{"damage":0.0,"enemies":"Centurion and Healer","floor":28.0,"turns":3.0},{"damage":5.0,"enemies":"Cultist and Chosen","floor":30.0,"turns":5.0},{"damage":2.0,"enemies":"Sentry and Sphere","floor":31.0,"turns":6.0},{"damage":47.0,"enemies":"Automaton","floor":33.0,"turns":8.0},{"damage":20.0,"enemies":"3 Darklings","floor":35.0,"turns":5.0},{"damage":0.0,"enemies":"3 Shapes","floor":37.0,"turns":3.0},{"damage":30.0,"enemies":"Spire Growth","floor":38.0,"turns":5.0},{"damage":31.0,"enemies":"Sphere and 2 Shapes","floor":39.0,"turns":4.0},{"damage":0.0,"enemies":"Transient","floor":44.0,"turns":5.0},{"damage":10.0,"enemies":"Jaw Worm Horde","floor":45.0,"turns":2.0},{"damage":32,"enemies":"Nemesis","floor":47,"turns":9},{"damage":38,"enemies":"Awakened One","floor":50,"turns":5}],"seed_played":"1267546832777284561","potions_obtained":[{"floor":1.0,"key":"LiquidMemories"},{"floor":7.0,"key":"AttackPotion"},{"floor":16.0,"key":"Explosive Potion"},{"floor":18.0,"key":"Swift Potion"},{"floor":21.0,"key":"Fruit Juice"},{"floor":21.0,"key":"LiquidMemories"},{"floor":23.0,"key":"PowerPotion"},{"floor":27.0,"key":"DistilledChaos"},{"floor":30.0,"key":"DistilledChaos"},{"floor":31.0,"key":"EssenceOfDarkness"},{"floor":37.0,"key":"SpeedPotion"},{"floor":39.0,"key":"GamblersBrew"},{"floor":47,"key":"ColorlessPotion"}],"is_trial":false,"path_per_floor":["M","?","M","M","?","E","M","M","T","R","M","R","$","?","R","B",null,"M","?","M","?","M","E","M","M","T","M","M","?","M","M","R","B",null,"M","$","M","M","M","R","$","R","T","M","M","?","E","$","R","B"],"character_chosen":"DEFECT","items_purchased":["EntropicBrew","Regen Potion","Master of Strategy","Meat on the Bone","Hologram","Melter","PotionOfCapacity"],"campfire_rested":1,"item_purchase_floors":[13,36,36,36,36,48,48],"current_hp_per_floor":[80,80,80,80,80,70,68,68,68,68,67,67,67,67,67,60,82,67,67,57,67,67,43,44,52,52,58,65,65,67,72,72,25,92,79,79,79,49,37,37,37,37,37,84,81,86,61,61,92,54,54],"gold":1,"neow_bonus":"TEN_PERCENT_HP_BONUS","is_daily":false,"chose_seed":false,"campfire_upgraded":6,"win_rate":0.0,"timestamp":1613149528,"path_taken":["M","?","M","?","?","E","M","M","T","R","M","R","?","?","R","BOSS","M","?","M","?","M","E","M","?","T","M","M","?","?","M","R","BOSS","M","$","M","M","M","R","$","R","T","M","M","?","E","?","R","BOSS"],"items_purchased_type":["Potion","Potion","Card","Relic","Card","Card","Potion"],"build_version":"2020-12-22","purchased_purges":2,"victory":false,"max_hp_per_floor":[82,82,82,82,82,82,82,82,82,82,82,82,82,82,82,82,82,82,82,82,92,92,92,92,92,92,92,92,92,92,92,92,92,92,92,92,92,92,92,92,92,92,92,92,92,92,92,92,92,92,92],"relic_stats":{"Lizard Tail":0,"Regal Pillow":4,"counters":[27,126],"Black Star":1,"Ginger":[0],"obtain_stats":[{"Lizard Tail":9,"Anchor":26,"Regal Pillow":43,"SacredBark":17,"Thread and Needle":23,"Black Star":34,"Ginger":47,"Cracked Core":0,"Cables":6,"Meat on the Bone":36,"Pocketwatch":47},{"Lizard Tail":6,"Anchor":14,"Regal Pillow":23,"SacredBark":8,"Thread and Needle":12,"Black Star":19,"Ginger":26,"Cracked Core":0,"Cables":4,"Meat on the Bone":20,"Pocketwatch":26},{"Lizard Tail":22,"Anchor":61,"Regal Pillow":105,"SacredBark":32,"Thread and Needle":50,"Black Star":89,"Ginger":121,"Cracked Core":0,"Cables":16,"Meat on the Bone":94,"Pocketwatch":121}],"Cables":[88,64,18,6,0],"Meat on the Bone":12,"Pocketwatch":[3]},"card_choices":[{"not_picked":["Chaos","Steam Power"],"picked":"Cold Snap","floor":1.0},{"not_picked":["Compile Driver","Redo"],"picked":"Conserve Battery","floor":3.0},{"not_picked":["Rebound","Undo"],"picked":"Sweeping Beam","floor":4.0},{"not_picked":["Rebound","Melter"],"picked":"Streamline","floor":6.0},{"not_picked":["Consume","BootSequence","Thunder Strike"],"picked":"SKIP","floor":7.0},{"not_picked":["Sweeping Beam","Leap","Cold Snap"],"picked":"SKIP","floor":8.0},{"not_picked":["Go for the Eyes","Compile Driver"],"picked":"Turbo","floor":11.0},{"not_picked":["Fission","Amplify"],"picked":"Creative AI","floor":16.0},{"not_picked":["Aggregate","Gash"],"picked":"Coolheaded","floor":18.0},{"not_picked":["Force Field","Sweeping Beam","Lockon"],"picked":"SKIP","floor":20.0},{"not_picked":["Gash+1","Lockon"],"picked":"Self Repair","floor":22.0},{"not_picked":["Stack","Heatsinks","Rebound"],"picked":"SKIP","floor":23.0},{"not_picked":["Undo","Consume"],"picked":"Hologram","floor":24.0},{"not_picked":["Undo","Compile Driver"],"picked":"Ball Lightning+1","floor":25.0},{"not_picked":["Cold Snap","Fusion","Leap"],"picked":"SKIP","floor":27.0},{"not_picked":["Redo+1","Compile Driver"],"picked":"Rainbow","floor":28.0},{"not_picked":["Capacitor","Cold Snap"],"picked":"Beam Cell+1","floor":30.0},{"not_picked":["Steam Power","Hologram"],"picked":"Electrodynamics","floor":31.0},{"not_picked":["All For One","Machine Learning"],"picked":"Rainbow","floor":33.0},{"not_picked":["Melter","Gash"],"picked":"White Noise+1","floor":35.0},{"not_picked":["Sunder","Go for the Eyes+1"],"picked":"Turbo","floor":37.0},{"not_picked":["Streamline","Sweeping Beam+1","Ball Lightning+1"],"picked":"SKIP","floor":38.0},{"not_picked":["Stack","Barrage","Go for the Eyes+1"],"picked":"SKIP","floor":39.0},{"not_picked":["Conserve Battery","Ball Lightning"],"picked":"Aggregate","floor":44.0},{"not_picked":["Go for the Eyes+1","Stack","Barrage+1"],"picked":"SKIP","floor":45.0},{"not_picked":["Stack","Barrage+1","Fusion"],"picked":"SKIP","floor":47}],"player_experience":671575,"relics_obtained":[{"floor":6.0,"key":"Cables"},{"floor":9.0,"key":"Lizard Tail"},{"floor":23.0,"key":"Thread and Needle"},{"floor":26.0,"key":"Anchor"},{"floor":43.0,"key":"Regal Pillow"},{"floor":47,"key":"Ginger"},{"floor":47,"key":"Pocketwatch"}],"event_choices":[{"damage_healed":0.0,"max_hp_gain":0.0,"max_hp_loss":0.0,"gold_gain":0.0,"event_name":"Accursed Blacksmith","player_choice":"Forge","floor":2.0,"gold_loss":0.0,"damage_taken":0.0,"cards_upgraded":["Zap"]},{"cards_removed":["Strike_B"],"damage_healed":0.0,"max_hp_gain":0.0,"max_hp_loss":0.0,"gold_gain":0.0,"event_name":"The Cleric","player_choice":"Card Removal","floor":5.0,"gold_loss":50.0,"damage_taken":0.0},{"damage_healed":0.0,"max_hp_gain":0.0,"max_hp_loss":0.0,"gold_gain":0.0,"event_name":"Upgrade Shrine","player_choice":"Upgraded","floor":14.0,"gold_loss":0.0,"damage_taken":0.0,"cards_upgraded":["Dualcast"]},{"damage_healed":0.0,"max_hp_gain":0.0,"max_hp_loss":0.0,"gold_gain":0.0,"event_name":"Back to Basics","player_choice":"Simplicity","floor":19.0,"gold_loss":0.0,"damage_taken":0.0,"cards_upgraded":["Strike_B","Strike_B","Strike_B","Defend_B","Defend_B","Defend_B"]},{"damage_healed":0.0,"max_hp_gain":0.0,"max_hp_loss":0.0,"gold_gain":0.0,"event_name":"Lab","player_choice":"Got Potions","floor":21.0,"gold_loss":0.0,"damage_taken":0.0},{"damage_healed":0.0,"max_hp_gain":0.0,"max_hp_loss":0.0,"gold_gain":275.0,"event_name":"Golden Shrine","player_choice":"Desecrate","floor":29.0,"gold_loss":0.0,"damage_taken":0.0,"cards_obtained":["Regret"]},{"cards_removed":["Hologram"],"damage_healed":5.0,"max_hp_gain":0.0,"max_hp_loss":0.0,"gold_gain":0.0,"event_name":"Bonfire Elementals","player_choice":"Offered Common","floor":46.0,"gold_loss":0.0,"damage_taken":0.0},{"cards_removed":["Hologram"],"damage_healed":5.0,"max_hp_gain":0.0,"max_hp_loss":0.0,"gold_gain":0.0,"event_name":"Bonfire Elementals","player_choice":"Offered Special","floor":46.0,"gold_loss":0.0,"damage_taken":0.0}],"is_beta":false,"boss_relics":[{"not_picked":["Runic Pyramid","Ectoplasm"],"picked":"SacredBark"},{"not_picked":["Coffee Dripper","Snecko Eye"],"picked":"Black Star"}],"items_purged_floors":[13,36],"is_endless":false,"potions_floor_spawned":[1,7,16,18,23,27,30,31,37,39,47],"killed_by":"Awakened One","ascension_level":0}}