{"host":"pqs17sqrgflf4eqa","time":1613101496,"event":{"mods":["AchievementEnabler","BaseMod","Bestiary","Better Altar","Colored Map","Colored Powertips","Emptier Cage","Googly Eyes","Highlight Path","Minty Spire (QoL Compilation)","Quick Restart","StSLib","SuperFastMode","Transform Curses","slay the spire mod where everything is the same but ironclad has a cowboy hat"],"gold_per_floor":[12,23,36,52,52,52,52],"floor_reached":6,"language":"ENG","playtime":118,"items_purged":[],"score":48,"play_id":"1e02ebc8-97c5-4341-b384-ea992f2c59d2","local_time":"20210211224456","is_ascension_mode":true,"campfire_choices":[],"circlet_count":0,"master_deck":["Strike_P","Strike_P","Strike_P","Defend_P","Defend_P","Defend_P","Eruption","Vigilance","Indignation","ConjureBlade","FlyingSleeves","Tantrum","Consecrate","EmptyBody"],"relics":["PureWater","Eternal Feather"],"acts_visited":["Exordium"],"potions_floor_usage":[6,6],"damage_taken":[{"damage":27,"enemies":"Jaw Worm","floor":1,"turns":4},{"damage":24,"enemies":"Small Slimes","floor":2,"turns":2},{"damage":0,"enemies":"2 Louse","floor":3,"turns":1},{"damage":0,"enemies":"2 Fungi Beasts","floor":4,"turns":1},{"damage":23,"enemies":"3 Sentries","floor":6,"turns":3}],"seed_played":"-3534968964566205710","potions_obtained":[{"floor":2,"key":"ColorlessPotion"},{"floor":3,"key":"PowerPotion"}],"is_trial":false,"path_per_floor":["M","M","M","M","?","E"],"character_chosen":"WATCHER","items_purchased":[],"campfire_rested":0,"item_purchase_floors":[],"current_hp_per_floor":[45,21,21,21,18,0,0],"gold":52,"neow_bonus":"TRANSFORM_TWO_CARDS","is_daily":false,"chose_seed":false,"campfire_upgraded":0,"win_rate":0.0,"timestamp":1613101496,"path_taken":["M","M","M","M","?","E"],"items_purchased_type":[],"build_version":"2020-12-22","purchased_purges":0,"victory":false,"max_hp_per_floor":[72,72,72,72,72,72,72],"card_choices":[{"not_picked":["Evaluate","BowlingBash"],"picked":"FlyingSleeves","floor":1},{"not_picked":["Nirvana","FlyingSleeves"],"picked":"Tantrum","floor":2},{"not_picked":["ThirdEye","Pray"],"picked":"Consecrate","floor":3},{"not_picked":["PathToVictory","FlurryOfBlows"],"picked":"EmptyBody","floor":4}],"player_experience":167570,"relics_obtained":[],"event_choices":[{"damage_healed":0,"gold_gain":0,"player_choice":"Success","damage_taken":3,"relics_obtained":["Eternal Feather"],"max_hp_gain":0,"max_hp_loss":0,"event_name":"Scrap Ooze","floor":5,"gold_loss":0}],"is_beta":false,"boss_relics":[],"items_purged_floors":[],"is_endless":false,"potions_floor_spawned":[2,3],"killed_by":"3 Sentries","ascension_level":5}}