{"host":"rtw1tnr74gozsrw1","time":1613103300,"event":{"mods":["BaseMod","Colored Map","Colored Powertips","Highlight Path","Infinite Spire","Minty Spire (QoL Compilation)","StSLib","The Cursed","The Jungle"],"gold_per_floor":[117,135,152,171,20,20,31,41,41,41,55,55,72,91,91,191,191,210,210],"floor_reached":18,"language":"ENG","playtime":538,"items_purged":["Strike_B"],"score":200,"play_id":"cbda3f85-9535-4d09-a254-9d6835e79636","local_time":"20210212051500","is_ascension_mode":true,"campfire_choices":[{"data":"Defragment","floor":6,"key":"SMITH"},{"data":"Creative AI","floor":12,"key":"SMITH"},{"floor":15,"key":"REST"}],"circlet_count":0,"master_deck":["Strike_B","Strike_B","Defend_B","Defend_B","Defend_B","Defend_B","Zap","Dualcast","Capacitor","Static Discharge","Echo Form","Defragment+1","Self Repair","Ball Lightning","Creative AI+1","Glacier","Machine Learning","Cold Snap+1"],"relics":["Cracked Core","NeowsBlessing","Velvet Choker"],"acts_visited":["Exordium","TheCity"],"potions_floor_usage":[14,14,18],"damage_taken":[{"damage":0,"enemies":"Jaw Worm","floor":1,"turns":1},{"damage":0,"enemies":"2 Louse","floor":2,"turns":1},{"damage":0,"enemies":"Small Slimes","floor":3,"turns":1},{"damage":8,"enemies":"Blue Slaver","floor":4,"turns":3},{"damage":11,"enemies":"2 Fungi Beasts","floor":7,"turns":3},{"damage":19,"enemies":"Large Slime","floor":8,"turns":6},{"damage":9,"enemies":"Blue Slaver","floor":11,"turns":4},{"damage":16,"enemies":"Looter","floor":13,"turns":4},{"damage":0,"enemies":"Large Slime","floor":14,"turns":5},{"damage":27,"enemies":"Hexaghost","floor":16,"turns":11},{"damage":42,"enemies":"2 Thieves","floor":18,"turns":3}],"seed_played":"-4681772457314742104","potions_obtained":[{"floor":2,"key":"Dexterity Potion"},{"floor":3,"key":"BlessingOfTheForge"},{"floor":4,"key":"FearPotion"},{"floor":14,"key":"AttackPotion"},{"floor":16,"key":"Block Potion"},{"floor":18,"key":"Swift Potion"}],"is_trial":false,"path_per_floor":["M","M","M","M","$","R","M","M","T","?","M","R","M","M","R","B",null,"M"],"character_chosen":"DEFECT","items_purchased":["Defragment"],"campfire_rested":1,"item_purchase_floors":[5],"current_hp_per_floor":[75,75,75,67,67,67,56,44,44,37,35,35,26,33,55,35,65,30,30],"gold":210,"neow_bonus":"THREE_ENEMY_KILL","is_daily":false,"chose_seed":false,"campfire_upgraded":2,"win_rate":0.0,"timestamp":1613103300,"path_taken":["M","M","M","M","$","R","M","M","T","?","M","R","M","M","R","BOSS","M"],"items_purchased_type":["Card"],"build_version":"2020-12-22","purchased_purges":1,"victory":false,"max_hp_per_floor":[75,75,75,75,75,75,75,75,75,75,75,75,75,75,75,75,75,75,75],"card_choices":[{"not_picked":["Compile Driver","Leap"],"picked":"Capacitor","floor":1},{"not_picked":["Gash","Go for the Eyes","Stack"],"picked":"SKIP","floor":2},{"not_picked":["Lockon","Beam Cell"],"picked":"Static Discharge","floor":3},{"not_picked":["Sweeping Beam","Steam"],"picked":"Echo Form","floor":4},{"not_picked":["Cold Snap","Ball Lightning"],"picked":"Self Repair","floor":7},{"not_picked":["Auto Shields","Coolheaded"],"picked":"Ball Lightning","floor":8},{"not_picked":["Go for the Eyes","Hologram"],"picked":"Creative AI","floor":11},{"not_picked":["Barrage","Hologram"],"picked":"Glacier","floor":13},{"not_picked":["Steam","Gash","Hologram"],"picked":"SKIP","floor":14},{"not_picked":["Thunder Strike","Fission"],"picked":"Machine Learning","floor":16},{"not_picked":["Hello World","Sweeping Beam+1"],"picked":"Cold Snap+1","floor":18}],"player_experience":148247,"relics_obtained":[],"event_choices":[{"cards_removed":["Strike_B"],"damage_healed":0,"gold_gain":0,"player_choice":"Card Removal","damage_taken":7,"max_hp_gain":0,"max_hp_loss":0,"event_name":"Golden Wing","floor":10,"gold_loss":0}],"is_beta":false,"boss_relics":[{"not_picked":["Astrolabe","Coffee Dripper"],"picked":"Velvet Choker"}],"items_purged_floors":[5],"is_endless":false,"potions_floor_spawned":[2,3,4,14,16,18],"killed_by":"2 Thieves","ascension_level":5}}