{"host":"kg61lsvem4dxoat8","time":1613108891,"event":{"mods":["AchievementEnabler","BaseMod","Better Altar","Better Match","Better Sensory Stone","Better Skull","Block Reminder","Highlight Path","Minty Spire (QoL Compilation)","Quick Restart","Rare Cards Sparkle","Relic Sorter","Relic Stats","StSLib","Synergy Search","slay the spire mod where everything is the same but ironclad has a cowboy hat"],"gold_per_floor":[110,14,14,31,41,76,76,87,87,12,12,12,12,32,32,136,186,197,97,97,115,131,131,131,131,180,180,193,212,223,239,239,239,239],"floor_reached":33,"language":"ENG","playtime":1110,"items_purged":["Strike_R","Strike_R"],"score":424,"play_id":"ebb60c9c-d36d-46db-bcf8-7d69544b6fc7","local_time":"20210212134811","is_ascension_mode":true,"campfire_choices":[{"data":"Feed","floor":7,"key":"SMITH"},{"floor":11,"key":"REST"},{"data":"Seeing Red","floor":13,"key":"SMITH"},{"data":"Shrug It Off","floor":15,"key":"SMITH"},{"floor":23,"key":"REST"},{"data":"Twin Strike","floor":25,"key":"SMITH"},{"floor":32,"key":"REST"}],"circlet_count":0,"master_deck":["AscendersBane","Strike_R","Strike_R+1","Strike_R","Defend_R","Defend_R","Defend_R","Defend_R","Bash","Feed+1","Infernal Blade+1","Shrug It Off+1","Twin Strike+1","Seeing Red+1","Pommel Strike","Battle Trance","True Grit+1","Disarm+1"],"relics":["Burning Blood","Lizard Tail","StrikeDummy","FaceOfCleric","Tiny House","Self Forming Clay","Ancient Tea Set","Mercury Hourglass"],"acts_visited":["Exordium","TheCity"],"potions_floor_usage":[14,16,16,30,30],"damage_taken":[{"damage":11,"enemies":"Cultist","floor":1,"turns":4},{"damage":4,"enemies":"Jaw Worm","floor":4,"turns":3},{"damage":0,"enemies":"2 Louse","floor":5,"turns":1},{"damage":47,"enemies":"3 Sentries","floor":6,"turns":9},{"damage":17,"enemies":"Exordium Thugs","floor":8,"turns":6},{"damage":0,"enemies":"2 Fungi Beasts","floor":14,"turns":1},{"damage":24,"enemies":"Hexaghost","floor":16,"turns":9},{"damage":28,"enemies":"Chosen","floor":18,"turns":7},{"damage":18,"enemies":"3 Byrds","floor":21,"turns":6},{"damage":36,"enemies":"Cultist and Chosen","floor":22,"turns":8},{"damage":40,"enemies":"Sentry and Sphere","floor":28,"turns":6},{"damage":2,"enemies":"Centurion and Healer","floor":29,"turns":5},{"damage":14,"enemies":"Snake Plant","floor":30,"turns":3},{"damage":12,"enemies":"3 Cultists","floor":31,"turns":5},{"damage":46,"enemies":"Champ","floor":33,"turns":7}],"seed_played":"-1199754285960099247","potions_obtained":[{"floor":1,"key":"SkillPotion"},{"floor":6,"key":"DistilledChaos"},{"floor":14,"key":"Swift Potion"},{"floor":17,"key":"SpeedPotion"},{"floor":28,"key":"GamblersBrew"},{"floor":29,"key":"Swift Potion"}],"is_trial":false,"path_per_floor":["M","$","?","M","M","E","R","M","T","$","R","?","R","M","R","B",null,"M","$","?","M","M","R","?","R","T","?","M","M","M","M","R","B"],"character_chosen":"IRONCLAD","items_purchased":["Shrug It Off","Twin Strike"],"campfire_rested":3,"item_purchase_floors":[2,2],"current_hp_per_floor":[49,49,49,54,63,25,25,18,18,18,46,46,46,57,57,40,92,71,71,71,64,39,74,74,74,74,74,41,50,43,42,81,35,35],"gold":239,"neow_bonus":"THREE_RARE_CARDS","is_daily":false,"chose_seed":false,"campfire_upgraded":4,"win_rate":0.0,"timestamp":1613108891,"path_taken":["M","?","?","M","M","E","R","M","T","$","R","?","R","?","R","BOSS","M","$","?","M","M","R","?","R","T","?","M","M","M","M","R","BOSS"],"items_purchased_type":["Card","Card"],"build_version":"2020-12-22","purchased_purges":2,"victory":false,"max_hp_per_floor":[83,83,83,86,89,92,92,96,96,96,96,96,96,101,101,102,107,108,108,108,113,118,118,118,118,118,118,119,124,125,130,130,130,130],"relic_stats":{"Lizard Tail":0,"FaceOfCleric":9,"counters":[15,79],"Self Forming Clay":[42],"obtain_stats":[{"Lizard Tail":6,"Tiny House":17,"FaceOfCleric":12,"Self Forming Clay":24,"StrikeDummy":9,"Ancient Tea Set":26,"Burning Blood":0,"Mercury Hourglass":27},{"Lizard Tail":4,"Tiny House":7,"FaceOfCleric":5,"Self Forming Clay":10,"StrikeDummy":5,"Ancient Tea Set":10,"Burning Blood":0,"Mercury Hourglass":10},{"Lizard Tail":17,"Tiny House":33,"FaceOfCleric":23,"Self Forming Clay":54,"StrikeDummy":23,"Ancient Tea Set":54,"Burning Blood":0,"Mercury Hourglass":54}],"Burning Blood":84,"Mercury Hourglass":[90]},"card_choices":[{"not_picked":["Demon Form","Immolate"],"picked":"Feed","floor":0},{"not_picked":["Feel No Pain","Armaments"],"picked":"Infernal Blade","floor":1},{"not_picked":["Whirlwind","Dropkick"],"picked":"Seeing Red","floor":4},{"not_picked":["Perfected Strike","Body Slam","Blood for Blood"],"picked":"SKIP","floor":5},{"not_picked":["Shrug It Off","Headbutt","Sword Boomerang"],"picked":"SKIP","floor":6},{"not_picked":["Headbutt","Sword Boomerang","Rampage"],"picked":"SKIP","floor":8},{"not_picked":["Second Wind","Dual Wield"],"picked":"Pommel Strike","floor":14},{"not_picked":["Flex","Iron Wave","Pommel Strike"],"picked":"SKIP","floor":18},{"not_picked":["Thunderclap+1","Wild Strike"],"picked":"True Grit+1","floor":21},{"not_picked":["Pommel Strike","Second Wind"],"picked":"Disarm+1","floor":22},{"not_picked":["Power Through+1","Fire Breathing","Headbutt"],"picked":"SKIP","floor":28},{"not_picked":["Intimidate","Pummel","Iron Wave"],"picked":"SKIP","floor":29},{"not_picked":["Thunderclap","Wild Strike","Clash"],"picked":"SKIP","floor":30},{"not_picked":["Headbutt","Pommel Strike+1","Clash"],"picked":"SKIP","floor":31}],"player_experience":1493668,"relics_obtained":[{"floor":6,"key":"Lizard Tail"},{"floor":9,"key":"StrikeDummy"},{"floor":26,"key":"Ancient Tea Set"},{"floor":27,"key":"Mercury Hourglass"}],"event_choices":[{"damage_healed":0,"gold_gain":0,"player_choice":"Grow","damage_taken":0,"max_hp_gain":0,"max_hp_loss":0,"event_name":"Living Wall","floor":3,"gold_loss":0,"cards_upgraded":["Infernal Blade"]},{"damage_healed":0,"gold_gain":0,"player_choice":"Trade","damage_taken":0,"relics_obtained":["FaceOfCleric"],"max_hp_gain":0,"max_hp_loss":0,"event_name":"FaceTrader","floor":12,"gold_loss":0},{"damage_healed":0,"gold_gain":0,"player_choice":"Read","damage_taken":0,"max_hp_gain":0,"max_hp_loss":0,"event_name":"The Library","floor":20,"gold_loss":0,"cards_obtained":["Battle Trance"]},{"damage_healed":0,"gold_gain":0,"player_choice":"Opened","damage_taken":0,"relics_obtained":["Self Forming Clay"],"max_hp_gain":0,"max_hp_loss":0,"event_name":"The Mausoleum","floor":24,"gold_loss":0},{"damage_healed":0,"gold_gain":0,"player_choice":"Relic","damage_taken":0,"max_hp_gain":0,"max_hp_loss":0,"event_name":"Wheel of Change","floor":27,"gold_loss":0}],"is_beta":false,"boss_relics":[{"not_picked":["Snecko Eye","Coffee Dripper"],"picked":"Tiny House"}],"items_purged_floors":[10,19],"is_endless":false,"potions_floor_spawned":[1,6,14,28,29],"killed_by":"Champ","ascension_level":10}}