{"host":"vyjryxuuuxkt43k4","time":1613137829,"event":{"mods":["AchievementEnabler","BaseMod","Colored Map","DeckTracker","Keyboard Shortcuts","Minty Spire (QoL Compilation)","Permanent Neow","Quick Restart","Rare Cards Sparkle","StSLib","SuperFastMode","everything is the same but u backflip on backflip"],"gold_per_floor":[12,65,77,77,77,77,2,12,12,28,28,28,28,46,46,123,123,148,176,226,249,249,249],"floor_reached":22,"language":"KOR","playtime":798,"items_purged":["Strike_G"],"score":552,"play_id":"d12614fb-54cd-4ac7-9fef-ed49abc3a5d2","local_time":"20210212225029","is_ascension_mode":true,"campfire_choices":[{"data":"Crippling Poison","floor":6.0,"key":"SMITH"},{"floor":13.0,"key":"REST"},{"data":"Bouncing Flask","floor":15.0,"key":"SMITH"}],"circlet_count":0,"master_deck":["AscendersBane","Strike_G","Defend_G","Defend_G","Defend_G","Defend_G","Defend_G","Survivor","Neutralize","Crippling Poison+1","Heel Hook","Noxious Fumes","Dagger Spray","Bouncing Flask+1","Burst","CurseOfTheBell","Heel Hook+1","Escape Plan","Die Die Die"],"relics":["Ring of the Snake","Pen Nib","Lizard Tail","Calling Bell","CeramicFish","Frozen Egg 2","StoneCalendar"],"acts_visited":["Exordium","TheCity"],"potions_floor_usage":[21,22],"damage_taken":[{"damage":8.0,"enemies":"Cultist","floor":1.0,"turns":6.0},{"damage":4.0,"enemies":"Jaw Worm","floor":3.0,"turns":5.0},{"damage":1.0,"enemies":"Small Slimes","floor":8.0,"turns":4.0},{"damage":0.0,"enemies":"Blue Slaver","floor":10.0,"turns":6.0},{"damage":2.0,"enemies":"Red Slaver","floor":14.0,"turns":5.0},{"damage":5.0,"enemies":"Hexaghost","floor":16.0,"turns":8.0},{"damage":14.0,"enemies":"Shell Parasite","floor":18.0,"turns":4.0},{"damage":9.0,"enemies":"Chosen","floor":19.0,"turns":4.0},{"damage":22,"enemies":"Snecko","floor":21,"turns":6},{"damage":50,"enemies":"Shelled Parasite and Fungi","floor":22,"turns":4}],"seed_played":"-9048083840657573502","potions_obtained":[{"floor":1.0,"key":"Regen Potion"},{"floor":10.0,"key":"Energy Potion"},{"floor":14.0,"key":"BlessingOfTheForge"},{"floor":18.0,"key":"CunningPotion"},{"floor":21,"key":"AttackPotion"}],"is_trial":false,"path_per_floor":["M","T","M","?","$","R","$","M","T","M","?","$","R","M","R","B",null,"M","M","?","M","M"],"character_chosen":"THE_SILENT","items_purchased":[],"campfire_rested":1,"item_purchase_floors":[],"current_hp_per_floor":[51,51,56,21,21,21,21,20,20,20,13,13,32,30,30,25,56,42,33,27,5,0,0],"gold":249,"neow_bonus":"REMOVE_TWO","is_daily":false,"chose_seed":false,"campfire_upgraded":2,"win_rate":0.0,"timestamp":1613137829,"path_taken":["M","?","?","?","$","R","$","M","T","M","?","?","R","M","R","BOSS","M","M","?","M","?"],"items_purchased_type":[],"build_version":"2020-12-22","purchased_purges":1,"victory":false,"max_hp_per_floor":[66,66,66,66,66,66,66,66,66,66,66,66,66,66,66,66,66,66,66,66,66,66,66],"card_choices":[{"not_picked":["Catalyst","Accuracy"],"picked":"Crippling Poison","floor":1.0},{"not_picked":["Sucker Punch","Outmaneuver"],"picked":"Heel Hook","floor":3.0},{"not_picked":["Deadly Poison","Blade Dance"],"picked":"Noxious Fumes","floor":8.0},{"not_picked":["Deflect","Outmaneuver"],"picked":"Dagger Spray","floor":10.0},{"not_picked":["Dagger Throw","Expertise"],"picked":"Bouncing Flask","floor":14.0},{"not_picked":["Grand Finale","After Image"],"picked":"Burst","floor":16.0},{"not_picked":["Quick Slash+1","Slice+1"],"picked":"Heel Hook+1","floor":18.0},{"not_picked":["Slice","Prepared"],"picked":"Escape Plan","floor":19.0},{"not_picked":["Distraction","Eviscerate"],"picked":"Die Die Die","floor":21}],"player_experience":962825,"relics_obtained":[{"floor":9.0,"key":"Lizard Tail"},{"floor":17.0,"key":"CeramicFish"},{"floor":17.0,"key":"Frozen Egg 2"},{"floor":17.0,"key":"StoneCalendar"}],"event_choices":[{"damage_healed":0.0,"max_hp_gain":0.0,"max_hp_loss":0.0,"gold_gain":0.0,"event_name":"Scrap Ooze","player_choice":"Success","floor":4.0,"gold_loss":0.0,"damage_taken":35.0,"relics_obtained":["Pen Nib"]},{"cards_removed":["Strike_G"],"damage_healed":0.0,"max_hp_gain":0.0,"max_hp_loss":0.0,"gold_gain":0.0,"event_name":"Golden Wing","player_choice":"Card Removal","floor":11.0,"gold_loss":0.0,"damage_taken":7.0},{"damage_healed":0,"gold_gain":50,"player_choice":"Touch","damage_taken":6,"max_hp_gain":0,"max_hp_loss":0,"event_name":"FaceTrader","floor":20,"gold_loss":0}],"is_beta":false,"boss_relics":[{"not_picked":["Busted Crown","Coffee Dripper"],"picked":"Calling Bell"}],"items_purged_floors":[7],"is_endless":false,"potions_floor_spawned":[1,10,14,18,21],"killed_by":"Shelled Parasite and Fungi","ascension_level":20}}