{"host":"q349ucdsdrgdzjwk","time":1613156680,"event":{"mods":["2.2 Compatiblity","A Penny For Your Troubles","AchievementEnabler","BaseMod","Beaked The Cultist","Better Altar","Better Match","Better Note","Better Skull","Better Third Choice","BetterRewards","Displayed Cursed Tome","Downfall","Friendly Minions","Googly Eyes","Gremlin Mod","Hermit","Hubris","Infinite Spire","Marisa????????","Minty Spire (QoL Compilation)","Permanent Neow","Relic Filter Mod","Reliquary","Replay The Spire","Robot Space Explorer","Shop Mod","Spire Arcade","StSLib","The Construct","The Cursed","The Disciple","The Marked","The Necromancer","The Servant 0.9.4","TheVacant","Transform Curses"],"gold_per_floor":[114,114,85,97,107,138,170,170,170,187,213,213,67,67,67,67,67],"floor_reached":16,"language":"ENG","playtime":1122,"items_purged":["Bash","Strike_R"],"score":235,"play_id":"c1d43ebf-158a-4840-8e66-20c59bc6a6ba","local_time":"20210212190440","is_ascension_mode":true,"campfire_choices":[{"floor":8,"key":"DIG"},{"floor":12,"key":"DIG"},{"floor":15,"key":"DIG"}],"circlet_count":0,"master_deck":["Strike_R","Strike_R","Strike_R","Defend_R+1","Defend_R","Defend_R","Defend_R","Armaments","Iron Wave","Ghostly Armor","Shrug It Off+1"],"relics":["Burning Blood","BargainBundle","Akabeko","Snack Pack","Replay:Kaleidoscope","Shovel","Lantern","WingedGreaves","Eternal Feather","betterThird:SlimedRelic","PreservedInsect","King of Hearts","reliquary:Boomerang","Meat on the Bone","Self Forming Clay","Molten Egg 2","War Paint"],"acts_visited":["Exordium"],"potions_floor_usage":[6,7],"damage_taken":[{"damage":0,"enemies":"Small Slimes","floor":1,"turns":3},{"damage":0,"enemies":"2 Louse","floor":4,"turns":2},{"damage":4,"enemies":"Cultist","floor":5,"turns":5},{"damage":40,"enemies":"3 Sentries","floor":6,"turns":9},{"damage":56,"enemies":"Gremlin Nob","floor":7,"turns":6},{"damage":0,"enemies":"Blue Slaver","floor":10,"turns":4},{"damage":20,"enemies":"3 Sentries","floor":11,"turns":8},{"damage":64,"enemies":"Hexaghost","floor":16,"turns":23}],"seed_played":"3408987166826391225","potions_obtained":[{"floor":4,"key":"FairyPotion"},{"floor":5,"key":"Strength Potion"},{"floor":6,"key":"SpeedPotion"}],"is_trial":false,"path_per_floor":["M","?","?","M","M","E","E","R","T","M","E","R","$","?","R","B"],"character_chosen":"IRONCLAD","items_purchased":["BargainBundle","Akabeko","Snack Pack","Shovel","Lantern","Shrug It Off"],"campfire_rested":0,"item_purchase_floors":[0,0,0,0,0,13],"current_hp_per_floor":[80,80,69,75,77,45,50,56,56,64,52,58,58,58,64,0,0],"gold":67,"neow_bonus":"","is_daily":false,"chose_seed":false,"campfire_upgraded":0,"win_rate":0.0,"timestamp":1613156680,"path_taken":["M","?","?","M","M","E","E","R","T","M","E","R","$","?","R","BOSS"],"items_purchased_type":["Relic","Relic","Relic","Relic","Relic","Card"],"build_version":"2020-12-22","purchased_purges":2,"victory":false,"max_hp_per_floor":[80,80,80,80,80,80,80,80,80,80,80,80,80,80,80,80,80],"card_choices":[{"not_picked":["Havoc","Anger","Thunderclap"],"picked":"SKIP","floor":1},{"not_picked":["Abandon","hubris:CleavingFinish"],"picked":"Armaments","floor":4},{"not_picked":["Pommel Strike","ReplayTheSpireMod:Corrosion Curse","Combust"],"picked":"SKIP","floor":5},{"not_picked":["Perfected Strike","hubris:CleavingFinish","Eclipse"],"picked":"SKIP","floor":6},{"not_picked":["ReplayTheSpireMod:Corrosion Curse","Flex"],"picked":"Iron Wave","floor":7},{"not_picked":["Bloodletting","Wild Strike","Sword Boomerang"],"picked":"SKIP","floor":10},{"not_picked":["ReplayTheSpireMod:Muscle Training","Abandon"],"picked":"Ghostly Armor","floor":11}],"player_experience":468088,"relics_obtained":[{"floor":6,"key":"PreservedInsect"},{"floor":7,"key":"King of Hearts"},{"floor":8,"key":"reliquary:Boomerang"},{"floor":9,"key":"Meat on the Bone"},{"floor":11,"key":"Self Forming Clay"},{"floor":12,"key":"Molten Egg 2"},{"floor":15,"key":"War Paint"}],"event_choices":[{"damage_healed":0,"gold_gain":0,"player_choice":"Slimed","damage_taken":11,"max_hp_gain":0,"max_hp_loss":0,"event_name":"betterThird:BetterGoop","floor":3,"gold_loss":29},{"cards_removed":["Strike_R"],"damage_healed":0,"gold_gain":0,"player_choice":"Offered Basic","damage_taken":0,"max_hp_gain":0,"max_hp_loss":0,"event_name":"Bonfire Elementals","floor":14,"gold_loss":0}],"is_beta":false,"boss_relics":[],"items_purged_floors":[0,13],"is_endless":false,"potions_floor_spawned":[4,5,6],"killed_by":"Hexaghost","ascension_level":8}}