{"host":"4lch21uqe3ag08cj","time":1613102565,"event":{"mods":["AchievementEnabler","BaseMod","Block Reminder","Colored Map","Colored Powertips","Minty Spire (QoL Compilation)","Permanent Neow","Relic Stats"],"gold_per_floor":[113,127,141,141,24,24,55,55,82,101,120,120,153,164,164,262,262,281,296,313,313,313],"floor_reached":21,"language":"ENG","playtime":971,"items_purged":[],"score":222,"play_id":"541a6db0-d421-4107-a78b-b5c2dea2e5aa","local_time":"20210212010245","is_ascension_mode":true,"campfire_choices":[{"data":"Consume","floor":6,"key":"SMITH"},{"data":"Defragment","floor":8,"key":"SMITH"},{"floor":12,"key":"REST"},{"data":"Chaos","floor":15,"key":"SMITH"}],"circlet_count":0,"master_deck":["Strike_B","Strike_B+1","Strike_B","Strike_B+1","Defend_B","Defend_B","Defend_B","Defend_B","Zap","Dualcast","FTL","Ball Lightning","Consume+1","Defragment+1","Rip and Tear","Coolheaded","Chaos+1","Reboot","Sweeping Beam","Fission","Self Repair+1","Genetic Algorithm+1","Coolheaded"],"relics":["Cracked Core","PreservedInsect","Ancient Tea Set","Frozen Egg 2","Philosopher\u0027s Stone"],"acts_visited":["Exordium","TheCity"],"potions_floor_usage":[2,10,16,19,19,20,21],"damage_taken":[{"damage":0,"enemies":"2 Louse","floor":1,"turns":2},{"damage":0,"enemies":"Small Slimes","floor":2,"turns":2},{"damage":1,"enemies":"Cultist","floor":3,"turns":3},{"damage":30,"enemies":"Lagavulin","floor":7,"turns":4},{"damage":0,"enemies":"Gremlin Gang","floor":10,"turns":2},{"damage":11,"enemies":"Exordium Thugs","floor":11,"turns":3},{"damage":5,"enemies":"3 Sentries","floor":13,"turns":4},{"damage":8,"enemies":"3 Louse","floor":14,"turns":2},{"damage":18,"enemies":"The Guardian","floor":16,"turns":8},{"damage":0,"enemies":"Chosen","floor":18,"turns":3},{"damage":6,"enemies":"3 Byrds","floor":19,"turns":3},{"damage":35,"enemies":"Snake Plant","floor":20,"turns":4},{"damage":66,"enemies":"Cultist and Chosen","floor":21,"turns":7}],"seed_played":"9162227615685470366","potions_obtained":[{"floor":1,"key":"Explosive Potion"},{"floor":2,"key":"BlessingOfTheForge"},{"floor":13,"key":"SkillPotion"},{"floor":14,"key":"Weak Potion"},{"floor":18,"key":"Fire Potion"},{"floor":19,"key":"Dexterity Potion"}],"is_trial":false,"path_per_floor":["M","M","M","?","$","R","E","R","T","M","M","R","E","M","R","B",null,"M","M","M","M"],"character_chosen":"DEFECT","items_purchased":["Defragment","Explosive Potion"],"campfire_rested":1,"item_purchase_floors":[5,5],"current_hp_per_floor":[75,75,74,59,59,59,29,29,29,29,18,40,35,27,27,9,75,75,69,44,0,0],"gold":313,"neow_bonus":"THREE_CARDS","is_daily":false,"chose_seed":false,"campfire_upgraded":3,"win_rate":0.0,"timestamp":1613102565,"path_taken":["M","M","M","?","$","R","E","R","T","M","M","R","E","M","R","BOSS","M","M","M","M"],"items_purchased_type":["Card","Potion"],"build_version":"2020-12-22","purchased_purges":0,"victory":false,"max_hp_per_floor":[75,75,75,75,75,75,75,75,75,75,75,75,75,75,75,75,75,75,75,75,75,75],"relic_stats":{"counters":[13,47],"PreservedInsect":31,"obtain_stats":[{"Philosopher\u0027s Stone":17,"PreservedInsect":7,"Frozen Egg 2":13,"Cracked Core":0,"Ancient Tea Set":9},{"Philosopher\u0027s Stone":9,"PreservedInsect":4,"Frozen Egg 2":7,"Cracked Core":0,"Ancient Tea Set":4},{"Philosopher\u0027s Stone":30,"PreservedInsect":11,"Frozen Egg 2":20,"Cracked Core":0,"Ancient Tea Set":11}]},"card_choices":[{"not_picked":["Conserve Battery","Redo"],"picked":"FTL","floor":0},{"not_picked":["Stack","Capacitor"],"picked":"Ball Lightning","floor":1},{"not_picked":["FTL","Rebound"],"picked":"Consume","floor":2},{"not_picked":["Go for the Eyes","Stack","Blizzard"],"picked":"SKIP","floor":3},{"not_picked":["Go for the Eyes","Hyperbeam"],"picked":"Rip and Tear","floor":7},{"not_picked":["Steam","Lockon"],"picked":"Coolheaded","floor":10},{"not_picked":["Stack","Recycle"],"picked":"Chaos","floor":11},{"not_picked":["Sunder","Beam Cell"],"picked":"Reboot","floor":13},{"not_picked":["Hello World+1","Reprogram"],"picked":"Sweeping Beam","floor":14},{"not_picked":["Biased Cognition+1","Amplify"],"picked":"Fission","floor":16},{"not_picked":["Barrage+1","Ball Lightning+1"],"picked":"Self Repair+1","floor":18},{"not_picked":["Streamline","Lockon"],"picked":"Genetic Algorithm+1","floor":19},{"not_picked":["Redo","Recycle"],"picked":"Coolheaded","floor":20}],"player_experience":65326,"relics_obtained":[{"floor":7,"key":"PreservedInsect"},{"floor":9,"key":"Ancient Tea Set"},{"floor":13,"key":"Frozen Egg 2"}],"event_choices":[{"damage_healed":0,"gold_gain":0,"player_choice":"Entered Light","damage_taken":15,"max_hp_gain":0,"max_hp_loss":0,"event_name":"Shining Light","floor":4,"gold_loss":0,"cards_upgraded":["Strike_B","Strike_B"]}],"is_beta":false,"boss_relics":[{"not_picked":["Runic Pyramid","Calling Bell"],"picked":"Philosopher\u0027s Stone"}],"items_purged_floors":[],"is_endless":false,"potions_floor_spawned":[1,2,13,14,18,19],"killed_by":"Cultist and Chosen","ascension_level":3}}