{"host":"rq7gz685gkaokql0","time":1613100707,"event":{"mods":["BaseMod","Hubris","Infinite Spire","Minty Spire (QoL Compilation)","Replay The Spire","StSLib"],"gold_per_floor":[110,110,124,135,8,37,55,90,90,118,57,115,115,144,144,222,272,284,284,296,296,296,296],"floor_reached":22,"language":"ENG","playtime":705,"items_purged":[],"score":474,"play_id":"8868ee37-5a37-4d8e-82e3-26424825d855","local_time":"20210211173147","is_ascension_mode":true,"campfire_choices":[{"floor":13,"key":"REST"},{"floor":15,"key":"REST"}],"circlet_count":0,"master_deck":["AscendersBane","Strike_R","Strike_R","Strike_R","Strike_R","Strike_R","Defend_R","Defend_R","Defend_R+1","Defend_R","Bash","Apotheosis","Infernal Blade","ReplayTheSpireMod:Corrosion Curse","Thunderclap","Run Through","Run Through","Shockwave","Flex","ReplayTheSpireMod:Limb From Limb","Iron Wave","Searing Blow","Inflame","Inflame","ReplayTheSpireMod:Limb From Limb","Cleave","ReplayTheSpireMod:Limb From Limb","Demonic Infusion","Ghostly Armor","Seeing Red","hubris:ReadiedAction","infinitespire:SevenWalls"],"relics":["Burning Blood","Replay:Rubber Ducky","hubris:OldNail","infinitespire:Golems Mask","ReplayTheSpireMod:TigerMarble","hubris:CrystalStatue","Dream Catcher","Tiny House","hubris:ChampionShield"],"acts_visited":["Exordium","TheCity"],"potions_floor_usage":[7,10,12,16,18,22],"damage_taken":[{"damage":13,"enemies":"Jaw Worm","floor":1,"turns":4},{"damage":0,"enemies":"Cultist","floor":3,"turns":3},{"damage":3,"enemies":"Small Slimes","floor":4,"turns":4},{"damage":11,"enemies":"Replay:BlueRogue","floor":6,"turns":6},{"damage":8,"enemies":"Exordium Wildlife","floor":7,"turns":3},{"damage":31,"enemies":"Gremlin Nob","floor":8,"turns":4},{"damage":7,"enemies":"Replay:BlueRogue","floor":10,"turns":3},{"damage":30,"enemies":"3 Sentries","floor":12,"turns":5},{"damage":0,"enemies":"Lagavulin","floor":14,"turns":3},{"damage":11,"enemies":"Hexaghost","floor":16,"turns":5},{"damage":25,"enemies":"2 Thieves","floor":18,"turns":4},{"damage":22,"enemies":"Spheric Guardian","floor":20,"turns":5},{"damage":4,"enemies":"3 Cultists","floor":22,"turns":4}],"seed_played":"-6534332248621070271","potions_obtained":[{"floor":4,"key":"Energy Potion"},{"floor":8,"key":"DistilledChaos"},{"floor":10,"key":"PowerPotion"},{"floor":12,"key":"Block Potion"},{"floor":16,"key":"Block Potion"},{"floor":17,"key":"Venom Potion"},{"floor":18,"key":"LifebloodPotion"}],"is_trial":false,"path_per_floor":["M","?","M","M","$","E","M","E","T","E","$","?","R","E","R","B",null,"M","?","M","AVR","M"],"character_chosen":"IRONCLAD","items_purchased":["Run Through","Shockwave","Inflame"],"campfire_rested":2,"item_purchase_floors":[5,5,11],"current_hp_per_floor":[61,61,67,70,70,65,63,38,38,37,37,13,35,41,63,58,76,57,34,18,18,14,14],"gold":296,"neow_bonus":"RANDOM_COLORLESS_2","is_daily":false,"chose_seed":false,"campfire_upgraded":0,"win_rate":0.0,"timestamp":1613100707,"path_taken":["M","?","?","M","$","E","M","E","T","E","?","?","R","E","R","BOSS","M","?","M","AVR","M"],"items_purchased_type":["Card","Card","Card"],"build_version":"2020-12-22","purchased_purges":0,"victory":false,"max_hp_per_floor":[75,75,75,75,75,75,75,75,75,75,75,75,75,75,75,75,80,80,85,85,85,85,85],"card_choices":[{"not_picked":["Panache","Secret Weapon"],"picked":"Apotheosis","floor":0},{"not_picked":["Fire Breathing","ReplayTheSpireMod:Stacked"],"picked":"Infernal Blade","floor":1},{"not_picked":["Sever Soul","Heavy Blade"],"picked":"ReplayTheSpireMod:Corrosion Curse","floor":3},{"not_picked":["hubris:CleavingFinish","Perfected Strike"],"picked":"Thunderclap","floor":4},{"not_picked":["Heavy Blade","ReplayTheSpireMod:LeadingStrike"],"picked":"Flex","floor":6},{"not_picked":["Sword Boomerang","Corruption"],"picked":"ReplayTheSpireMod:Limb From Limb","floor":7},{"not_picked":["Havoc","Battle Trance"],"picked":"Iron Wave","floor":8},{"not_picked":["ReplayReversal","Rampage"],"picked":"Searing Blow","floor":10},{"not_picked":["Heavy Blade","Rupture"],"picked":"ReplayTheSpireMod:Limb From Limb","floor":12},{"not_picked":["Run Through","Sword Boomerang"],"picked":"Cleave","floor":14},{"not_picked":["Shrug It Off","Iron Wave"],"picked":"ReplayTheSpireMod:Limb From Limb","floor":15},{"not_picked":["Feed","Corruption"],"picked":"Demonic Infusion","floor":16},{"not_picked":["Run Through","Abandon"],"picked":"Ghostly Armor","floor":17},{"not_picked":["Headbutt","ReplayTheSpireMod:Strike From Hell"],"picked":"Seeing Red","floor":18},{"not_picked":["Flex","Wild Strike"],"picked":"hubris:ReadiedAction","floor":20}],"player_experience":1280010,"relics_obtained":[{"floor":6,"key":"Replay:Rubber Ducky"},{"floor":8,"key":"hubris:OldNail"},{"floor":9,"key":"infinitespire:Golems Mask"},{"floor":10,"key":"ReplayTheSpireMod:TigerMarble"},{"floor":12,"key":"hubris:CrystalStatue"},{"floor":14,"key":"Dream Catcher"}],"event_choices":[{"cards_removed":["Shame"],"damage_healed":0,"gold_gain":0,"player_choice":"Removed Curses","damage_taken":0,"max_hp_gain":0,"max_hp_loss":0,"event_name":"Fountain of Cleansing","floor":2,"gold_loss":0},{"damage_healed":0,"gold_gain":0,"player_choice":"Searched \u00271\u0027 times","damage_taken":0,"max_hp_gain":0,"max_hp_loss":0,"event_name":"Dead Adventurer","floor":12,"gold_loss":0},{"damage_healed":0,"gold_gain":0,"player_choice":"Shed Blood","damage_taken":28,"max_hp_gain":5,"max_hp_loss":0,"event_name":"Forgotten Altar","floor":19,"gold_loss":0}],"is_beta":false,"boss_relics":[{"not_picked":["ReplayTheSpireMod:DimensionalGlitch","Astrolabe"],"picked":"Tiny House"}],"items_purged_floors":[],"is_endless":false,"potions_floor_spawned":[4,8,10,12,16,18],"killed_by":"3 Cultists","ascension_level":20}}