{"host":"v9duy90nce28uent","time":1613103858,"event":{"mods":["BaseMod","Colored Map","Colored Powertips","Hermit","Highlight Path","Minty Spire (QoL Compilation)","StSLib"],"gold_per_floor":[112,125,136,146,164,164,164],"floor_reached":6,"language":"ENG","playtime":716,"items_purged":[],"score":40,"play_id":"188d7ed8-b484-41f3-b6b4-767c0f7eb7b9","local_time":"20210211232418","is_ascension_mode":false,"campfire_choices":[],"circlet_count":0,"master_deck":["hermit:Strike_Hermit","hermit:Strike_Hermit","hermit:Strike_Hermit","hermit:Strike_Hermit","hermit:Defend_Hermit","hermit:Defend_Hermit","hermit:Defend_Hermit","hermit:Defend_Hermit","hermit:Snapshot","hermit:Covet","hermit:TakeAim","hermit:Dive","hermit:Dive","hermit:TrackingShot"],"relics":["hermit:Momento","NeowsBlessing"],"acts_visited":["Exordium"],"potions_floor_usage":[],"damage_taken":[{"damage":0,"enemies":"Cultist","floor":1,"turns":1},{"damage":0,"enemies":"2 Louse","floor":2,"turns":1},{"damage":0,"enemies":"Jaw Worm","floor":3,"turns":1},{"damage":5,"enemies":"Blue Slaver","floor":4,"turns":5},{"damage":5,"enemies":"2 Fungi Beasts","floor":5,"turns":4},{"damage":73,"enemies":"Gremlin Nob","floor":6,"turns":6}],"seed_played":"-6062385393209880174","potions_obtained":[{"floor":2,"key":"PowerPotion"},{"floor":3,"key":"ColorlessPotion"}],"is_trial":false,"path_per_floor":["M","M","M","M","M","E"],"character_chosen":"HERMIT","items_purchased":[],"campfire_rested":0,"item_purchase_floors":[],"current_hp_per_floor":[75,75,75,70,65,0,0],"gold":164,"neow_bonus":"THREE_ENEMY_KILL","is_daily":false,"chose_seed":false,"campfire_upgraded":0,"win_rate":0.0,"timestamp":1613103858,"path_taken":["M","?","M","M","?","E"],"items_purchased_type":[],"build_version":"2020-12-22","purchased_purges":0,"victory":false,"max_hp_per_floor":[75,75,75,75,75,75,75],"card_choices":[{"not_picked":["hermit:Headshot","hermit:LoneWolf"],"picked":"hermit:TakeAim","floor":1},{"not_picked":["hermit:TrackingShot","hermit:Shortfuse"],"picked":"hermit:Dive","floor":2},{"not_picked":["hermit:DeadMansHand","hermit:Coalescence"],"picked":"hermit:Dive","floor":3},{"not_picked":["hermit:Manifest","hermit:DeadOrAlive","hermit:LowProfile"],"picked":"SKIP","floor":4},{"not_picked":["hermit:SprayPray","hermit:Feint"],"picked":"hermit:TrackingShot","floor":5}],"player_experience":62053,"relics_obtained":[],"event_choices":[],"is_beta":false,"boss_relics":[],"items_purged_floors":[],"is_endless":false,"potions_floor_spawned":[2,3],"killed_by":"Gremlin Nob","ascension_level":0}}