{"host":"prxrhpgaxnj4om9r","time":1613098361,"event":{"mods":["AchievementEnabler","BaseMod","DeckTracker","Keyboard Shortcuts","Minty Spire (QoL Compilation)"],"gold_per_floor":[119,119,194,209,19,45,56,91,91,105,123,142,242,270,270,270,270],"floor_reached":16,"language":"KOR","playtime":752,"items_purged":[],"score":147,"play_id":"0875b6bd-6b65-4bc3-8871-017b9f4ca25d","local_time":"20210212115241","is_ascension_mode":false,"campfire_choices":[{"floor":15,"key":"REST"}],"circlet_count":0,"master_deck":["Strike_G","Strike_G","Strike_G","Strike_G","Strike_G","Defend_G+1","Defend_G","Defend_G","Defend_G","Defend_G","Survivor","Neutralize","Backflip","Tactician","All Out Attack","Blur+1","Slice","Accuracy","Eviscerate","Dagger Spray","Choke","Calculated Gamble"],"relics":["Ring of the Snake","NeowsBlessing","Juzu Bracelet","Happy Flower","Thread and Needle","War Paint"],"acts_visited":["Exordium"],"potions_floor_usage":[8,12,14,16],"damage_taken":[{"damage":0.0,"enemies":"Small Slimes","floor":1.0,"turns":1.0},{"damage":0,"enemies":"Cultist","floor":4,"turns":1},{"damage":0,"enemies":"Gremlin Nob","floor":6,"turns":1},{"damage":0,"enemies":"2 Louse","floor":7,"turns":2},{"damage":25,"enemies":"3 Sentries","floor":8,"turns":14},{"damage":0,"enemies":"Blue Slaver","floor":10,"turns":6},{"damage":0,"enemies":"3 Louse","floor":11,"turns":4},{"damage":1,"enemies":"Red Slaver","floor":12,"turns":4},{"damage":10,"enemies":"Gremlin Nob","floor":14,"turns":3},{"damage":62,"enemies":"Hexaghost","floor":16,"turns":14}],"seed_played":"-9095675922843986957","potions_obtained":[{"floor":4,"key":"SneckoOil"},{"floor":8,"key":"FearPotion"},{"floor":12,"key":"Fruit Juice"},{"floor":14,"key":"SteroidPotion"}],"is_trial":false,"path_per_floor":["M","$","?","M","$","E","M","E","T","M","M","M","?","E","R","B"],"character_chosen":"THE_SILENT","items_purchased":["Juzu Bracelet","All Out Attack"],"campfire_rested":1,"item_purchase_floors":[5,5],"current_hp_per_floor":[70,70,63,63,63,63,63,38,38,38,38,42,42,32,54,0,0],"gold":270,"neow_bonus":"THREE_ENEMY_KILL","is_daily":false,"chose_seed":false,"campfire_upgraded":0,"win_rate":0.0,"timestamp":1613098361,"path_taken":["M","$","?","M","$","E","M","E","T","M","M","M","?","E","R","BOSS"],"items_purchased_type":["Relic","Card"],"build_version":"2020-12-22","purchased_purges":0,"victory":false,"max_hp_per_floor":[70,70,70,70,70,70,70,70,70,70,70,75,75,75,75,75,75],"card_choices":[{"not_picked":["Blade Dance","PiercingWail"],"picked":"Backflip","floor":1},{"not_picked":["Noxious Fumes","Riddle With Holes"],"picked":"Tactician","floor":4},{"not_picked":["Deflect","Outmaneuver"],"picked":"Blur","floor":6},{"not_picked":["Dagger Throw","Sucker Punch"],"picked":"Slice","floor":7},{"not_picked":["Dagger Throw","Deadly Poison"],"picked":"Accuracy","floor":8},{"not_picked":["Dagger Throw","Flechettes"],"picked":"Eviscerate","floor":10},{"not_picked":["Poisoned Stab","Dodge and Roll"],"picked":"Dagger Spray","floor":11},{"not_picked":["Underhanded Strike","Tactician"],"picked":"Choke","floor":12},{"not_picked":["Phantasmal Killer","Noxious Fumes"],"picked":"Calculated Gamble","floor":14}],"player_experience":393422,"relics_obtained":[{"floor":6,"key":"Happy Flower"},{"floor":8,"key":"Thread and Needle"},{"floor":14,"key":"War Paint"}],"event_choices":[{"damage_healed":0,"gold_gain":75,"player_choice":"Touch","damage_taken":7,"max_hp_gain":0,"max_hp_loss":0,"event_name":"FaceTrader","floor":3,"gold_loss":0},{"damage_healed":0,"gold_gain":100,"player_choice":"Pray","damage_taken":0,"max_hp_gain":0,"max_hp_loss":0,"event_name":"Golden Shrine","floor":13,"gold_loss":0}],"is_beta":false,"boss_relics":[],"items_purged_floors":[],"is_endless":false,"potions_floor_spawned":[4,8,12,14],"killed_by":"Hexaghost","ascension_level":0}}