{"host":"rantoq7h0pygex6x","time":1613137528,"event":{"mods":["AchievementEnabler","BaseMod","BetterRewards","Minty Spire (QoL Compilation)"],"gold_per_floor":[119,138,150,169,169,200,200,225,225,225,243,260,278,291,291,363,363,381,395,395,46,46,79,99,99,99],"floor_reached":25,"language":"ENG","playtime":577,"items_purged":[],"score":674,"play_id":"d877941b-cd82-49f4-bb25-121f18101c1a","local_time":"20210212214528","is_ascension_mode":true,"campfire_choices":[{"data":"Sunder","floor":7,"key":"SMITH"},{"data":"Core Surge","floor":10,"key":"SMITH"},{"data":"Defragment","floor":15,"key":"SMITH"}],"circlet_count":0,"master_deck":["AscendersBane","Strike_B+1","Strike_B","Strike_B","Strike_B+1","Defend_B","Defend_B","Defend_B","Defend_B","Zap","Dualcast","Defragment+1","Sunder+1","Cold Snap","Leap","Core Surge+1","Melter+1","Undo","Self Repair","Force Field","Core Surge+1","Cold Snap+1","Writhe","Defragment","Buffer","Ball Lightning+1","Stack"],"relics":["Cracked Core","Whetstone","Molten Egg 2","Bottled Flame","Blue Candle","Sozu","Cables","Bottled Tornado","HornCleat"],"acts_visited":["Exordium","TheCity"],"potions_floor_usage":[6,8,12,12,16],"damage_taken":[{"damage":1.0,"enemies":"Cultist","floor":1.0,"turns":3.0},{"damage":7.0,"enemies":"Jaw Worm","floor":2.0,"turns":2.0},{"damage":0.0,"enemies":"Small Slimes","floor":3.0,"turns":2.0},{"damage":6.0,"enemies":"2 Fungi Beasts","floor":4.0,"turns":3.0},{"damage":8,"enemies":"3 Sentries","floor":6,"turns":6},{"damage":5,"enemies":"Gremlin Nob","floor":8,"turns":3},{"damage":8,"enemies":"Blue Slaver","floor":11,"turns":3},{"damage":0,"enemies":"Exordium Wildlife","floor":12,"turns":4},{"damage":0,"enemies":"3 Louse","floor":13,"turns":2},{"damage":1,"enemies":"Lots of Slimes","floor":14,"turns":4},{"damage":31,"enemies":"Slime Boss","floor":16,"turns":9},{"damage":11,"enemies":"2 Thieves","floor":18,"turns":3},{"damage":0,"enemies":"Chosen","floor":19,"turns":3},{"damage":24,"enemies":"Book of Stabbing","floor":23,"turns":5},{"damage":22,"enemies":"Shelled Parasite and Fungi","floor":24,"turns":4},{"damage":34,"enemies":"Slavers","floor":25,"turns":1}],"seed_played":"-6224176775370585943","potions_obtained":[{"floor":1.0,"key":"Strength Potion"},{"floor":2.0,"key":"Ancient Potion"},{"floor":6,"key":"Strength Potion"},{"floor":11,"key":"Weak Potion"},{"floor":13,"key":"Fire Potion"},{"floor":16,"key":"Dexterity Potion"}],"is_trial":false,"path_per_floor":["M","M","M","M","?","E","R","E","T","R","M","M","M","M","R","B",null,"M","M","?","$","?","E","M","E"],"character_chosen":"DEFECT","items_purchased":["Defragment","Sunder","Whetstone","Bottled Tornado","Defragment"],"campfire_rested":0,"item_purchase_floors":[0,0,0,21,21],"current_hp_per_floor":[55,48,48,42,42,34,34,29,29,29,21,28,35,41,41,17,58,54,54,54,54,54,37,22,0,0],"gold":99,"neow_bonus":"","is_daily":false,"chose_seed":false,"campfire_upgraded":3,"win_rate":0.0,"timestamp":1613137528,"path_taken":["M","?","M","M","?","E","R","E","T","R","M","M","?","?","R","BOSS","M","M","?","$","?","E","M","E"],"items_purchased_type":["Card","Card","Relic","Relic","Card"],"build_version":"2020-12-22","purchased_purges":0,"victory":false,"max_hp_per_floor":[71,71,71,71,71,71,71,71,71,71,71,71,71,71,71,71,71,71,71,71,71,71,71,71,71,71],"card_choices":[{"not_picked":["Heatsinks","Loop"],"picked":"Cold Snap","floor":1.0},{"not_picked":["Genetic Algorithm","Steam"],"picked":"Leap","floor":2.0},{"not_picked":["Reinforced Body","Blizzard","Barrage"],"picked":"SKIP","floor":3.0},{"not_picked":["Streamline","Turbo","Barrage"],"picked":"SKIP","floor":4.0},{"not_picked":["Compile Driver+1","Static Discharge"],"picked":"Melter+1","floor":6},{"not_picked":["Amplify","Leap"],"picked":"Undo","floor":8},{"not_picked":["Hello World","Static Discharge"],"picked":"Self Repair","floor":11},{"not_picked":["Rebound+1","Sweeping Beam+1","Fusion"],"picked":"SKIP","floor":12},{"not_picked":["BootSequence","Reinforced Body"],"picked":"Force Field","floor":13},{"not_picked":["Thunder Strike+1","Aggregate","Compile Driver+1"],"picked":"SKIP","floor":14},{"not_picked":["Seek","Meteor Strike+1"],"picked":"Core Surge+1","floor":16},{"not_picked":["Rebound+1","Steam","Aggregate"],"picked":"SKIP","floor":18},{"not_picked":["FTL+1","Compile Driver+1"],"picked":"Cold Snap+1","floor":19},{"not_picked":["Leap","Compile Driver+1"],"picked":"Ball Lightning+1","floor":23},{"not_picked":["Cold Snap+1","Sweeping Beam+1"],"picked":"Stack","floor":24}],"player_experience":990238,"relics_obtained":[{"floor":6,"key":"Molten Egg 2"},{"floor":8,"key":"Bottled Flame"},{"floor":9,"key":"Blue Candle"},{"floor":23,"key":"HornCleat"}],"event_choices":[{"damage_healed":0.0,"max_hp_gain":0.0,"max_hp_loss":0.0,"gold_gain":0.0,"event_name":"Match and Keep!","player_choice":"1 cards matched","floor":5.0,"gold_loss":0.0,"damage_taken":0.0,"cards_obtained":["Core Surge"]},{"damage_healed":0,"gold_gain":0,"player_choice":"Opened","damage_taken":0,"relics_obtained":["Cables"],"max_hp_gain":0,"max_hp_loss":0,"event_name":"The Mausoleum","floor":20,"gold_loss":0,"cards_obtained":["Writhe"]},{"damage_healed":0,"gold_gain":0,"player_choice":"1 cards matched","damage_taken":0,"max_hp_gain":0,"max_hp_loss":0,"event_name":"Match and Keep!","floor":22,"gold_loss":0,"cards_obtained":["Buffer"]}],"is_beta":false,"boss_relics":[{"not_picked":["Fusion Hammer","FrozenCore"],"picked":"Sozu"}],"items_purged_floors":[],"is_endless":false,"potions_floor_spawned":[1,2,6,11,13,16,18,24],"killed_by":"Slavers","ascension_level":20}}