{"host":"mo324zvkdr1xwprd","time":1613149119,"event":{"mods":["BaseMod","Better Note","BetterRewards","Hermit","Highlight Path","Hubris","Minty Spire (QoL Compilation)","Quick Restart","Rare Cards Sparkle","Shop Mod","StSLib","The Cursed","The Hierophant"],"gold_per_floor":[112,128,147,164,175,175,195,209,209,209,241,241,241,256,256,352,352,368,380,31,47,59,85,102,116,139,165,181,194,194,209,209,304,304,315,363,363,376,13,42,92,121,148,48,82,97,97,97,97,97,97,97,28,54,54],"floor_reached":56,"language":"ENG","playtime":3820,"items_purged":[],"score":2671,"play_id":"50fbe297-0e46-4b40-9b0b-5fbaaea603ee","local_time":"20210212165839","is_ascension_mode":true,"campfire_choices":[{"floor":6.0,"key":"REST"},{"floor":12,"key":"REST"},{"data":"A Thousand Cuts","floor":15,"key":"SMITH"},{"floor":32,"key":"RECALL"},{"floor":49,"key":"REST"},{"floor":52,"key":"REST"}],"circlet_count":0,"master_deck":["AscendersBane","Strike_G","Strike_G","Strike_G","Strike_G","Strike_G","Defend_G","Defend_G","Defend_G","Defend_G","Survivor","Neutralize","Deflect","Accuracy+1","Quick Slash","Dagger Spray","Backflip","Slice","Footwork","Caltrops","Cloak And Dagger","Chrysalis","Reflex","PiercingWail","A Thousand Cuts+1","Flying Knee","Endless Agony","Outmaneuver","Predator","Finisher","Dagger Throw","Night Terror+1","Blade Dance+1","Crippling Poison+1","Dramatic Entrance","Calculated Gamble+1","Backflip+1","Distraction+1","Dagger Spray","Blade Dance+1","Bullet Time+1","Noxious Fumes","Blade Dance+1","Blade Dance+1","Prepared+1","Dodge and Roll+1","Deflect+1","Blade Dance+1","Noxious Fumes","Tools of the Trade","Escape Plan+1","PiercingWail+1","Blur+1","Backflip+1","Blade Dance+1","Dagger Throw","Caltrops","Escape Plan+1"],"relics":["Ring of the Snake","Enchiridion","TungstenRod","Shuriken","Mummified Hand","hubris:CuriousFeather","Nunchaku","Bottled Tornado","Strawberry","Toxic Egg 2","Pantograph","hubris:OldNail","Fusion Hammer","hubris:PeanutButter","Potion Belt","Smiling Mask","SlaversCollar","Torii","hubris:SphereOfDissonance","hubris:MysteriousPyramids","hubris:MedicalManual","Sundial","Dream Catcher","Bag of Preparation","hubris:Icosahedron","hubris:Towel","hubris:DeckOfHolding"],"acts_visited":["Exordium","TheCity","TheBeyond","TheEnding"],"potions_floor_usage":[11,11,16,24,33,55,55,55,55],"damage_taken":[{"damage":0.0,"enemies":"Small Slimes","floor":1.0,"turns":2.0},{"damage":0.0,"enemies":"Jaw Worm","floor":2.0,"turns":2.0},{"damage":0.0,"enemies":"2 Louse","floor":3.0,"turns":2.0},{"damage":7.0,"enemies":"Large Slime","floor":4.0,"turns":3.0},{"damage":0.0,"enemies":"2 Fungi Beasts","floor":5.0,"turns":1.0},{"damage":0.0,"enemies":"Exordium Wildlife","floor":7.0,"turns":2.0},{"damage":0.0,"enemies":"Large Slime","floor":8.0,"turns":3.0},{"damage":0,"enemies":"Gremlin Nob","floor":11,"turns":1},{"damage":1,"enemies":"Red Slaver","floor":14,"turns":2},{"damage":20,"enemies":"Hexaghost","floor":16,"turns":5},{"damage":0,"enemies":"Shell Parasite","floor":18,"turns":1},{"damage":0,"enemies":"3 Byrds","floor":19,"turns":2},{"damage":0,"enemies":"Sentry and Sphere","floor":21,"turns":2},{"damage":0,"enemies":"Snake Plant","floor":22,"turns":1},{"damage":1,"enemies":"Slavers","floor":23,"turns":3},{"damage":0,"enemies":"Chosen and Byrds","floor":24,"turns":2},{"damage":0,"enemies":"Snecko","floor":25,"turns":4},{"damage":6,"enemies":"Gremlin Leader","floor":27,"turns":4},{"damage":9,"enemies":"Snake Plant","floor":28,"turns":3},{"damage":0,"enemies":"Shelled Parasite and Fungi","floor":29,"turns":2},{"damage":0,"enemies":"Snecko","floor":31,"turns":2},{"damage":0,"enemies":"Champ","floor":33,"turns":4},{"damage":0,"enemies":"Orb Walker","floor":35,"turns":2},{"damage":0,"enemies":"2 Orb Walkers","floor":36,"turns":1},{"damage":0,"enemies":"3 Shapes","floor":38,"turns":1},{"damage":0,"enemies":"Reptomancer","floor":40,"turns":2},{"damage":0,"enemies":"Mind Bloom Boss Battle","floor":41,"turns":2},{"damage":0,"enemies":"Giant Head","floor":42,"turns":2},{"damage":0,"enemies":"Nemesis","floor":45,"turns":1},{"damage":0,"enemies":"Writhing Mass","floor":46,"turns":1},{"damage":0,"enemies":"Time Eater","floor":50,"turns":4},{"damage":0,"enemies":"Shield and Spear","floor":54,"turns":2},{"damage":46,"enemies":"The Heart","floor":55,"turns":4}],"seed_played":"178345940650497033","potions_obtained":[{"floor":1.0,"key":"FearPotion"},{"floor":4.0,"key":"AttackPotion"},{"floor":14,"key":"Weak Potion"},{"floor":16,"key":"LiquidBronze"},{"floor":18,"key":"SteroidPotion"},{"floor":23,"key":"AttackPotion"},{"floor":24,"key":"Strength Potion"},{"floor":28,"key":"Ancient Potion"},{"floor":36,"key":"FearPotion"},{"floor":38,"key":"DistilledChaos"},{"floor":42,"key":"Strength Potion"}],"is_trial":false,"path_per_floor":["M","M","M","M","M","R","M","M","T","?","E","R","?","M","R","B",null,"M","M","$","M","M","E","M","M","T","E","M","M","?","M","R","B",null,"M","?","?","M","$","E","?","E","T","NS","E","M","?","?","R","B",null,"R","$","E","B",null],"character_chosen":"THE_SILENT","items_purchased":["Shuriken","Mummified Hand","Accuracy","Quick Slash","Dagger Spray","Nunchaku","Backflip","Slice","Footwork","Bottled Tornado","Caltrops","Strawberry","Cloak And Dagger","Chrysalis","Reflex","hubris:PeanutButter","Dramatic Entrance","hubris:SphereOfDissonance","Blade Dance+1","Noxious Fumes","Caltrops"],"campfire_rested":4,"item_purchase_floors":[0,0,0,0,0,0,0,0,0,0,0,0,0,0,0,20,20,39,39,39,53],"current_hp_per_floor":[28,28,28,21,21,42,42,42,42,40,40,61,61,60,60,52,67,67,67,67,67,67,66,66,66,66,60,51,51,51,51,51,72,72,72,72,72,72,72,72,72,72,72,72,72,72,72,72,72,72,72,72,72,72,26],"gold":54,"neow_bonus":"","is_daily":false,"chose_seed":false,"campfire_upgraded":1,"win_rate":0.0,"timestamp":1613149119,"path_taken":["M","M","M","M","M","R","M","M","T","?","E","R","?","M","R","BOSS","M","M","$","M","M","E","M","M","T","E","M","M","?","M","R","BOSS","M","?","?","M","$","E","?","E","T","NS","E","M","?","?","R","BOSS","R","$","E","BOSS"],"items_purchased_type":["Relic","Relic","Card","Card","Card","Relic","Card","Card","Card","Relic","Card","Relic","Card","Card","Card","Relic","Card","Relic","Card","Card","Card"],"build_version":"2020-12-22","purchased_purges":0,"victory":true,"max_hp_per_floor":[72,72,72,72,72,72,72,72,72,72,72,72,72,72,72,72,72,72,72,72,72,72,72,72,72,72,72,72,72,72,72,72,72,72,72,72,72,72,72,72,72,72,72,72,72,72,72,72,72,72,72,72,72,72,72],"card_choices":[{"not_picked":["Sucker Punch","Dagger Spray"],"picked":"PiercingWail","floor":1.0},{"not_picked":["Bane","Slice"],"picked":"A Thousand Cuts","floor":2.0},{"not_picked":["Outmaneuver","Underhanded Strike"],"picked":"Flying Knee","floor":3.0},{"not_picked":["Bouncing Flask","Setup"],"picked":"Endless Agony","floor":4.0},{"not_picked":["Dagger Throw","Prepared"],"picked":"Outmaneuver","floor":5.0},{"not_picked":["hubris:SlightOfHand","Sucker Punch"],"picked":"Predator","floor":7.0},{"not_picked":["Acrobatics","Heel Hook"],"picked":"Finisher","floor":8.0},{"not_picked":["Slice","Concentrate+1"],"picked":"Dagger Throw","floor":11},{"not_picked":["Bane","Masterful Stab"],"picked":"Night Terror+1","floor":14},{"not_picked":["Glass Knife","Tools of the Trade"],"picked":"Night Terror+1","floor":16},{"not_picked":["Dodge and Roll+1","Flechettes"],"picked":"Blade Dance+1","floor":18},{"not_picked":["Tactician+1","Acrobatics+1"],"picked":"Crippling Poison+1","floor":19},{"not_picked":["Acrobatics+1","Heel Hook"],"picked":"Calculated Gamble+1","floor":21},{"not_picked":["Masterful Stab","Prepared+1"],"picked":"Backflip+1","floor":22},{"not_picked":["Tactician+1","PiercingWail+1"],"picked":"Distraction+1","floor":23},{"not_picked":["Underhanded Strike","Slice"],"picked":"Dagger Spray","floor":24},{"not_picked":["Poisoned Stab","Backflip+1"],"picked":"Blade Dance+1","floor":25},{"not_picked":["hubris:SlightOfHand+1","Dagger Throw"],"picked":"Bullet Time+1","floor":27},{"not_picked":["Quick Slash","Reflex+1"],"picked":"Noxious Fumes","floor":28},{"not_picked":["Acrobatics+1","Dagger Throw"],"picked":"Blade Dance+1","floor":29},{"not_picked":["Finisher","Dagger Spray"],"picked":"Blade Dance+1","floor":31},{"not_picked":["Grand Finale","Tools of the Trade"],"picked":"Bullet Time+1","floor":33},{"not_picked":["Acrobatics+1","Leg Sweep+1"],"picked":"Prepared+1","floor":35},{"not_picked":["Deadly Poison+1","Slice"],"picked":"Dodge and Roll+1","floor":36},{"not_picked":["Slice","Quick Slash+1"],"picked":"Deflect+1","floor":38},{"not_picked":["Flechettes","Slice"],"picked":"Tools of the Trade","floor":40},{"not_picked":["PiercingWail+1","Outmaneuver+1"],"picked":"Escape Plan+1","floor":41},{"not_picked":["Dodge and Roll+1","Malaise+1"],"picked":"PiercingWail+1","floor":42},{"not_picked":["PiercingWail+1","Dagger Throw"],"picked":"Blur+1","floor":45},{"not_picked":["Sucker Punch+1","Outmaneuver+1"],"picked":"Backflip+1","floor":46},{"not_picked":["Catalyst+1","hubris:TrickCloak+1"],"picked":"Blade Dance+1","floor":49},{"not_picked":["Underhanded Strike","Acrobatics+1"],"picked":"Dagger Throw","floor":52},{"not_picked":["Doppelganger+1","Poisoned Stab+1"],"picked":"Escape Plan+1","floor":54}],"player_experience":634054,"relics_obtained":[{"floor":9.0,"key":"Toxic Egg 2"},{"floor":11,"key":"hubris:OldNail"},{"floor":23,"key":"Potion Belt"},{"floor":27,"key":"Smiling Mask"},{"floor":36,"key":"Torii"},{"floor":40,"key":"hubris:MysteriousPyramids"},{"floor":41,"key":"hubris:MedicalManual"},{"floor":42,"key":"Sundial"},{"floor":43,"key":"Dream Catcher"},{"floor":45,"key":"Bag of Preparation"},{"floor":54,"key":"hubris:DeckOfHolding"}],"event_choices":[{"damage_healed":0.0,"max_hp_gain":0.0,"max_hp_loss":0.0,"gold_gain":0.0,"event_name":"Scrap Ooze","player_choice":"Success","floor":10.0,"gold_loss":0.0,"damage_taken":3.0,"relics_obtained":["Pantograph"]},{"damage_healed":0,"gold_gain":0,"player_choice":"Grow","damage_taken":0,"max_hp_gain":0,"max_hp_loss":0,"event_name":"Living Wall","floor":13,"gold_loss":0,"cards_upgraded":["Accuracy"]},{"damage_healed":0,"gold_gain":0,"player_choice":"Ignored","damage_taken":0,"max_hp_gain":0,"max_hp_loss":0,"event_name":"Vampires","floor":30,"gold_loss":0},{"damage_healed":0,"gold_gain":0,"player_choice":"Fight","damage_taken":0,"max_hp_gain":0,"max_hp_loss":0,"event_name":"Mysterious Sphere","floor":36,"gold_loss":0},{"damage_healed":0,"gold_gain":0,"player_choice":"Ignored","damage_taken":0,"max_hp_gain":0,"max_hp_loss":0,"event_name":"Tomb of Lord Red Mask","floor":37,"gold_loss":0},{"damage_healed":0,"gold_gain":0,"player_choice":"Fight","damage_taken":0,"max_hp_gain":0,"max_hp_loss":0,"event_name":"MindBloom","floor":41,"gold_loss":0}],"is_beta":false,"boss_relics":[{"not_picked":["hubris:VirtuousBlindfold","Snecko Eye"],"picked":"Fusion Hammer"},{"not_picked":["Tiny House","Empty Cage"],"picked":"SlaversCollar"}],"items_purged_floors":[],"is_endless":false,"potions_floor_spawned":[1,4,14,16,18,22,23,24,28,36,38,42,45,46,54],"ascension_level":12}}