{"host":"dl909bjyolgrn2uw","time":1613158271,"event":{"mods":["2.2 Compatiblity","AlwaysNeverKeys","BaseMod","Bestiary","Better Altar","Better Note","Better Sensory Stone","Better Skull","Better Third Choice","Better Vampires","Better-Laid Plans","BetterRewards","Colored Powertips","Curses Come First","Disable Question Mark Monsters","Displayed Cursed Tome","Emptier Cage","Evolution","Minty Spire (QoL Compilation)","Morshu Shopkeeper","Permanent Neow","Quick Restart","Rare Cards Sparkle","Relic Stats","Shop Mod","Spicy Shops","StSLib","SuperFastMode","Transform Curses"],"gold_per_floor":[116,40,52,70,90,123,135,162,188,216,216,216,229,247,247,324,324,337,354,354,374,374,401,419,419,446,478,183,198,198,6,6,81,81,96,111,134,159,178,178,204,204,204,217,217,234,245,278,278,278,278,278,4,30,30],"floor_reached":56,"language":"ENG","playtime":4319,"items_purged":["Strike_R","Strike_R","Strike_R","Strike_R","Anger"],"score":3106,"play_id":"16bac243-f736-4797-84e7-483a87dd0ed4","local_time":"20210212133111","is_ascension_mode":true,"campfire_choices":[{"data":"Evolve","floor":11.0,"key":"SMITH"},{"data":"Uppercut","floor":15.0,"key":"SMITH"},{"data":"Demon Form","floor":25,"key":"SMITH"},{"data":"Power Through","floor":32,"key":"SMITH"},{"data":"Fiend Fire","floor":40,"key":"SMITH"},{"data":"Feel No Pain","floor":42,"key":"SMITH"},{"floor":45,"key":"RECALL"},{"data":"Power Through","floor":49,"key":"SMITH"},{"data":"Dark Embrace","floor":52,"key":"SMITH"}],"circlet_count":0,"master_deck":["AscendersBane","Bash+1","Dark Embrace+1","Power Through+1","Power Through+1","Uppercut+1","Evolve+1","Wild Strike","Wild Strike","Shrug It Off","Feel No Pain+1","Twin Strike","Cleave","Twin Strike","Shrug It Off","Wild Strike","Offering","Thunderclap+1","Reaper","Spot Weakness","True Grit","Demon Form+1","Second Wind+1","Battle Trance+1","Burning Pact+1","Pummel+1","Clothesline+1","Dual Wield","Ghostly","Ghostly","Ghostly","Ghostly","Ghostly","Disarm+1","Offering","Fiend Fire+1","Flame Barrier+1"],"relics":["Burning Blood","EVO:Axolotl","Membership Card","Anchor","Bag of Preparation","Calipers","Dead Branch","Omamori","DollysMirror","OrangePellets","Charon\u0027s Ashes","Gambling Chip","Orrery","PreservedInsect","Bird Faced Urn","Orichalcum","Art of War","Vajra","Centennial Puzzle","Astrolabe","CaptainsWheel","Lantern","Pear","Medical Kit","Bottled Lightning","Potion Belt","Whetstone","Chemical X","Cursed Key","Lizard Tail","Ancient Tea Set","Bottled Flame","ClockworkSouvenir","Self Forming Clay","Nunchaku","Pen Nib"],"acts_visited":["Exordium","TheCity","TheBeyond","TheEnding"],"potions_floor_usage":[16,16,55,55,55,55],"damage_taken":[{"damage":0.0,"enemies":"Jaw Worm","floor":1.0,"turns":2.0},{"damage":0.0,"enemies":"2 Louse","floor":3.0,"turns":2.0},{"damage":2.0,"enemies":"Small Slimes","floor":4.0,"turns":2.0},{"damage":0.0,"enemies":"3 Louse","floor":5.0,"turns":3.0},{"damage":6.0,"enemies":"3 Sentries","floor":6.0,"turns":3.0},{"damage":6.0,"enemies":"Red Slaver","floor":7.0,"turns":2.0},{"damage":6.0,"enemies":"Lagavulin","floor":8.0,"turns":4.0},{"damage":6.0,"enemies":"3 Sentries","floor":10.0,"turns":3.0},{"damage":6.0,"enemies":"Large Slime","floor":13.0,"turns":2.0},{"damage":0.0,"enemies":"Blue Slaver","floor":14.0,"turns":2.0},{"damage":6,"enemies":"Slime Boss","floor":16,"turns":3},{"damage":15,"enemies":"Spheric Guardian","floor":18,"turns":4},{"damage":0,"enemies":"Chosen","floor":19,"turns":3},{"damage":6,"enemies":"3 Cultists","floor":21,"turns":2},{"damage":1,"enemies":"Book of Stabbing","floor":23,"turns":5},{"damage":2,"enemies":"Cultist and Chosen","floor":24,"turns":4},{"damage":0,"enemies":"Slavers","floor":27,"turns":3},{"damage":1,"enemies":"Shelled Parasite and Fungi","floor":29,"turns":3},{"damage":3,"enemies":"Automaton","floor":33,"turns":7},{"damage":0,"enemies":"3 Darklings","floor":35,"turns":2},{"damage":0,"enemies":"Orb Walker","floor":36,"turns":3},{"damage":7,"enemies":"Mind Bloom Boss Battle","floor":38,"turns":6},{"damage":3,"enemies":"Spire Growth","floor":39,"turns":2},{"damage":3,"enemies":"Giant Head","floor":41,"turns":2},{"damage":2,"enemies":"Jaw Worm Horde","floor":44,"turns":3},{"damage":2,"enemies":"3 Darklings","floor":46,"turns":1},{"damage":7,"enemies":"Writhing Mass","floor":47,"turns":2},{"damage":1,"enemies":"Reptomancer","floor":48,"turns":3},{"damage":2,"enemies":"Awakened One","floor":50,"turns":7},{"damage":1,"enemies":"Shield and Spear","floor":54,"turns":3},{"damage":1,"enemies":"The Heart","floor":55,"turns":4}],"seed_played":"-9128679138918272942","potions_obtained":[{"floor":1.0,"key":"Energy Potion"},{"floor":3.0,"key":"Strength Potion"},{"floor":10.0,"key":"GamblersBrew"},{"floor":16,"key":"LiquidMemories"},{"floor":18,"key":"EssenceOfSteel"},{"floor":23,"key":"Explosive Potion"},{"floor":29,"key":"Dexterity Potion"},{"floor":33,"key":"FearPotion"},{"floor":35,"key":"Explosive Potion"},{"floor":38,"key":"GamblersBrew"},{"floor":46,"key":"SkillPotion"},{"floor":48,"key":"AttackPotion"}],"is_trial":false,"path_per_floor":["M","$","M","M","M","E","M","E","T","E","R","?","M","M","R","B",null,"M","M","?","M","?","E","M","R","T","E","$","M","?","$","R","B",null,"M","M","T","?","M","R","E","R","T","M","R","M","M","E","R","B",null,"R","$","E","B",null],"character_chosen":"IRONCLAD","items_purchased":["Membership Card","Anchor","Dark Embrace","Power Through","Bag of Preparation","Calipers","Dead Branch","Omamori","DollysMirror","Uppercut","OrangePellets","Evolve","Charon\u0027s Ashes","Wild Strike","Wild Strike","Gambling Chip","Shrug It Off","Orrery","PreservedInsect","Medical Kit","Bottled Lightning","Potion Belt","Whetstone","Chemical X","ClockworkSouvenir","Self Forming Clay","Nunchaku"],"campfire_rested":0,"item_purchase_floors":[0,0,0,0,0,0,0,0,0,0,0,0,0,0,0,0,0,0,2,28,28,31,31,31,53,53,53],"current_hp_per_floor":[74,74,75,75,75,75,75,75,75,75,75,75,75,75,75,75,75,66,72,72,72,37,37,37,37,37,47,47,47,47,47,47,47,47,47,47,47,47,47,47,47,47,47,47,47,47,47,47,47,47,47,47,47,47,47],"gold":30,"neow_bonus":"","is_daily":false,"chose_seed":false,"campfire_upgraded":8,"win_rate":0.0,"timestamp":1613158271,"path_taken":["M","$","M","M","M","E","M","E","T","E","R","?","M","M","R","BOSS","M","M","?","M","?","E","M","R","T","E","$","M","?","$","R","BOSS","M","M","?","?","M","R","E","R","T","M","R","M","M","E","R","BOSS","R","$","E","BOSS"],"items_purchased_type":["Relic","Relic","Card","Card","Relic","Relic","Relic","Relic","Relic","Card","Relic","Card","Relic","Card","Card","Relic","Card","Relic","Relic","Relic","Relic","Relic","Relic","Relic","Relic","Relic","Relic"],"build_version":"2020-12-22","purchased_purges":5,"victory":true,"max_hp_per_floor":[75,75,75,75,75,75,75,75,75,75,75,75,75,75,75,75,75,75,75,75,75,37,37,37,37,37,47,47,47,47,47,47,47,47,47,47,47,47,47,47,47,47,47,47,47,47,47,47,47,47,47,47,47,47,47],"relic_stats":{"counters":[246,945],"Self Forming Clay":[24],"Dead Branch":[643],"Astrolabe":["Second Wind","Battle Trance","Burning Pact"],"Charon\u0027s Ashes":[1462],"PreservedInsect":951,"Pen Nib":[1],"Bag of Preparation":[254],"Whetstone":["Strike_R","Strike_R","Bash","Thunderclap"],"Orichalcum":[30],"Medical Kit":[226],"Cursed Key":3,"Burning Blood":744,"OrangePellets":[15],"Centennial Puzzle":[51],"Lizard Tail":0,"Nunchaku":[6],"Gambling Chip":[123],"Bird Faced Urn":[22],"Art of War":[8],"Chemical X":[17],"obtain_stats":[{"Ginger":0,"Whetstone":0,"Bottled Tornado":25,"Boot":9,"Blood Vial":48,"Sundial":45,"MealTicket":9,"Kunai":53,"Pear":54,"Eternal Feather":40,"Pen Nib":26,"Akabeko":38,"Bird Faced Urn":26,"Snecko Eye":34,"Pandora\u0027s Box":17,"Mark of Pain":17,"StrikeDummy":48,"Regal Pillow":24,"Lantern":31,"Torii":31,"Singing Bowl":0,"Magic Flower":12,"Bag of Preparation":40,"Cursed Key":17,"Smiling Mask":23,"Ancient Tea Set":41,"Burning Blood":0,"Matryoshka":23,"Toolbox":53,"Chemical X":31,"Potion Belt":20,"Lee\u0027s Waffle":53,"Golden Idol":5,"Self Forming Clay":31,"Thread and Needle":8,"The Courier":7,"PreservedInsect":9,"Omamori":0,"Frozen Egg 2":31,"MawBank":12,"Busted Crown":34,"Ornamental Fan":54,"Orrery":53,"Turnip":44,"Art of War":40,"Champion Belt":0,"Bottled Lightning":10,"Calipers":0,"Gremlin Horn":43,"CeramicFish":13,"Vajra":0,"EVO:Axolotl":0,"Centennial Puzzle":54,"Lizard Tail":38,"HornCleat":30,"DollysMirror":19,"Strawberry":11,"Prayer Wheel":42,"Philosopher\u0027s Stone":34,"Toxic Egg 2":0,"Girya":40,"Happy Flower":26,"Dead Branch":36,"Astrolabe":17,"Oddly Smooth Stone":10,"Charon\u0027s Ashes":0,"Letter Opener":54,"War Paint":24,"Question Card":0,"WarpedTongs":37,"OrangePellets":0,"Bottled Flame":0,"Shuriken":26,"Bronze Scales":47,"Molten Egg 2":9,"Pocketwatch":11,"Meat on the Bone":46,"Darkstone Periapt":27,"Incense Burner":48,"Juzu Bracelet":28,"ClockworkSouvenir":19,"Dream Catcher":7,"Nunchaku":8,"TheAbacus":53,"Mummified Hand":0,"Gambling Chip":0,"Pantograph":25,"Tiny Chest":29,"Red Skull":44,"Runic Pyramid":17,"Orichalcum":44,"Medical Kit":0,"White Beast Statue":20,"Mercury Hourglass":12,"Calling Bell":34,"Cauldron":0,"Anchor":0,"CaptainsWheel":44,"Bag of Marbles":19,"Coffee Dripper":34,"Membership Card":48,"FossilizedHelix":24},{"Ginger":0,"Whetstone":28,"Bottled Tornado":70,"Boot":33,"Blood Vial":25,"Sundial":116,"MealTicket":186,"Kunai":26,"Pear":214,"Eternal Feather":52,"Pen Nib":70,"Akabeko":112,"Bird Faced Urn":12,"Snecko Eye":110,"Pandora\u0027s Box":129,"Mark of Pain":65,"StrikeDummy":147,"Regal Pillow":12,"Lantern":137,"Torii":109,"Singing Bowl":119,"Magic Flower":95,"Bag of Preparation":22,"Cursed Key":36,"Smiling Mask":164,"Ancient Tea Set":239,"Burning Blood":0,"Matryoshka":102,"Toolbox":213,"Chemical X":233,"Potion Belt":131,"Lee\u0027s Waffle":26,"Golden Idol":59,"Self Forming Clay":201,"Thread and Needle":93,"The Courier":5,"PreservedInsect":5,"Omamori":28,"Frozen Egg 2":109,"MawBank":7,"Busted Crown":16,"Ornamental Fan":180,"Orrery":26,"Turnip":210,"Art of War":175,"Champion Belt":87,"Bottled Lightning":187,"Calipers":215,"Gremlin Horn":115,"CeramicFish":189,"Vajra":28,"EVO:Axolotl":0,"Centennial Puzzle":27,"Lizard Tail":237,"HornCleat":73,"DollysMirror":11,"Strawberry":156,"Prayer Wheel":115,"Philosopher\u0027s Stone":138,"Toxic Egg 2":181,"Girya":80,"Happy Flower":133,"Dead Branch":171,"Astrolabe":226,"Oddly Smooth Stone":155,"Charon\u0027s Ashes":215,"Letter Opener":86,"War Paint":42,"Question Card":87,"WarpedTongs":112,"OrangePellets":87,"Bottled Flame":55,"Shuriken":104,"Bronze Scales":177,"Molten Egg 2":60,"Pocketwatch":61,"Meat on the Bone":145,"Darkstone Periapt":71,"Incense Burner":84,"Juzu Bracelet":134,"ClockworkSouvenir":11,"Dream Catcher":33,"Nunchaku":60,"TheAbacus":148,"Mummified Hand":119,"Gambling Chip":87,"Pantograph":133,"Tiny Chest":15,"Red Skull":23,"Runic Pyramid":10,"Orichalcum":54,"Medical Kit":55,"White Beast Statue":131,"Mercury Hourglass":35,"Calling Bell":169,"Cauldron":28,"Anchor":119,"CaptainsWheel":143,"Bag of Marbles":11,"Coffee Dripper":202,"Membership Card":84,"FossilizedHelix":132},{"Ginger":0,"Whetstone":155,"Bottled Tornado":307,"Boot":170,"Blood Vial":128,"Sundial":478,"MealTicket":789,"Kunai":136,"Pear":844,"Eternal Feather":255,"Pen Nib":307,"Akabeko":471,"Bird Faced Urn":54,"Snecko Eye":465,"Pandora\u0027s Box":531,"Mark of Pain":291,"StrikeDummy":619,"Regal Pillow":54,"Lantern":563,"Torii":457,"Singing Bowl":485,"Magic Flower":394,"Bag of Preparation":110,"Cursed Key":179,"Smiling Mask":692,"Ancient Tea Set":922,"Burning Blood":0,"Matryoshka":423,"Toolbox":841,"Chemical X":900,"Potion Belt":535,"Lee\u0027s Waffle":136,"Golden Idol":274,"Self Forming Clay":822,"Thread and Needle":385,"The Courier":19,"PreservedInsect":19,"Omamori":155,"Frozen Egg 2":457,"MawBank":26,"Busted Crown":79,"Ornamental Fan":770,"Orrery":136,"Turnip":837,"Art of War":745,"Champion Belt":361,"Bottled Lightning":791,"Calipers":848,"Gremlin Horn":477,"CeramicFish":795,"Vajra":155,"EVO:Axolotl":0,"Centennial Puzzle":145,"Lizard Tail":918,"HornCleat":317,"DollysMirror":48,"Strawberry":655,"Prayer Wheel":477,"Philosopher\u0027s Stone":573,"Toxic Egg 2":776,"Girya":336,"Happy Flower":543,"Dead Branch":731,"Astrolabe":876,"Oddly Smooth Stone":651,"Charon\u0027s Ashes":848,"Letter Opener":356,"War Paint":204,"Question Card":361,"WarpedTongs":471,"OrangePellets":361,"Bottled Flame":268,"Shuriken":436,"Bronze Scales":757,"Molten Egg 2":279,"Pocketwatch":281,"Meat on the Bone":609,"Darkstone Periapt":311,"Incense Burner":348,"Juzu Bracelet":547,"ClockworkSouvenir":48,"Dream Catcher":170,"Nunchaku":279,"TheAbacus":629,"Mummified Hand":485,"Gambling Chip":361,"Pantograph":543,"Tiny Chest":71,"Red Skull":117,"Runic Pyramid":41,"Orichalcum":264,"Medical Kit":268,"White Beast Statue":535,"Mercury Hourglass":175,"Calling Bell":722,"Cauldron":155,"Anchor":485,"CaptainsWheel":599,"Bag of Marbles":48,"Coffee Dripper":824,"Membership Card":348,"FossilizedHelix":539}]},"card_choices":[{"not_picked":["Shrug It Off","Entrench"],"picked":"Feel No Pain","floor":0.0},{"not_picked":["Combust","Perfected Strike"],"picked":"Twin Strike","floor":0.0},{"not_picked":["Dark Embrace","Rage"],"picked":"Cleave","floor":0.0},{"not_picked":["Sword Boomerang","Clothesline"],"picked":"Twin Strike","floor":0.0},{"not_picked":["Combust","Bloodletting"],"picked":"Shrug It Off","floor":0.0},{"not_picked":["Disarm","Iron Wave"],"picked":"Wild Strike","floor":1.0},{"not_picked":["Havoc","Shrug It Off","Clash"],"picked":"SKIP","floor":3.0},{"not_picked":["Sentinel","Sword Boomerang","Perfected Strike"],"picked":"SKIP","floor":4.0},{"not_picked":["Clothesline","Twin Strike"],"picked":"Offering","floor":5.0},{"not_picked":["Armaments","Clash"],"picked":"Thunderclap","floor":6.0},{"not_picked":["Entrench","Dark Embrace","Intimidate"],"picked":"SKIP","floor":7.0},{"not_picked":["Carnage","Flex"],"picked":"Reaper","floor":8.0},{"not_picked":["Disarm","Battle Trance"],"picked":"Spot Weakness","floor":10.0},{"not_picked":["Havoc","Perfected Strike","Seeing Red"],"picked":"SKIP","floor":13.0},{"not_picked":["Pommel Strike","Reckless Charge"],"picked":"True Grit","floor":14.0},{"not_picked":["Bludgeon","Offering"],"picked":"Demon Form","floor":16},{"not_picked":["Rampage+1","Perfected Strike"],"picked":"Pummel+1","floor":18},{"not_picked":["Havoc","Inflame"],"picked":"Clothesline+1","floor":19},{"not_picked":["Pummel","Ghostly Armor","Metallicize"],"picked":"SKIP","floor":21},{"not_picked":["Inflame","Armaments","Twin Strike"],"picked":"SKIP","floor":23},{"not_picked":["Body Slam","Carnage","Pommel Strike"],"picked":"SKIP","floor":24},{"not_picked":["Headbutt","Metallicize","Clothesline"],"picked":"SKIP","floor":27},{"not_picked":["Flex","Rampage+1"],"picked":"Disarm+1","floor":29},{"not_picked":["Demon Form","Barricade"],"picked":"Fiend Fire","floor":33},{"not_picked":["Perfected Strike","Thunderclap+1","Twin Strike+1"],"picked":"SKIP","floor":35},{"not_picked":["Shrug It Off","Headbutt","Armaments"],"picked":"SKIP","floor":36},{"not_picked":["Body Slam","True Grit"],"picked":"Flame Barrier+1","floor":39},{"not_picked":["True Grit","Warcry","Whirlwind"],"picked":"SKIP","floor":41},{"not_picked":["Body Slam+1","Reaper","Armaments"],"picked":"SKIP","floor":44},{"not_picked":["Clash","Wild Strike","Heavy Blade"],"picked":"SKIP","floor":46},{"not_picked":["Havoc","Pommel Strike+1","Flex"],"picked":"SKIP","floor":47},{"not_picked":["Anger","Body Slam","Battle Trance+1"],"picked":"SKIP","floor":48},{"not_picked":["Dual Wield","Inflame","Pommel Strike"],"picked":"SKIP","floor":54}],"player_experience":404228,"relics_obtained":[{"floor":6.0,"key":"Bird Faced Urn"},{"floor":8.0,"key":"Orichalcum"},{"floor":9.0,"key":"Art of War"},{"floor":10.0,"key":"Vajra"},{"floor":23,"key":"CaptainsWheel"},{"floor":26,"key":"Lantern"},{"floor":27,"key":"Pear"},{"floor":38,"key":"Lizard Tail"},{"floor":41,"key":"Ancient Tea Set"},{"floor":48,"key":"Bottled Flame"},{"floor":54,"key":"Pen Nib"}],"event_choices":[{"damage_healed":0.0,"max_hp_gain":0.0,"max_hp_loss":0.0,"gold_gain":0.0,"event_name":"Big Fish","player_choice":"Box","floor":12.0,"gold_loss":0.0,"damage_taken":0.0,"relics_obtained":["Centennial Puzzle"],"cards_obtained":["Regret"]},{"damage_healed":0,"gold_gain":0,"cards_transformed":["Defend_R","Defend_R"],"player_choice":"Became Test Subject","damage_taken":0,"max_hp_gain":0,"max_hp_loss":0,"event_name":"Drug Dealer","floor":20,"gold_loss":0,"cards_obtained":["Dual Wield","Anger"]},{"damage_healed":0,"gold_gain":0,"player_choice":"Became a Ghost","damage_taken":0,"max_hp_gain":0,"max_hp_loss":38,"event_name":"Ghosts","floor":22,"gold_loss":0,"cards_obtained":["Ghostly","Ghostly","Ghostly","Ghostly","Ghostly"]},{"damage_healed":0,"gold_gain":0,"player_choice":"Copied","damage_taken":0,"max_hp_gain":0,"max_hp_loss":0,"event_name":"Duplicator","floor":30,"gold_loss":0,"cards_obtained":["Offering"]},{"damage_healed":0,"gold_gain":0,"player_choice":"Fight","damage_taken":0,"max_hp_gain":0,"max_hp_loss":0,"event_name":"MindBloom","floor":38,"gold_loss":0}],"is_beta":false,"boss_relics":[{"not_picked":["SacredBark","Fusion Hammer"],"picked":"Astrolabe"},{"not_picked":["Black Star","Runic Dome"],"picked":"Cursed Key"}],"items_purged_floors":[0,0,0,0,28],"is_endless":false,"potions_floor_spawned":[1,3,6,10,14,16,18,23,24,29,33,35,38,46,48],"ascension_level":14}}