{"host":"6p0attdrtjqaih7v","time":1613162857,"event":{"mods":["2.2 Compatiblity","AchievementEnabler","Bard","BaseMod","Better Skull","Better Third Choice","Card Filter","Colored Powertips","Hermit","Highlight Path","Hubris","Key Reminder","Minty Spire (QoL Compilation)","Permanent Neow","Quick Restart","Random Character Button","Relic Filter","Relic Stats","Reliquary","Replay The Spire","Robot Space Explorer","StSLib","The Hayseed","The Witch"],"gold_per_floor":[112,127,46,63,63,63,89,89,89,117,136,155,155,172,172,249,249,263,263,263,275,275,275,308,179,179,189,189,209,228,228,228,228,228],"floor_reached":33,"language":"ENG","playtime":1232,"items_purged":["Strike_B+1"],"score":554,"play_id":"232757a2-f86d-4063-b504-681055a0e8ea","local_time":"20210212154737","is_ascension_mode":true,"campfire_choices":[{"data":"Defragment","floor":6,"key":"SMITH"},{"floor":8,"key":"REST"},{"floor":13,"key":"REST"},{"floor":15,"key":"REST"},{"data":"Fission","floor":23,"key":"SMITH"},{"floor":28,"key":"REST"},{"floor":32,"key":"REST"}],"circlet_count":0,"master_deck":["AscendersBane","Strike_B+1","Defend_B+1","Defend_B+1","Defend_B+1","Defend_B+1","Zap","Dualcast","FIFO Queue","Cold Snap","Defragment+1","Defragment","Ball Lightning","Ball Lightning","Static Discharge","Recycle","Glacier","Fission+1","Chill","Turbo","Stack+1","Sweeping Beam"],"relics":["Runic Pyramid","hubris:64BitClover","reliquary:PurpleTingedLeaf","hubris:SoftwareUpdate","Empty Cage","Tiny Chest","hubris:AstralHammer","hubris:BallOfYels"],"acts_visited":["Exordium","TheCity"],"potions_floor_usage":[2,18,21,27,33],"damage_taken":[{"damage":7,"enemies":"Small Slimes","floor":1,"turns":6},{"damage":1,"enemies":"Cultist","floor":2,"turns":3},{"damage":7,"enemies":"Jaw Worm","floor":4,"turns":6},{"damage":38,"enemies":"Gremlin Nob","floor":7,"turns":7},{"damage":5,"enemies":"Lagavulin","floor":10,"turns":9},{"damage":0,"enemies":"2 Fungi Beasts","floor":11,"turns":5},{"damage":21,"enemies":"Blue Slaver","floor":12,"turns":3},{"damage":27,"enemies":"3 Louse","floor":14,"turns":4},{"damage":20,"enemies":"Hexaghost","floor":16,"turns":8},{"damage":6,"enemies":"3 Byrds","floor":18,"turns":5},{"damage":3,"enemies":"Chosen","floor":21,"turns":7},{"damage":41,"enemies":"Book of Stabbing","floor":24,"turns":7},{"damage":7,"enemies":"Snecko","floor":27,"turns":8},{"damage":9,"enemies":"3 Cultists","floor":29,"turns":6},{"damage":0,"enemies":"Chosen and Byrds","floor":30,"turns":9},{"damage":45,"enemies":"Collector","floor":33,"turns":13}],"seed_played":"-1491046185695653656","potions_obtained":[{"floor":1,"key":"PowerPotion"},{"floor":10,"key":"PotionOfCapacity"},{"floor":12,"key":"Venom Potion"},{"floor":16,"key":"LifebloodPotion"},{"floor":18,"key":"SpeedPotion"}],"is_trial":false,"path_per_floor":["M","M","$","M","?","R","E","R","T","E","M","M","R","M","R","B",null,"M","?","?","M","?","R","E","$","T","M","R","M","M","?","R","B"],"character_chosen":"DEFECT","items_purchased":["Defragment","Energy Potion"],"campfire_rested":5,"item_purchase_floors":[3,25],"current_hp_per_floor":[57,56,56,49,49,49,11,32,32,31,33,12,33,7,28,10,56,51,51,51,49,49,49,10,10,10,5,26,19,21,21,42,0,0],"gold":228,"neow_bonus":"BOSS_RELIC","is_daily":false,"chose_seed":false,"campfire_upgraded":2,"win_rate":0.0,"timestamp":1613162857,"path_taken":["M","M","$","M","?","R","E","R","T","E","M","M","R","?","R","BOSS","M","?","?","M","?","R","E","$","T","M","R","M","M","?","R","BOSS"],"items_purchased_type":["Card","Potion"],"build_version":"2020-12-22","purchased_purges":1,"victory":false,"max_hp_per_floor":[71,71,71,71,71,71,71,71,71,71,71,71,71,71,71,71,71,71,71,71,71,71,71,71,71,71,71,71,71,71,71,71,71,71],"relic_stats":{"counters":[16,106],"Tiny Chest":0,"obtain_stats":[{"hubris:BallOfYels":27,"hubris:64BitClover":7,"hubris:SoftwareUpdate":10,"hubris:AstralHammer":26,"Tiny Chest":24,"Cracked Core":0,"Empty Cage":17,"reliquary:PurpleTingedLeaf":9,"Runic Pyramid":0},{"hubris:BallOfYels":13,"hubris:64BitClover":4,"hubris:SoftwareUpdate":5,"hubris:AstralHammer":12,"Tiny Chest":12,"Cracked Core":0,"Empty Cage":9,"reliquary:PurpleTingedLeaf":4,"Runic Pyramid":0},{"hubris:BallOfYels":78,"hubris:64BitClover":22,"hubris:SoftwareUpdate":31,"hubris:AstralHammer":70,"Tiny Chest":70,"Cracked Core":0,"Empty Cage":51,"reliquary:PurpleTingedLeaf":22,"Runic Pyramid":0}]},"card_choices":[{"not_picked":["Compile Driver","Rebound"],"picked":"FIFO Queue","floor":1},{"not_picked":["Streamline","Go for the Eyes"],"picked":"Cold Snap","floor":2},{"not_picked":["Steam","Auto Shields"],"picked":"Defragment","floor":4},{"not_picked":["BootSequence","Beam Cell"],"picked":"Ball Lightning","floor":7},{"not_picked":["Compile Driver","Beam Cell"],"picked":"Ball Lightning","floor":10},{"not_picked":["Chaos","Undo"],"picked":"Static Discharge","floor":11},{"not_picked":["Beam Cell","Conserve Battery"],"picked":"Recycle","floor":12},{"not_picked":["Reinforced Body","Rip and Tear"],"picked":"Glacier","floor":14},{"not_picked":["Machine Learning","Multi-Cast"],"picked":"Fission","floor":16},{"not_picked":["Genetic Algorithm","Go for the Eyes"],"picked":"Chill","floor":18},{"not_picked":["Compile Driver","Force Field+1"],"picked":"Turbo","floor":21},{"not_picked":["Skim","Darkness"],"picked":"Stack+1","floor":24},{"not_picked":["Hologram","Aggregate","Darkness"],"picked":"SKIP","floor":27},{"not_picked":["Gash","Fusion"],"picked":"Sweeping Beam","floor":29},{"not_picked":["Sweeping Beam","BasicCrystalCard","Hello World"],"picked":"SKIP","floor":30}],"player_experience":1115410,"relics_obtained":[{"floor":7,"key":"hubris:64BitClover"},{"floor":9,"key":"reliquary:PurpleTingedLeaf"},{"floor":10,"key":"hubris:SoftwareUpdate"},{"floor":24,"key":"Tiny Chest"},{"floor":26,"key":"hubris:AstralHammer"},{"floor":27,"key":"hubris:BallOfYels"}],"event_choices":[{"damage_healed":0,"gold_gain":0,"player_choice":"0 cards matched","damage_taken":0,"max_hp_gain":0,"max_hp_loss":0,"event_name":"Match and Keep!","floor":5,"gold_loss":0,"cards_obtained":[]},{"damage_healed":0,"gold_gain":0,"player_choice":"Simplicity","damage_taken":0,"max_hp_gain":0,"max_hp_loss":0,"event_name":"Back to Basics","floor":19,"gold_loss":0,"cards_upgraded":["Strike_B","Strike_B","Defend_B","Defend_B","Defend_B","Defend_B"]},{"damage_healed":0,"gold_gain":0,"player_choice":"Ignored","damage_taken":0,"max_hp_gain":0,"max_hp_loss":0,"event_name":"Ghosts","floor":20,"gold_loss":0},{"damage_healed":0,"gold_gain":0,"player_choice":"Ignored","damage_taken":0,"max_hp_gain":0,"max_hp_loss":0,"event_name":"Vampires","floor":22,"gold_loss":0}],"is_beta":false,"boss_relics":[{"not_picked":["reliquary:WritOfMandamus","Snecko Eye"],"picked":"Empty Cage"}],"items_purged_floors":[25],"is_endless":false,"potions_floor_spawned":[1,10,12,16,18],"killed_by":"Collector","ascension_level":20}}