{"host":"Hutts","time":1613113847,"event":{"mods":["BaseMod","Downfall","Googly Eyes","Minty Spire (QoL Compilation)","StSLib","The Cursed","The IronCluck"],"gold_per_floor":[15,25,25,44,44,44,78,98,172,172,211,211,56,70,70,195,195,219,49,49,70,93,133,133,232,302,323,323,339,339,357,357,357,357],"floor_reached":33,"language":"ENG","playtime":1176,"items_purged":["Strike_R"],"score":316,"play_id":"082ca533-b737-4b8e-935a-cdc51416828e","local_time":"20210212011047","is_ascension_mode":true,"campfire_choices":[{"data":"Body Slam","floor":6,"key":"SMITH"},{"floor":10,"key":"REST"},{"data":"Body Slam","floor":15,"key":"SMITH"},{"floor":24,"key":"REST"},{"floor":28,"key":"REST"},{"data":"Entrench","floor":30,"key":"SMITH"},{"data":"Metallicize","floor":32,"key":"SMITH"}],"circlet_count":0,"master_deck":["Strike_R","Strike_R","Strike_R","Strike_R","Defend_R","Defend_R","Defend_R","Defend_R","Bash","Panache","Body Slam+1","Body Slam+1","Clash","Anger","Clash","Pommel Strike","Thunderclap","Entrench+1","Metallicize+1","Body Slam+1","Juggernaut","Shrug It Off","Clash","Sentinel+1","Anger+1","Seeing Red","Infernal Blade+1","Body Slam+1"],"relics":["Burning Blood","Golden Idol","Champion Belt","StrikeDummy","Lantern","Black Star","Anchor","Nunchaku","Pear"],"acts_visited":["Exordium","TheCity"],"potions_floor_usage":[7,11,22,31,33],"damage_taken":[{"damage":3,"enemies":"2 Louse","floor":1,"turns":4},{"damage":5,"enemies":"Small Slimes","floor":2,"turns":4},{"damage":9,"enemies":"Cultist","floor":4,"turns":4},{"damage":16,"enemies":"Lagavulin","floor":7,"turns":5},{"damage":9,"enemies":"Gremlin Gang","floor":8,"turns":5},{"damage":9,"enemies":"3 Sentries","floor":11,"turns":4},{"damage":3,"enemies":"Exordium Wildlife","floor":14,"turns":3},{"damage":49,"enemies":"Hexaghost","floor":16,"turns":9},{"damage":13,"enemies":"3 Byrds","floor":18,"turns":5},{"damage":24,"enemies":"Spheric Guardian","floor":21,"turns":4},{"damage":18,"enemies":"Snake Plant","floor":22,"turns":4},{"damage":37,"enemies":"Slavers","floor":23,"turns":5},{"damage":5,"enemies":"Snecko","floor":27,"turns":5},{"damage":21,"enemies":"Shelled Parasite and Fungi","floor":29,"turns":5},{"damage":6,"enemies":"Centurion and Healer","floor":31,"turns":5},{"damage":91,"enemies":"Champ","floor":33,"turns":10}],"seed_played":"-8303470606869681619","potions_obtained":[{"floor":4,"key":"hexamod:SoulburnPotion"},{"floor":8,"key":"LiquidMemories"},{"floor":18,"key":"EssenceOfSteel"},{"floor":29,"key":"BloodPotion"},{"floor":31,"key":"DistilledChaos"}],"is_trial":false,"path_per_floor":["M","M","?","M","$","R","E","M","T","R","E","?","$","M","R","B",null,"M","$","?","M","M","E","R","?","T","M","R","M","R","M","R","B"],"character_chosen":"IRONCLAD","items_purchased":["Entrench","Metallicize","Shrug It Off","Clash"],"campfire_rested":3,"item_purchase_floors":[13,13,19,19],"current_hp_per_floor":[80,80,60,57,57,57,47,44,44,68,65,65,65,68,68,25,80,73,73,73,55,43,12,36,36,46,47,74,59,59,77,77,0,0],"gold":357,"neow_bonus":"RANDOM_COLORLESS_2","is_daily":false,"chose_seed":false,"campfire_upgraded":4,"win_rate":0.0,"timestamp":1613113847,"path_taken":["M","M","?","M","$","R","E","M","T","R","E","?","$","M","R","BOSS","M","$","?","?","M","E","R","?","T","M","R","M","R","M","R","BOSS"],"items_purchased_type":["Card","Card","Card","Card"],"build_version":"2020-12-18","purchased_purges":1,"victory":false,"max_hp_per_floor":[80,80,80,80,80,80,80,80,80,80,80,80,80,80,80,80,80,80,80,80,80,80,80,80,80,90,90,90,90,90,90,90,90,90],"card_choices":[{"not_picked":["Secret Technique","Metamorphosis"],"picked":"Panache","floor":0},{"not_picked":["Shockwave","Intimidate"],"picked":"Body Slam","floor":1},{"not_picked":["Headbutt","Heavy Blade"],"picked":"Body Slam","floor":2},{"not_picked":["Perfected Strike","Thunderclap"],"picked":"Clash","floor":4},{"not_picked":["Fire Breathing","Searing Blow"],"picked":"Anger","floor":7},{"not_picked":["Sword Boomerang","Feed"],"picked":"Clash","floor":8},{"not_picked":["Wild Strike","Searing Blow"],"picked":"Pommel Strike","floor":11},{"not_picked":["Warcry","Perfected Strike"],"picked":"Body Slam","floor":14},{"not_picked":["Impervious","Berserk"],"picked":"Juggernaut","floor":16},{"not_picked":["Havoc","Pummel","Burning Pact"],"picked":"SKIP","floor":18},{"not_picked":["Evolve","Reckless Charge"],"picked":"Sentinel+1","floor":21},{"not_picked":["Thunderclap","Rupture"],"picked":"Anger+1","floor":22},{"not_picked":["Berserk","Dropkick+1"],"picked":"Seeing Red","floor":23},{"not_picked":["Pommel Strike+1","Heavy Blade+1"],"picked":"Infernal Blade+1","floor":27},{"not_picked":["Sentinel","Pummel"],"picked":"Body Slam+1","floor":29},{"not_picked":["Shrug It Off","Pommel Strike","Body Slam"],"picked":"SKIP","floor":31}],"player_experience":1042461,"relics_obtained":[{"floor":7,"key":"Champion Belt"},{"floor":9,"key":"StrikeDummy"},{"floor":11,"key":"Lantern"},{"floor":23,"key":"Anchor"},{"floor":23,"key":"Nunchaku"},{"floor":26,"key":"Pear"}],"event_choices":[{"damage_healed":0,"gold_gain":0,"player_choice":"Take Damage","damage_taken":20,"relics_obtained":["Golden Idol"],"max_hp_gain":0,"max_hp_loss":0,"event_name":"Golden Idol","floor":3,"gold_loss":0},{"damage_healed":0,"gold_gain":0,"player_choice":"1 cards matched","damage_taken":0,"max_hp_gain":0,"max_hp_loss":0,"event_name":"Match and Keep!","floor":12,"gold_loss":0,"cards_obtained":["Thunderclap"]},{"damage_healed":0,"gold_gain":0,"player_choice":"Forge","damage_taken":0,"max_hp_gain":0,"max_hp_loss":0,"event_name":"Accursed Blacksmith","floor":20,"gold_loss":0,"cards_upgraded":["Body Slam"]},{"damage_healed":0,"gold_gain":99,"player_choice":"Stole From Cult","damage_taken":0,"max_hp_gain":0,"max_hp_loss":0,"event_name":"Nest","floor":25,"gold_loss":0}],"is_beta":true,"boss_relics":[{"not_picked":["Snecko Eye","Fusion Hammer"],"picked":"Black Star"}],"items_purged_floors":[19],"is_endless":false,"potions_floor_spawned":[4,8,18,29,31],"killed_by":"Champ","ascension_level":1}}