{"host":"yans4pr1zf0lm9bx","time":1613148678,"event":{"mods":["AchievementEnabler","BaseMod","Minty Spire (QoL Compilation)","Replay The Spire","Shop Mod","StSLib","SuperFastMode","slay the spire mod where everything is the same but ironclad has a cowboy hat"],"gold_per_floor":[111,36,36,55,55,55,79,79,79,95,42,42,77,94,94,199,199,213,213,69,85,101,101,112,112,112,112,122,122,22,49,49,149,149,168,168,192,42,59,59,59,89,157,174,211,211,0,28,28,28,28,28,28,67,67],"floor_reached":56,"language":"ENG","playtime":2110,"items_purged":["Strike_R","Looming Evil"],"score":1455,"play_id":"bfc41994-a4e9-421e-8dd9-58cb8e414fe8","local_time":"20210212115118","is_ascension_mode":true,"campfire_choices":[{"data":"Thunderclap","floor":6,"key":"SMITH"},{"data":"Disarm","floor":8,"key":"SMITH"},{"data":"Pommel Strike","floor":12,"key":"SMITH"},{"data":"Demonic Infusion","floor":15,"key":"SMITH"},{"data":"Demonic Infusion","floor":23,"key":"SMITH"},{"data":"Corruption","floor":25,"key":"SMITH"},{"data":"Feed","floor":29,"key":"SMITH"},{"data":"ReplayTheSpireMod:Strike From Hell+1","floor":40,"key":"PURGE"},{"data":"ReplayTheSpireMod:Necrogeddon","floor":46,"key":"SMITH"},{"floor":49,"key":"RECALL"},{"data":"Warcry","floor":52,"key":"SMITH"}],"circlet_count":0,"master_deck":["Strike_R+1","Strike_R+1","Defend_R+1","Defend_R+1","Defend_R+1","Defend_R+1","Bash","Disarm+1","Thunderclap+1","Wild Strike+1","Pommel Strike+1","Demonic Infusion+1","Corruption+1","Fire Breathing","Demonic Infusion+1","Dropkick+1","Dark Embrace+1","Feed+1","Berserk","Rage+1","ReplayTheSpireMod:Necrogeddon+1","Feel No Pain+1","Writhe","ReplayTheSpireMod:Muscle Training+1","Warcry+1","Shrug It Off","Burning Pact"],"relics":["Burning Blood","Ring of Searing","Ring of Fury","HornCleat","Replay:Ringing Soul","Black Star","StrikeDummy","Replay:Bottled Eggs","Replay:Multitool","Turnip","SlaversCollar","Pen Nib","Vajra","CaptainsWheel","Regal Pillow","Bottled Flame","Calipers","CeramicFish","Red Mask","StoneCalendar","ReplayTheSpireMod:Lightbulb"],"acts_visited":["Exordium","TheCity","TheBeyond","TheEnding"],"potions_floor_usage":[24,31,35,42,45,54,55],"damage_taken":[{"damage":6,"enemies":"Cultist","floor":1,"turns":4},{"damage":5,"enemies":"2 Louse","floor":4,"turns":3},{"damage":4,"enemies":"Jaw Worm","floor":10,"turns":3},{"damage":3,"enemies":"Lagavulin","floor":13,"turns":3},{"damage":7,"enemies":"Blue Slaver","floor":14,"turns":2},{"damage":34,"enemies":"Hexaghost","floor":16,"turns":8},{"damage":24,"enemies":"2 Thieves","floor":18,"turns":3},{"damage":16,"enemies":"Shell Parasite","floor":21,"turns":4},{"damage":0,"enemies":"Snecko","floor":22,"turns":4},{"damage":10,"enemies":"Snake Plant","floor":24,"turns":4},{"damage":28,"enemies":"Centurion and Healer","floor":28,"turns":5},{"damage":20,"enemies":"Book of Stabbing","floor":31,"turns":5},{"damage":54,"enemies":"Pondfish","floor":33,"turns":10},{"damage":38,"enemies":"3 Darklings","floor":35,"turns":4},{"damage":13,"enemies":"Orb Walker","floor":39,"turns":4},{"damage":23,"enemies":"Giant Head","floor":42,"turns":5},{"damage":22,"enemies":"4 Shapes","floor":44,"turns":3},{"damage":21,"enemies":"Nemesis","floor":45,"turns":5},{"damage":0,"enemies":"Transient","floor":48,"turns":5},{"damage":33,"enemies":"Replay:Hell Engine","floor":50,"turns":7},{"damage":55,"enemies":"Shield and Spear","floor":54,"turns":7},{"damage":71,"enemies":"The Heart","floor":55,"turns":8}],"seed_played":"-5385649458162064003","potions_obtained":[{"floor":1,"key":"Elixir"},{"floor":22,"key":"Flashbang"},{"floor":24,"key":"Swift Potion"},{"floor":28,"key":"Venom Potion"},{"floor":33,"key":"PowerPotion"},{"floor":39,"key":"Doom Potion"},{"floor":44,"key":"Toxic Potion"}],"is_trial":false,"path_per_floor":["M","$","?","M","?","R","T","R","T","M","$","R","E","M","R","B",null,"M","?","$","M","M","R","M","R","T","T","M","R","$","E","R","B",null,"M","?","T","$","M","R","?","E","T","M","E","R","?","M","R","B",null,"R","$","E","B",null],"character_chosen":"IRONCLAD","items_purchased":["Pommel Strike","Demonic Infusion","Vajra"],"campfire_rested":0,"item_purchase_floors":[11,20,38],"current_hp_per_floor":[56,56,56,57,57,57,57,57,57,59,59,59,65,64,64,39,86,71,71,74,64,73,73,72,72,72,72,53,53,53,42,73,28,107,82,85,85,85,81,81,114,97,97,84,72,72,72,81,81,54,132,132,132,90,25],"gold":67,"neow_bonus":"REMOVE_TWO","is_daily":false,"chose_seed":false,"campfire_upgraded":9,"win_rate":0.0,"timestamp":1613148678,"path_taken":["M","$","?","M","?","R","?","R","T","M","$","R","E","M","R","BOSS","M","?","$","M","M","R","M","R","T","?","M","R","$","E","R","BOSS","M","?","?","$","?","R","?","E","T","M","E","R","?","M","R","BOSS","R","$","E","BOSS"],"items_purchased_type":["Card","Card","Relic"],"build_version":"2020-12-22","purchased_purges":2,"victory":true,"max_hp_per_floor":[80,80,80,80,80,80,80,80,80,80,80,80,83,83,83,86,86,89,89,92,92,95,95,98,98,98,98,101,101,101,104,104,107,107,114,117,117,117,120,120,123,123,123,126,129,129,129,132,132,132,132,132,132,139,139],"card_choices":[{"not_picked":["Clothesline","Havoc"],"picked":"Disarm","floor":1},{"not_picked":["Run Through","Dark Embrace"],"picked":"Thunderclap","floor":4},{"not_picked":["Headbutt","Anger"],"picked":"Wild Strike","floor":10},{"not_picked":["Disarm","Replay:Undeath\u0027s Touch"],"picked":"Demonic Infusion","floor":13},{"not_picked":["Thunderclap","Anger","ReplayTheSpireMod:LeadingStrike"],"picked":"SKIP","floor":14},{"not_picked":["Bludgeon","Brutality"],"picked":"Corruption","floor":16},{"not_picked":["True Grit","Headbutt"],"picked":"Fire Breathing","floor":18},{"not_picked":["Headbutt","Warcry","Pummel"],"picked":"SKIP","floor":21},{"not_picked":["Life Link","Bloodletting"],"picked":"Dropkick+1","floor":22},{"not_picked":["Armaments","Clothesline"],"picked":"Dark Embrace","floor":24},{"not_picked":["Twin Strike","ReplayTheSpireMod:Strike From Hell"],"picked":"Feed","floor":28},{"not_picked":["ReplayTheSpireMod:Muscle Training","Wild Strike"],"picked":"ReplayTheSpireMod:Strike From Hell+1","floor":31},{"not_picked":["Feed","Hemogenesis"],"picked":"Berserk","floor":33},{"not_picked":["Wild Strike","Armaments"],"picked":"Rage+1","floor":35},{"not_picked":["Specialist","Panacea"],"picked":"ReplayTheSpireMod:Necrogeddon","floor":36},{"not_picked":["Havoc","Iron Wave+1"],"picked":"Feel No Pain+1","floor":39},{"not_picked":["Iron Wave","Perfected Strike+1","Rupture+1"],"picked":"SKIP","floor":42},{"not_picked":["Pommel Strike","Cleave+1"],"picked":"ReplayTheSpireMod:Muscle Training+1","floor":44},{"not_picked":["Perfected Strike+1","Blood for Blood"],"picked":"Warcry","floor":45},{"not_picked":["Wild Strike+1","Juggernaut"],"picked":"Shrug It Off","floor":48},{"not_picked":["Body Slam+1","Clothesline+1"],"picked":"Burning Pact","floor":54}],"player_experience":292295,"relics_obtained":[{"floor":5,"key":"Ring of Searing"},{"floor":5,"key":"Ring of Fury"},{"floor":9,"key":"HornCleat"},{"floor":13,"key":"Replay:Ringing Soul"},{"floor":26,"key":"StrikeDummy"},{"floor":27,"key":"Replay:Bottled Eggs"},{"floor":31,"key":"Replay:Multitool"},{"floor":31,"key":"Turnip"},{"floor":37,"key":"Pen Nib"},{"floor":42,"key":"CaptainsWheel"},{"floor":42,"key":"Regal Pillow"},{"floor":43,"key":"Bottled Flame"},{"floor":45,"key":"Calipers"},{"floor":45,"key":"CeramicFish"},{"floor":54,"key":"StoneCalendar"},{"floor":54,"key":"ReplayTheSpireMod:Lightbulb"}],"event_choices":[{"damage_healed":0,"gold_gain":0,"player_choice":"Ignored","damage_taken":0,"max_hp_gain":0,"max_hp_loss":0,"event_name":"Liars Game","floor":3,"gold_loss":0},{"damage_healed":0,"gold_gain":0,"player_choice":"Simplicity","damage_taken":0,"max_hp_gain":0,"max_hp_loss":0,"event_name":"Back to Basics","floor":19,"gold_loss":0,"cards_upgraded":["Strike_R","Strike_R","Defend_R","Defend_R","Defend_R","Defend_R"]},{"damage_healed":0,"gold_gain":0,"player_choice":"Memory 1","damage_taken":0,"max_hp_gain":0,"max_hp_loss":0,"event_name":"SensoryStone","floor":36,"gold_loss":0},{"damage_healed":30,"gold_gain":0,"player_choice":"Writhe","damage_taken":0,"max_hp_gain":0,"max_hp_loss":0,"event_name":"Winding Halls","floor":41,"gold_loss":0,"cards_obtained":["Writhe"]},{"damage_healed":0,"gold_gain":0,"player_choice":"Paid","damage_taken":0,"relics_obtained":["Red Mask"],"max_hp_gain":0,"max_hp_loss":0,"event_name":"Tomb of Lord Red Mask","floor":47,"gold_loss":211}],"is_beta":false,"boss_relics":[{"not_picked":["Coffee Dripper","Painkiller Herb"],"picked":"Black Star"},{"not_picked":["Replay:Wanted Poster","Snecko Eye"],"picked":"SlaversCollar"}],"items_purged_floors":[2,30],"is_endless":false,"potions_floor_spawned":[1,22,24,28,33,39,44],"ascension_level":4}}