{"host":"jd4bep4c4aw5c310","time":1613161188,"event":{"mods":["AchievementEnabler","Aspiration","BaseMod","Bestiary","Better Third Choice","Conspire","Curses Come First","Downfall","Fox Events","Hubris","Minty Spire (QoL Compilation)","Relic Stats","Reliquary","Replay The Spire","Spire Arcade","StS++","StSLib","The Blue Laboratory"],"gold_per_floor":[115,115,3,14,14,14,28,28,102,102,102,65,84,101,101,296,296,416,431,411,59,110,143,143,143,143,143,143,168,186,219,219,326,326,340,340,358,376,376,393,393,436,459,459,53,64,64,84,84,84],"floor_reached":51,"language":"ENG","playtime":5725,"items_purged":["Strike_R","Strike_R"],"score":593,"play_id":"7bcf8533-b8c8-476b-95e3-99bbfbda1489","local_time":"20210212201948","is_ascension_mode":false,"campfire_choices":[{"data":"conspire:ExplosiveBarrier","floor":6,"key":"SMITH"},{"floor":10,"key":"REST"},{"data":"Burn","floor":15,"key":"PURGE"},{"data":"Flame Barrier","floor":28,"key":"SMITH"},{"data":"ReplayReversal","floor":28,"key":"SMITH"},{"data":"Thunderclap","floor":32,"key":"SMITH"},{"data":"Bash","floor":32,"key":"SMITH"},{"data":"StSpp:Jab","floor":41,"key":"SMITH"},{"data":"Reaper","floor":41,"key":"SMITH"},{"data":"Clothesline","floor":44,"key":"SMITH"},{"data":"Rampage","floor":44,"key":"SMITH"},{"data":"ReplayTheSpireMod:Stacked","floor":47,"key":"SMITH"},{"data":"Pot Of Greed","floor":47,"key":"SMITH"},{"data":"Defend_R","floor":49,"key":"SMITH"},{"data":"Defend_R","floor":49,"key":"SMITH"}],"circlet_count":0,"master_deck":["Strike_R","Strike_R","Strike_R","Defend_R+1","Defend_R","Defend_R+1","Bash+1","Rampage+1","StSpp:Jab+1","conspire:ExplosiveBarrier+1","Thunderclap+1","Clash+1","Flame Barrier+1","ReplayReversal+1","Body Slam+1","Pot Of Greed+1","Pot Of Greed","Flex+1","Reaper+1","Armaments+1","Headbutt+1","Cleave+1","Clothesline+1","ReplayTheSpireMod:Stacked+1","Thunderclap+1","Pot Of Greed"],"relics":["Burning Blood","hubris:Icosahedron","aspiration:ChemicalBlood","Replay:Arrowhead","Sundial","bronze:MakeshiftBattery","Replay:Ringing Soul","Bronze Scales","Mummified Hand","Grinning Jar","MealTicket","reliquary:MedicineBall","aspiration:PoetsPen_weak","Magic Flower","reliquary:WeakTea","aspiration:KaomsHeart"],"acts_visited":["Exordium","TheCity","TheBeyond"],"potions_floor_usage":[14,16,16,23,23,29,29,31,33,33,33,33,40,40,50,50,50,50],"damage_taken":[{"damage":1,"enemies":"2 Louse","floor":1,"turns":5},{"damage":11,"enemies":"Jaw Worm","floor":4,"turns":4},{"damage":1,"enemies":"Cultist","floor":7,"turns":4},{"damage":4,"enemies":"2 Fungi Beasts","floor":13,"turns":2},{"damage":5,"enemies":"Looter","floor":14,"turns":3},{"damage":31,"enemies":"The Guardian","floor":16,"turns":9},{"damage":1,"enemies":"conspire:FuzzyDice","floor":18,"turns":7},{"damage":2,"enemies":"Shell Parasite","floor":19,"turns":4},{"damage":12,"enemies":"Book of Stabbing","floor":23,"turns":5},{"damage":5,"enemies":"conspire:SneckoGhost","floor":29,"turns":6},{"damage":0,"enemies":"Chosen and Byrds","floor":30,"turns":4},{"damage":6,"enemies":"Slavers","floor":31,"turns":4},{"damage":80,"enemies":"hubris:MusketHawk","floor":33,"turns":11},{"damage":4,"enemies":"3 Shapes","floor":35,"turns":2},{"damage":2,"enemies":"Orb Walker","floor":37,"turns":2},{"damage":1,"enemies":"Spire Growth","floor":38,"turns":4},{"damage":10,"enemies":"Maw","floor":40,"turns":6},{"damage":27,"enemies":"Sphere and 2 Shapes","floor":46,"turns":4},{"damage":0,"enemies":"Jaw Worm Horde","floor":48,"turns":2},{"damage":173,"enemies":"Replay:Hell Engine","floor":50,"turns":11}],"seed_played":"-5055879006655240286","potions_obtained":[{"floor":4,"key":"GamblersBrew"},{"floor":13,"key":"blueLaboratory:AbyssPotion"},{"floor":19,"key":"blueLaboratory:IronCompound"},{"floor":20,"key":"EssenceOfSteel"},{"floor":23,"key":"blueLaboratory:BottledHope"},{"floor":30,"key":"blueLaboratory:FruitPunch"},{"floor":38,"key":"Guardian:BlockOnCardUsePotion"},{"floor":39,"key":"blueLaboratory:FruitPreserves"},{"floor":39,"key":"blueLaboratory:PhilterOfMotion"}],"is_trial":false,"path_per_floor":["M","?","$","M","?","R","M","?","T","R","?","$","M","M","R","B",null,"M","M","?","$","T","E","?","?","T","$","R","E","M","E","R","B",null,"M","?","M","M","?","M","R","?","T","R","$","M","R","M","R","B",null],"character_chosen":"IRONCLAD","items_purchased":["StSpp:Jab","Clash+1","Replay:Ringing Soul","aspiration:KaomsHeart"],"campfire_rested":1,"item_purchase_floors":[3,12,21,45],"current_hp_per_floor":[80,80,80,75,80,80,80,43,43,67,67,67,69,70,70,45,80,80,80,80,80,80,77,77,77,80,80,80,81,89,91,91,20,94,97,97,100,103,103,99,99,102,102,102,206,191,191,212,212,131],"gold":84,"neow_bonus":"","is_daily":false,"chose_seed":false,"campfire_upgraded":13,"win_rate":0.0,"timestamp":1613161188,"path_taken":["M","?","$","M","?","R","?","?","T","R","?","?","?","M","R","BOSS","M","M","?","$","?","E","?","?","T","?","R","E","?","E","R","BOSS","M","?","M","M","?","?","R","?","T","R","$","M","R","M","R","BOSS"],"items_purchased_type":["Card","Card","Relic","Relic"],"build_version":"2020-12-22","purchased_purges":2,"victory":true,"max_hp_per_floor":[80,80,80,80,80,80,80,80,80,80,80,80,80,80,80,80,80,80,80,80,80,80,83,83,83,86,86,86,86,89,91,91,94,94,97,97,100,103,103,103,103,106,106,106,206,209,209,212,212,212],"relic_stats":{"counters":[20,98],"Sundial":[16],"Mummified Hand":[0],"Bronze Scales":[127],"Magic Flower":[31],"MealTicket":4,"obtain_stats":[{"Magic Flower":42,"aspiration:PoetsPen_weak":34,"reliquary:WeakTea":43,"Burning Blood":0,"Replay:Arrowhead":8,"Replay:Ringing Soul":21,"hubris:Icosahedron":2,"Sundial":9,"Mummified Hand":23,"Bronze Scales":22,"MealTicket":29,"aspiration:KaomsHeart":45,"reliquary:MedicineBall":31,"Grinning Jar":26,"bronze:MakeshiftBattery":17,"aspiration:ChemicalBlood":8},{"Magic Flower":17,"aspiration:PoetsPen_weak":13,"reliquary:WeakTea":17,"Burning Blood":0,"Replay:Arrowhead":3,"Replay:Ringing Soul":8,"hubris:Icosahedron":1,"Sundial":3,"Mummified Hand":9,"Bronze Scales":8,"MealTicket":10,"aspiration:KaomsHeart":17,"reliquary:MedicineBall":12,"Grinning Jar":9,"bronze:MakeshiftBattery":6,"aspiration:ChemicalBlood":3},{"Magic Flower":82,"aspiration:PoetsPen_weak":68,"reliquary:WeakTea":82,"Burning Blood":0,"Replay:Arrowhead":13,"Replay:Ringing Soul":38,"hubris:Icosahedron":5,"Sundial":13,"Mummified Hand":43,"Bronze Scales":38,"MealTicket":49,"aspiration:KaomsHeart":82,"reliquary:MedicineBall":57,"Grinning Jar":43,"bronze:MakeshiftBattery":27,"aspiration:ChemicalBlood":13}],"Burning Blood":84},"card_choices":[{"not_picked":["ReplayTheSpireMod:Strike From Hell","Anger"],"picked":"Rampage","floor":1},{"not_picked":["Hemokinesis","StSpp:MuscleMemory"],"picked":"conspire:ExplosiveBarrier","floor":4},{"not_picked":["Body Slam","StSpp:CounterStrike"],"picked":"Thunderclap","floor":7},{"not_picked":["Warcry","Sword Boomerang","Clothesline"],"picked":"SKIP","floor":13},{"not_picked":["Abandon","Combust","Anger"],"picked":"SKIP","floor":14},{"not_picked":["Perfected Strike","Replay:Undeath\u0027s Touch"],"picked":"Flame Barrier","floor":18},{"not_picked":["Warcry","Massacre"],"picked":"ReplayReversal","floor":19},{"not_picked":["Battle Trance","Thunderclap"],"picked":"Body Slam+1","floor":23},{"not_picked":["StSpp:Succumb","Perfected Strike+1","Corruption"],"picked":"SKIP","floor":29},{"not_picked":["Anger+1","Dark Embrace"],"picked":"Flex+1","floor":30},{"not_picked":["Thunderclap","Warcry+1","StSpp:TheBiggerTheyAre"],"picked":"SKIP","floor":31},{"not_picked":["Berserk","StSpp:BladeOfBlood"],"picked":"Reaper","floor":33},{"not_picked":["Power Through","Iron Wave+1"],"picked":"Armaments+1","floor":35},{"not_picked":["Thunderclap","Burning Pact+1"],"picked":"Headbutt+1","floor":37},{"not_picked":["Thunderclap","Sword Boomerang"],"picked":"Cleave+1","floor":38},{"not_picked":["Flex","Fire Breathing","Clothesline"],"picked":"SKIP","floor":40},{"not_picked":["True Grit+1","Sword Boomerang"],"picked":"Clothesline","floor":42},{"not_picked":["Pommel Strike","Power Through"],"picked":"ReplayTheSpireMod:Stacked","floor":46},{"not_picked":["Perfected Strike+1","Shrug It Off+1"],"picked":"Thunderclap+1","floor":48}],"player_experience":0,"relics_obtained":[{"floor":9,"key":"Sundial"},{"floor":22,"key":"Bronze Scales"},{"floor":23,"key":"Mummified Hand"},{"floor":26,"key":"Grinning Jar"},{"floor":29,"key":"MealTicket"},{"floor":31,"key":"reliquary:MedicineBall"},{"floor":42,"key":"Magic Flower"},{"floor":43,"key":"reliquary:WeakTea"}],"event_choices":[{"damage_healed":0,"gold_gain":1,"player_choice":"Relic Relic ","damage_taken":37,"max_hp_gain":0,"max_hp_loss":0,"event_name":"betterThird:BetterScrap","floor":8,"gold_loss":0,"cards_obtained":["Malaise"]},{"damage_healed":67,"gold_gain":0,"player_choice":"Embrace Burn","damage_taken":0,"max_hp_gain":0,"max_hp_loss":80,"event_name":"betterThird:BetterShining","floor":11,"gold_loss":0},{"damage_healed":0,"gold_gain":0,"player_choice":"Bought 1 Potion","damage_taken":0,"max_hp_gain":0,"max_hp_loss":0,"event_name":"The Woman in Blue","floor":20,"gold_loss":0},{"damage_healed":0,"gold_gain":0,"player_choice":"Ignored","damage_taken":0,"max_hp_gain":0,"max_hp_loss":0,"event_name":"Ghosts","floor":25,"gold_loss":0},{"cards_removed":["Defend_R"],"damage_healed":0,"gold_gain":0,"player_choice":"Removed Skill","damage_taken":0,"max_hp_gain":0,"max_hp_loss":0,"event_name":"Falling","floor":36,"gold_loss":0},{"damage_healed":0,"gold_gain":0,"player_choice":"Got Potions","damage_taken":0,"max_hp_gain":0,"max_hp_loss":0,"event_name":"Lab","floor":39,"gold_loss":0}],"is_beta":false,"boss_relics":[{"not_picked":["Mark of Pain","StSpp:PileOfSugar"],"picked":"bronze:MakeshiftBattery"},{"not_picked":["Replay:Ancient Bell","ReplayTheSpireMod:DimensionalGlitch"],"picked":"aspiration:PoetsPen_weak"}],"items_purged_floors":[3,21],"is_endless":false,"potions_floor_spawned":[4,13,19,23,30,38,46],"ascension_level":0}}