{"host":"msbw0dt6hh5nqpgi","time":1613150830,"event":{"mods":["BaseMod","Minty Spire (QoL Compilation)","Replay The Spire","StSLib"],"gold_per_floor":[117,131,144,22,41,41,75,75,75,93,109,109,0,57,57,162,162,178,17,27,44,55,89,89,120,120,140,40,40,40],"floor_reached":29,"language":"ENG","playtime":3155,"items_purged":["Strike_G","Defend_G"],"score":317,"play_id":"79b00935-98e0-4bc8-9454-8c07b44b428e","local_time":"20210212182710","is_ascension_mode":false,"campfire_choices":[{"data":"Defend_G","floor":6.0,"key":"SMITH"},{"data":"Backflip","floor":8.0,"key":"SMITH"},{"data":"Infinite Blades","floor":12.0,"key":"SMITH"},{"floor":15.0,"key":"REST"},{"data":"ReplayTheSpireMod:Scrap Shanks","floor":24.0,"key":"SMITH"}],"circlet_count":0,"master_deck":["Strike_G","Defend_G","Defend_G+1","Defend_G","Defend_G","Survivor","Neutralize","Hidden Blade","Poisoned Stab","ReplayTheSpireMod:Scrap Shanks+1","Endless Agony","Fluid Movement","Dagger Throw","Backflip+1","All Out Attack","Infinite Blades+1","Flechettes","Replay:Bag of Tricks","Atom Bomb","Atom Bomb+1","Terror+1","Poisoned Stab+1","Deflect+1","Bandage Up","Noxious Fumes","Eviscerate","Noxious Fumes+1","Tactician","Tools of the Trade","Bouncing Flask","Infinite Blades+1"],"relics":["Painkiller Herb","Omamori","Shuriken","CaptainsWheel","Astrolabe","Pear","Matryoshka","Centennial Puzzle","Toxic Egg 2"],"acts_visited":["Exordium","TheCity"],"potions_floor_usage":[29],"damage_taken":[{"damage":3.0,"enemies":"Jaw Worm","floor":1.0,"turns":4.0},{"damage":0.0,"enemies":"Small Slimes","floor":2.0,"turns":3.0},{"damage":0.0,"enemies":"Cultist","floor":3.0,"turns":3.0},{"damage":13.0,"enemies":"Exordium Wildlife","floor":5.0,"turns":6.0},{"damage":8.0,"enemies":"Replay:BlueRogue","floor":7.0,"turns":7.0},{"damage":4.0,"enemies":"2 Fungi Beasts","floor":10.0,"turns":3.0},{"damage":3.0,"enemies":"Gremlin Gang","floor":11.0,"turns":3.0},{"damage":22.0,"enemies":"Gremlin Nob","floor":14.0,"turns":4.0},{"damage":0.0,"enemies":"Slime Boss","floor":16.0,"turns":5.0},{"damage":17.0,"enemies":"2 Thieves","floor":18.0,"turns":3.0},{"damage":0.0,"enemies":"Spheric Guardian","floor":20.0,"turns":1.0},{"damage":4.0,"enemies":"Centurion and Healer","floor":21.0,"turns":6.0},{"damage":0.0,"enemies":"Snecko","floor":22.0,"turns":4.0},{"damage":18.0,"enemies":"Gremlin Leader","floor":23.0,"turns":4.0},{"damage":32.0,"enemies":"Book of Stabbing","floor":25.0,"turns":5.0},{"damage":16.0,"enemies":"3 Cultists","floor":27.0,"turns":4.0},{"damage":9,"enemies":"Snake Plant","floor":29,"turns":2}],"seed_played":"955212971893614976","potions_obtained":[{"floor":2.0,"key":"SpeedPotion"},{"floor":3.0,"key":"Cursed Concoction"},{"floor":5.0,"key":"SpeedPotion"},{"floor":16.0,"key":"Poison Potion"},{"floor":18.0,"key":"EssenceOfSteel"},{"floor":25.0,"key":"Weak Potion"},{"floor":27.0,"key":"Weak Potion"}],"is_trial":false,"path_per_floor":["?","?","?","T","?","T","E","T","T","?","?","T","T","?","T","B",null,"?","T","?","?","?","E","T","E","T","?","T","?"],"character_chosen":"THE_SILENT","items_purchased":["Endless Agony","Fluid Movement","Flechettes","Bandage Up","Noxious Fumes"],"campfire_rested":1,"item_purchase_floors":[4,4,13,19,19],"current_hp_per_floor":[67,67,67,67,54,54,46,46,46,42,39,39,39,17,38,38,70,53,53,53,53,57,49,49,21,21,5,5,0,0],"gold":40,"neow_bonus":"BOSS_RELIC","is_daily":false,"chose_seed":false,"campfire_upgraded":4,"win_rate":0.0,"timestamp":1613150830,"path_taken":["?","?","?","T","?","T","E","T","T","?","?","T","T","?","T","BOSS","?","T","?","?","?","E","T","E","T","?","T","?"],"items_purchased_type":["Card","Card","Card","Card","Card"],"build_version":"2020-12-22","purchased_purges":2,"victory":false,"max_hp_per_floor":[70,70,70,70,70,70,70,70,70,70,70,70,70,70,70,70,70,70,70,70,70,70,80,80,80,80,80,80,80,80],"card_choices":[{"not_picked":["Caltrops","PiercingWail"],"picked":"Hidden Blade","floor":1.0},{"not_picked":["Draining Mist","Outmaneuver"],"picked":"Poisoned Stab","floor":2.0},{"not_picked":["Skewer","Outmaneuver"],"picked":"ReplayTheSpireMod:Scrap Shanks","floor":3.0},{"not_picked":["Prepared","ReplayTheSpireMod:Speed Training"],"picked":"Dagger Throw","floor":5.0},{"not_picked":["Backstab","ReplayTheSpireMod:The Works"],"picked":"Backflip","floor":7.0},{"not_picked":["Leg Sweep","Poisoned Stab"],"picked":"All Out Attack","floor":10.0},{"not_picked":["Prepared","Acrobatics"],"picked":"Infinite Blades","floor":11.0},{"not_picked":["Flying Knee","Prepared"],"picked":"Replay:Bag of Tricks","floor":14.0},{"not_picked":["ReplayTheSpireMod:Necrosis","Tools of the Trade"],"picked":"Atom Bomb","floor":16.0},{"not_picked":["Hidden Blade","PiercingWail+1"],"picked":"Deflect+1","floor":18.0},{"not_picked":["ReplayTheSpireMod:Tripwire","Slice"],"picked":"Eviscerate","floor":20.0},{"not_picked":["ReplayTheSpireMod:Exploit Weakness","Flying Knee"],"picked":"Noxious Fumes+1","floor":21.0},{"not_picked":["PiercingWail","Backflip"],"picked":"Tactician","floor":22.0},{"not_picked":["Replay:Bag of Tricks","Sucker Punch"],"picked":"Tools of the Trade","floor":23.0},{"not_picked":["Skewer+1","Poisoned Stab"],"picked":"Bouncing Flask","floor":25.0},{"not_picked":["Dagger Spray","Terror+1"],"picked":"Infinite Blades+1","floor":27.0}],"player_experience":73219,"relics_obtained":[{"floor":7.0,"key":"Omamori"},{"floor":9.0,"key":"Shuriken"},{"floor":14.0,"key":"CaptainsWheel"},{"floor":23.0,"key":"Pear"},{"floor":25.0,"key":"Matryoshka"},{"floor":26.0,"key":"Centennial Puzzle"},{"floor":26.0,"key":"Toxic Egg 2"}],"event_choices":[{"damage_healed":0.0,"max_hp_gain":0.0,"max_hp_loss":0.0,"gold_gain":0.0,"event_name":"Dead Adventurer","player_choice":"Searched \u00272\u0027 times","floor":14.0,"gold_loss":0.0,"damage_taken":0.0}],"is_beta":false,"boss_relics":[{"not_picked":["Honey Jar","Philosopher\u0027s Stone"],"picked":"Astrolabe"}],"items_purged_floors":[13,28],"is_endless":false,"potions_floor_spawned":[2,3,5,16,18,21,25,27],"killed_by":"Snake Plant","ascension_level":0}}