{"host":"z2qbs5oitkx9dzyk","time":1613151362,"event":{"mods":["BaseMod","Colored Map","Colored Powertips","Minty Spire (QoL Compilation)","Shop Mod"],"gold_per_floor":[115,40,40,40,40,73,73,101,101,127,138,156,156,182,182,282,282,302,302,302,227,70,70,86,86,86,86,103,103,114,131,131,232,232,246,164,219,219,234,234,312,70,95,145,162,18,32,50,50,50,50],"floor_reached":50,"language":"ENG","playtime":1849,"items_purged":["Shame"],"score":491,"play_id":"b678712d-aac9-4f6f-b2b8-a2a500151400","local_time":"20210212113602","is_ascension_mode":false,"campfire_choices":[{"data":"Infernal Blade","floor":7.0,"key":"SMITH"},{"floor":13.0,"key":"REST"},{"floor":15.0,"key":"REST"},{"data":"Limit Break","floor":23.0,"key":"SMITH"},{"data":"Heavy Blade","floor":25.0,"key":"SMITH"},{"data":"Bludgeon","floor":29.0,"key":"SMITH"},{"data":"Whirlwind","floor":32.0,"key":"SMITH"},{"floor":40.0,"key":"REST"},{"floor":49.0,"key":"RECALL"}],"circlet_count":0,"master_deck":["Strike_R+1","Defend_R+1","Defend_R+1","Defend_R+1","Defend_R+1","Bash","Limit Break+1","Pommel Strike","Whirlwind+1","Infernal Blade+1","Pommel Strike+1","Heavy Blade+1","Juggernaut","Bludgeon+1","Entrench+1","Burning Pact+1","Disarm+1","Inflame+1","Clothesline+1","Whirlwind+1","Reaper+1","Heavy Blade+1","Dark Shackles","Rampage+1","Inflame","Immolate+1","Parasite","Anger+1"],"relics":["Black Blood","PreservedInsect","Sundial","Regal Pillow","Whetstone","Ancient Tea Set","Pen Nib","Astrolabe","MutagenicStrength","Vajra","Molten Egg 2","Du-Vu Doll","Kunai","Meat on the Bone","Gambling Chip","HandDrill"],"acts_visited":["Exordium","TheCity","TheBeyond"],"potions_floor_usage":[],"damage_taken":[{"damage":2.0,"enemies":"2 Louse","floor":1.0,"turns":3.0},{"damage":14.0,"enemies":"Gremlin Nob","floor":6.0,"turns":3.0},{"damage":22.0,"enemies":"3 Sentries","floor":8.0,"turns":6.0},{"damage":31.0,"enemies":"Lagavulin","floor":10.0,"turns":4.0},{"damage":6.0,"enemies":"Cultist","floor":11.0,"turns":3.0},{"damage":6.0,"enemies":"Jaw Worm","floor":12.0,"turns":2.0},{"damage":22.0,"enemies":"3 Sentries","floor":14.0,"turns":6.0},{"damage":57.0,"enemies":"The Guardian","floor":16.0,"turns":12.0},{"damage":25.0,"enemies":"Spheric Guardian","floor":18.0,"turns":4.0},{"damage":0.0,"enemies":"3 Byrds","floor":24.0,"turns":3.0},{"damage":0.0,"enemies":"Snake Plant","floor":28.0,"turns":1.0},{"damage":0.0,"enemies":"Cultist and Chosen","floor":30.0,"turns":5.0},{"damage":18.0,"enemies":"Centurion and Healer","floor":31.0,"turns":4.0},{"damage":76.0,"enemies":"Collector","floor":33.0,"turns":9.0},{"damage":15.0,"enemies":"Orb Walker","floor":35.0,"turns":2.0},{"damage":30.0,"enemies":"2 Orb Walkers","floor":37.0,"turns":2.0},{"damage":18.0,"enemies":"3 Shapes","floor":39.0,"turns":8.0},{"damage":27.0,"enemies":"Mind Bloom Boss Battle","floor":44.0,"turns":5.0},{"damage":33.0,"enemies":"Spire Growth","floor":45.0,"turns":4.0},{"damage":21.0,"enemies":"Writhing Mass","floor":47.0,"turns":6.0},{"damage":20.0,"enemies":"Transient","floor":48.0,"turns":5.0},{"damage":118,"enemies":"Donu and Deca","floor":50,"turns":6}],"seed_played":"-3293943999396110660","potions_obtained":[{"floor":10.0,"key":"BloodPotion"},{"floor":11.0,"key":"ColorlessPotion"},{"floor":14.0,"key":"GamblersBrew"},{"floor":24.0,"key":"Weak Potion"},{"floor":30.0,"key":"Fire Potion"},{"floor":31.0,"key":"DuplicationPotion"},{"floor":44.0,"key":"Fire Potion"},{"floor":45.0,"key":"SkillPotion"},{"floor":48.0,"key":"BlessingOfTheForge"}],"is_trial":false,"path_per_floor":["M","$","?","$","?","E","R","E","T","E","M","M","R","E","R","B",null,"M","?","?","?","$","R","M","R","T","$","M","R","M","M","R","B",null,"M","$","?","?","M","R","T","$","T","?","M","$","M","M","R","B"],"character_chosen":"IRONCLAD","items_purchased":["Vajra","Dark Shackles","Meat on the Bone","HandDrill"],"campfire_rested":3,"item_purchase_floors":[22,36,42,46],"current_hp_per_floor":[80,80,80,80,77,69,69,53,53,28,28,28,67,51,80,29,80,61,61,61,61,61,61,67,67,67,67,73,73,79,67,67,13,80,77,77,59,59,53,80,80,80,80,65,56,56,69,71,71,0,0],"gold":50,"neow_bonus":"THREE_RARE_CARDS","is_daily":false,"chose_seed":false,"campfire_upgraded":5,"win_rate":0.0,"timestamp":1613151362,"path_taken":["M","$","?","?","?","E","R","E","T","E","M","M","R","E","R","BOSS","M","?","?","?","$","R","M","R","T","$","M","R","?","M","R","BOSS","M","$","?","?","?","R","?","?","T","?","M","$","M","M","R","BOSS"],"items_purchased_type":["Relic","Card","Relic","Relic"],"build_version":"2020-12-22","purchased_purges":1,"victory":false,"max_hp_per_floor":[80,80,80,80,80,80,80,80,80,80,80,80,80,80,80,80,80,80,80,80,80,80,80,80,80,80,80,80,80,80,80,80,80,80,80,80,80,80,80,80,80,80,80,80,80,80,80,80,80,80,80],"card_choices":[{"not_picked":["Corruption","Offering"],"picked":"Limit Break","floor":0.0},{"not_picked":["Intimidate","Warcry"],"picked":"Pommel Strike","floor":1.0},{"not_picked":["Cleave","Wild Strike"],"picked":"Infernal Blade","floor":6.0},{"not_picked":["Body Slam","Sword Boomerang"],"picked":"Pommel Strike","floor":8.0},{"not_picked":["Thunderclap","Clash"],"picked":"Heavy Blade","floor":10.0},{"not_picked":["Havoc","Fire Breathing","Iron Wave"],"picked":"SKIP","floor":11.0},{"not_picked":["Pummel","Whirlwind"],"picked":"Juggernaut","floor":12.0},{"not_picked":["Thunderclap","Cleave","Flex"],"picked":"SKIP","floor":14.0},{"not_picked":["Limit Break","Fiend Fire"],"picked":"Bludgeon","floor":16.0},{"not_picked":["Twin Strike","Sword Boomerang"],"picked":"Disarm","floor":18.0},{"not_picked":["Pommel Strike","Clash","Flex"],"picked":"SKIP","floor":24.0},{"not_picked":["Sword Boomerang+1","Twin Strike+1"],"picked":"Inflame+1","floor":28.0},{"not_picked":["Whirlwind+1","Infernal Blade"],"picked":"Clothesline+1","floor":30.0},{"not_picked":["Bloodletting","Brutality"],"picked":"Whirlwind+1","floor":31.0},{"not_picked":["Immolate+1","Corruption"],"picked":"Reaper+1","floor":33.0},{"not_picked":["Infernal Blade","Intimidate+1"],"picked":"Heavy Blade+1","floor":35.0},{"not_picked":["Flex+1","Clash+1"],"picked":"Rampage+1","floor":39.0},{"not_picked":["Clothesline+1","Wild Strike+1"],"picked":"Inflame","floor":44.0},{"not_picked":["Twin Strike+1","Warcry+1"],"picked":"Immolate+1","floor":45.0},{"not_picked":["Shrug It Off+1","Inflame+1"],"picked":"Anger+1","floor":47.0},{"not_picked":["Havoc+1","Warcry","Twin Strike+1"],"picked":"SKIP","floor":48.0}],"player_experience":415803,"relics_obtained":[{"floor":6.0,"key":"Sundial"},{"floor":8.0,"key":"Regal Pillow"},{"floor":9.0,"key":"Whetstone"},{"floor":10.0,"key":"Ancient Tea Set"},{"floor":14.0,"key":"Pen Nib"},{"floor":26.0,"key":"Molten Egg 2"},{"floor":37.0,"key":"Du-Vu Doll"},{"floor":41.0,"key":"Kunai"},{"floor":44.0,"key":"Gambling Chip"}],"event_choices":[{"damage_healed":0.0,"max_hp_gain":0.0,"max_hp_loss":0.0,"gold_gain":0.0,"cards_transformed":["Strike_R"],"event_name":"Transmorgrifier","player_choice":"Transformed","floor":3.0,"gold_loss":0.0,"damage_taken":0.0,"cards_obtained":["Whirlwind"]},{"damage_healed":0.0,"max_hp_gain":0.0,"max_hp_loss":0.0,"gold_gain":0.0,"event_name":"Scrap Ooze","player_choice":"Success","floor":5.0,"gold_loss":0.0,"damage_taken":3.0,"relics_obtained":["PreservedInsect"]},{"damage_healed":0.0,"max_hp_gain":0.0,"max_hp_loss":0.0,"gold_gain":0.0,"event_name":"Drug Dealer","player_choice":"Inject Mutagens","floor":19.0,"gold_loss":0.0,"damage_taken":0.0,"relics_obtained":["MutagenicStrength"]},{"damage_healed":0.0,"max_hp_gain":0.0,"max_hp_loss":0.0,"gold_gain":0.0,"event_name":"Back to Basics","player_choice":"Simplicity","floor":20.0,"gold_loss":0.0,"damage_taken":0.0,"cards_upgraded":["Defend_R","Defend_R","Defend_R","Defend_R"]},{"cards_removed":["Brutality"],"damage_healed":0.0,"max_hp_gain":0.0,"max_hp_loss":0.0,"gold_gain":0.0,"event_name":"Beggar","player_choice":"Gave Gold","floor":21.0,"gold_loss":75.0,"damage_taken":0.0},{"damage_healed":0.0,"max_hp_gain":0.0,"max_hp_loss":0.0,"gold_gain":0.0,"event_name":"Mysterious Sphere","player_choice":"Fight","floor":37.0,"gold_loss":0.0,"damage_taken":0.0},{"damage_healed":0.0,"max_hp_gain":0.0,"max_hp_loss":0.0,"gold_gain":0.0,"event_name":"Upgrade Shrine","player_choice":"Upgraded","floor":38.0,"gold_loss":0.0,"damage_taken":0.0,"cards_upgraded":["Disarm"]},{"damage_healed":0.0,"max_hp_gain":0.0,"max_hp_loss":0.0,"gold_gain":0.0,"event_name":"MindBloom","player_choice":"Fight","floor":44.0,"gold_loss":0.0,"damage_taken":0.0}],"is_beta":false,"boss_relics":[{"not_picked":["Snecko Eye","Fusion Hammer"],"picked":"Astrolabe"},{"not_picked":["Runic Dome","Mark of Pain"],"picked":"Black Blood"}],"items_purged_floors":[2],"is_endless":false,"potions_floor_spawned":[10,11,14,24,30,31,44,45,48],"killed_by":"Donu and Deca","ascension_level":0}}