{"host":"xb2tau8pgi8aflss","time":1613139961,"event":{"mods":["AchievementEnabler","BaseMod","Hermit","Minty Spire (QoL Compilation)","StSLib","SuperFastMode"],"gold_per_floor":[99,99,99,99,63,63,63,11,11,11,11,11,11,11,11,11,11,11,11,11,11,11,11,11,11,11,11,11,11,11,11,11,11,11,11,11,11,11],"floor_reached":37,"language":"KOR","playtime":1853,"items_purged":[],"score":484,"play_id":"0da9913f-f53d-44b2-a531-741501c27620","local_time":"20210212232601","is_ascension_mode":true,"campfire_choices":[{"data":"hermit:Brawl","floor":7.0,"key":"SMITH"},{"floor":10.0,"key":"REST"},{"floor":15.0,"key":"REST"},{"data":"hermit:Adapt","floor":23.0,"key":"SMITH"},{"floor":32,"key":"REST"}],"circlet_count":0,"master_deck":["hermit:Strike_Hermit","hermit:Strike_Hermit","hermit:Strike_Hermit","hermit:Strike_Hermit","hermit:Defend_Hermit","hermit:Defend_Hermit","hermit:Defend_Hermit","hermit:Defend_Hermit","hermit:Snapshot","hermit:Covet","hermit:Snipe","hermit:Brawl+1","hermit:LowProfile","hermit:TrackingShot","hermit:FlashPowder","hermit:TakeAim","hermit:Coalescence","hermit:Vantage","hermit:Headshot","hermit:Combo","hermit:Enervate","hermit:Adapt","hermit:Adapt+1","hermit:WideOpen+1","hermit:Brawl","hermit:PistolWhip","hermit:Dissolve","hermit:FlashPowder"],"relics":["Ectoplasm","Dead Branch","InkBottle","Art of War","Cursed Key","Ancient Tea Set","Bottled Flame","SlaversCollar"],"acts_visited":["Exordium","TheCity","TheBeyond"],"potions_floor_usage":[28],"damage_taken":[{"damage":3.0,"enemies":"2 Louse","floor":1.0,"turns":3.0},{"damage":0.0,"enemies":"Cultist","floor":3.0,"turns":3.0},{"damage":7.0,"enemies":"Jaw Worm","floor":4.0,"turns":3.0},{"damage":33.0,"enemies":"Lagavulin","floor":6.0,"turns":9.0},{"damage":18.0,"enemies":"Blue Slaver","floor":11.0,"turns":3.0},{"damage":32.0,"enemies":"Gremlin Nob","floor":12.0,"turns":4.0},{"damage":3.0,"enemies":"Exordium Wildlife","floor":14.0,"turns":3.0},{"damage":23.0,"enemies":"Slime Boss","floor":16.0,"turns":8.0},{"damage":1.0,"enemies":"Shell Parasite","floor":18.0,"turns":5.0},{"damage":14.0,"enemies":"3 Byrds","floor":20.0,"turns":5.0},{"damage":14.0,"enemies":"3 Cultists","floor":21.0,"turns":6.0},{"damage":3.0,"enemies":"Snecko","floor":22.0,"turns":5.0},{"damage":34.0,"enemies":"Gremlin Leader","floor":24.0,"turns":8.0},{"damage":1.0,"enemies":"Centurion and Healer","floor":25.0,"turns":6.0},{"damage":9,"enemies":"Sentry and Sphere","floor":28,"turns":5},{"damage":12,"enemies":"Chosen and Byrds","floor":31,"turns":5},{"damage":9,"enemies":"Champ","floor":33,"turns":8},{"damage":24,"enemies":"3 Shapes","floor":35,"turns":6},{"damage":30,"enemies":"3 Darklings","floor":36,"turns":7},{"damage":27,"enemies":"Maw","floor":37,"turns":2}],"seed_played":"2482608519261076318","potions_obtained":[{"floor":1.0,"key":"Explosive Potion"},{"floor":4.0,"key":"GamblersBrew"},{"floor":6.0,"key":"Swift Potion"},{"floor":11.0,"key":"Strength Potion"},{"floor":12.0,"key":"FearPotion"},{"floor":18.0,"key":"Fire Potion"},{"floor":20.0,"key":"BlessingOfTheForge"},{"floor":24.0,"key":"Regen Potion"},{"floor":25.0,"key":"FearPotion"}],"is_trial":false,"path_per_floor":["M","?","M","M","$","E","R","$","T","R","M","E","?","M","R","B",null,"M","$","M","M","M","R","E","M","T","?","M","?","$","M","R","B",null,"M","M","M"],"character_chosen":"HERMIT","items_purchased":["hermit:TakeAim","hermit:Vantage"],"campfire_rested":3,"item_purchase_floors":[5,8],"current_hp_per_floor":[72,72,72,65,65,32,32,32,32,54,36,4,9,6,30,7,80,79,79,65,51,48,48,14,28,28,28,19,19,19,7,31,22,80,56,26,0,0],"gold":11,"neow_bonus":"BOSS_RELIC","is_daily":false,"chose_seed":false,"campfire_upgraded":2,"win_rate":0.0,"timestamp":1613139961,"path_taken":["M","?","M","M","?","E","R","?","T","R","?","E","?","M","R","BOSS","M","$","M","M","M","R","E","M","T","?","M","?","$","M","R","BOSS","M","M","M"],"items_purchased_type":["Card","Card"],"build_version":"2020-12-22","purchased_purges":0,"victory":false,"max_hp_per_floor":[75,75,75,75,75,75,75,75,75,75,75,75,80,80,80,80,80,80,80,80,80,80,80,80,80,80,80,80,80,80,80,80,80,80,80,80,80,80],"card_choices":[{"not_picked":["hermit:Virtue","hermit:Deadeye"],"picked":"hermit:Snipe","floor":1.0},{"not_picked":["hermit:HighCaliber","hermit:Manifest"],"picked":"hermit:TrackingShot","floor":3.0},{"not_picked":["hermit:Vantage","hermit:Glare"],"picked":"hermit:FlashPowder","floor":4.0},{"not_picked":["hermit:HighNoon","hermit:Scavenge"],"picked":"hermit:Coalescence","floor":6.0},{"not_picked":["hermit:Quickdraw","hermit:SprayPray"],"picked":"hermit:Headshot","floor":11.0},{"not_picked":["hermit:LuckOfTheDraw","hermit:LoneWolf"],"picked":"hermit:Combo","floor":12.0},{"not_picked":["hermit:Vantage","hermit:TakeCover"],"picked":"hermit:Enervate","floor":14.0},{"not_picked":["hermit:BlackWind","hermit:FatalDesire"],"picked":"hermit:Adapt","floor":16.0},{"not_picked":["hermit:NoHoldsBarred","hermit:Snipe","hermit:ShadowCloak+1"],"picked":"SKIP","floor":18.0},{"not_picked":["hermit:SprayPray","hermit:Maintenance+1","hermit:Ricochet"],"picked":"SKIP","floor":20.0},{"not_picked":["hermit:TakeCover","hermit:Vantage","hermit:Midnight"],"picked":"SKIP","floor":21.0},{"not_picked":["hermit:Roulette","hermit:TrackingShot"],"picked":"hermit:Adapt","floor":22.0},{"not_picked":["hermit:Showdown+1","hermit:Maintenance"],"picked":"hermit:WideOpen+1","floor":24.0},{"not_picked":["hermit:TrackingShot","hermit:Manifest","hermit:BodyArmor"],"picked":"SKIP","floor":25.0},{"not_picked":["hermit:Ricochet","hermit:TrackingShot"],"picked":"hermit:Brawl","floor":28},{"not_picked":["hermit:TrackingShot","hermit:Roulette"],"picked":"hermit:PistolWhip","floor":31},{"not_picked":["hermit:Reprieve","hermit:FinalCanter"],"picked":"hermit:Dissolve","floor":33},{"not_picked":["hermit:HighCaliber","hermit:LoneWolf"],"picked":"hermit:FlashPowder","floor":35},{"not_picked":["hermit:ShadowCloak+1","hermit:Desperado+1","hermit:BigShot"],"picked":"SKIP","floor":36}],"player_experience":828288,"relics_obtained":[{"floor":6.0,"key":"Dead Branch"},{"floor":9.0,"key":"InkBottle"},{"floor":12.0,"key":"Art of War"},{"floor":24.0,"key":"Ancient Tea Set"},{"floor":26.0,"key":"Bottled Flame"}],"event_choices":[{"damage_healed":0.0,"max_hp_gain":0.0,"max_hp_loss":0.0,"gold_gain":0.0,"event_name":"Match and Keep!","player_choice":"2 cards matched","floor":2.0,"gold_loss":0.0,"damage_taken":0.0,"cards_obtained":["hermit:Brawl","hermit:LowProfile"]},{"damage_healed":0.0,"max_hp_gain":5.0,"max_hp_loss":0.0,"gold_gain":0.0,"event_name":"Big Fish","player_choice":"Donut","floor":13.0,"gold_loss":0.0,"damage_taken":0.0},{"damage_healed":0.0,"max_hp_gain":0.0,"max_hp_loss":0.0,"gold_gain":0.0,"event_name":"Cursed Tome","player_choice":"Ignored","floor":27.0,"gold_loss":0.0,"damage_taken":0.0},{"cards_removed":["Pain"],"damage_healed":0,"gold_gain":0,"player_choice":"Removed Curses","damage_taken":0,"max_hp_gain":0,"max_hp_loss":0,"event_name":"Fountain of Cleansing","floor":29,"gold_loss":0}],"is_beta":false,"boss_relics":[{"not_picked":["Fusion Hammer","SacredBark"],"picked":"Cursed Key"},{"not_picked":["Velvet Choker","Black Star"],"picked":"SlaversCollar"}],"items_purged_floors":[],"is_endless":false,"potions_floor_spawned":[1,4,6,11,12,18,20,24,25],"killed_by":"Maw","ascension_level":4}}