{"host":"dhlnk6yox2l1s6up","time":1613140303,"event":{"mods":["BaseMod","Minty Spire (QoL Compilation)","Relic Stats","StSLib","ojb\u0027s Info Mod"],"gold_per_floor":[124,136,161,188,200,246,258,303,315,327,327],"floor_reached":10,"language":"ENG","playtime":911,"items_purged":[],"score":114,"play_id":"035d1791-4be5-454a-a5a1-f7406fafcc46","local_time":"20210212083143","is_ascension_mode":true,"campfire_choices":[{"data":"Dagger Spray","floor":7,"key":"SMITH"}],"circlet_count":0,"master_deck":["AscendersBane","Strike_G","Strike_G","Strike_G","Strike_G","Defend_G","Defend_G","Defend_G","Defend_G","Defend_G","Survivor","Neutralize","Dagger Spray+1","Sucker Punch","Crippling Poison","Dagger Throw","Predator"],"relics":["Ring of the Snake","MawBank","Eternal Feather","Sundial","InkBottle"],"acts_visited":["Exordium"],"potions_floor_usage":[6,8],"damage_taken":[{"damage":0,"enemies":"2 Louse","floor":1,"turns":4},{"damage":0,"enemies":"Jaw Worm","floor":3,"turns":4},{"damage":2,"enemies":"Cultist","floor":4,"turns":5},{"damage":21,"enemies":"Gremlin Nob","floor":6,"turns":5},{"damage":21,"enemies":"3 Sentries","floor":8,"turns":6},{"damage":21,"enemies":"Lagavulin","floor":10,"turns":7}],"seed_played":"3968324520889337872","potions_obtained":[{"floor":3,"key":"Strength Potion"},{"floor":6,"key":"Fire Potion"}],"is_trial":false,"path_per_floor":["M","?","M","M","?","E","R","E","T","E"],"character_chosen":"THE_SILENT","items_purchased":[],"campfire_rested":0,"item_purchase_floors":[],"current_hp_per_floor":[63,63,63,61,54,33,42,21,21,0,0],"gold":327,"neow_bonus":"RANDOM_COMMON_RELIC","is_daily":false,"chose_seed":false,"campfire_upgraded":1,"win_rate":0.0,"timestamp":1613140303,"path_taken":["M","?","M","M","?","E","R","E","T","E"],"items_purchased_type":[],"build_version":"2020-12-22","purchased_purges":0,"victory":false,"max_hp_per_floor":[70,70,70,70,70,70,70,70,70,70,70],"relic_stats":{"counters":[6,31],"Sundial":[0],"Eternal Feather":9,"MawBank":120,"obtain_stats":[{"Sundial":8,"Eternal Feather":6,"MawBank":0,"InkBottle":9,"Ring of the Snake":0},{"Sundial":5,"Eternal Feather":4,"MawBank":0,"InkBottle":5,"Ring of the Snake":0},{"Sundial":24,"Eternal Feather":18,"MawBank":0,"InkBottle":24,"Ring of the Snake":0}],"InkBottle":[1],"Ring of the Snake":[12]},"card_choices":[{"not_picked":["Bane","All Out Attack"],"picked":"Dagger Spray","floor":1},{"not_picked":["Backflip","Prepared"],"picked":"Sucker Punch","floor":3},{"not_picked":["Backflip","Accuracy"],"picked":"Crippling Poison","floor":4},{"not_picked":["PiercingWail","Night Terror"],"picked":"Dagger Throw","floor":6},{"not_picked":["Catalyst","Blur"],"picked":"Predator","floor":8}],"player_experience":6201959,"relics_obtained":[{"floor":6,"key":"Eternal Feather"},{"floor":8,"key":"Sundial"},{"floor":9,"key":"InkBottle"}],"event_choices":[{"damage_healed":0,"gold_gain":0,"player_choice":"Ignored","damage_taken":0,"max_hp_gain":0,"max_hp_loss":0,"event_name":"Liars Game","floor":2,"gold_loss":0},{"cards_removed":["Strike_G"],"damage_healed":0,"gold_gain":0,"player_choice":"Card Removal","damage_taken":7,"max_hp_gain":0,"max_hp_loss":0,"event_name":"Golden Wing","floor":5,"gold_loss":0}],"is_beta":false,"boss_relics":[],"items_purged_floors":[],"is_endless":false,"potions_floor_spawned":[3,6],"killed_by":"Lagavulin","ascension_level":10}}