{"host":"8lvj8oigynmckyj3","time":1613143916,"event":{"mods":["AchievementEnabler","BaseMod","Better Third Choice","Block Reminder","Colored Map","Colored Powertips","DeckTracker","Highlight Path","Minty Spire (QoL Compilation)","Permanent Neow","Quick Restart","Slay-I","StSLib"],"gold_per_floor":[116,134,10,0,18,18,18,18,18,37,65,97,49,49,49,123,123,133,133,133,147,167,195,212,212,212,212,212,223,223,242,242,319,319,337,387,407,422,422,422,422,40,40,40,65,81,0,17,17,17],"floor_reached":51,"language":"ENG","playtime":3985,"items_purged":["Strike_P+1"],"score":1191,"play_id":"1dca351c-5b89-4447-b441-cb0d55351ef4","local_time":"20210212133156","is_ascension_mode":true,"campfire_choices":[{"data":"ForeignInfluence","floor":6.0,"key":"SMITH"},{"floor":15.0,"key":"REST"},{"floor":25.0,"key":"REST"},{"floor":27.0,"key":"REST"},{"floor":30.0,"key":"REST"},{"data":"Fasting2","floor":32.0,"key":"SMITH"},{"floor":40.0,"key":"REST"},{"floor":44,"key":"REST"},{"data":"Vigilance","floor":49,"key":"SMITH"}],"circlet_count":0,"master_deck":["AscendersBane","Strike_P+1","Strike_P+1","Defend_P+1","Defend_P+1","Defend_P+1","Defend_P+1","Eruption","Vigilance+1","BowlingBash","Sanctity","ForeignInfluence+1","EmptyFist","Protect","EmptyFist","CutThroughFate","Halt","Vault","DeceiveReality+1","Fasting2+1","CutThroughFate","Conclude","Vault","BattleHymn+1","CutThroughFate+1","BowlingBash+1","Parasite","CarveReality+1"],"relics":["Sozu","Yang","Unceasing Top","Cursed Key","Dream Catcher","Nunchaku","Spirit Poop","Astrolabe","Bag of Preparation","Centennial Puzzle","FossilizedHelix","Red Mask"],"acts_visited":["Exordium","TheCity","TheBeyond"],"potions_floor_usage":[],"damage_taken":[{"damage":4.0,"enemies":"Small Slimes","floor":1.0,"turns":3.0},{"damage":0.0,"enemies":"2 Louse","floor":2.0,"turns":3.0},{"damage":0.0,"enemies":"Jaw Worm","floor":5.0,"turns":1.0},{"damage":0.0,"enemies":"Red Slaver","floor":10.0,"turns":2.0},{"damage":9.0,"enemies":"Lagavulin","floor":11.0,"turns":6.0},{"damage":4.0,"enemies":"Blue Slaver","floor":12.0,"turns":3.0},{"damage":0.0,"enemies":"Slime Boss","floor":16.0,"turns":8.0},{"damage":8.0,"enemies":"2 Thieves","floor":18.0,"turns":4.0},{"damage":0.0,"enemies":"Shell Parasite","floor":21.0,"turns":6.0},{"damage":4.0,"enemies":"Cultist and Chosen","floor":22.0,"turns":4.0},{"damage":38.0,"enemies":"Book of Stabbing","floor":23.0,"turns":9.0},{"damage":0.0,"enemies":"Centurion and Healer","floor":24.0,"turns":5.0},{"damage":7.0,"enemies":"Shelled Parasite and Fungi","floor":29.0,"turns":4.0},{"damage":8.0,"enemies":"Snake Plant","floor":31.0,"turns":4.0},{"damage":21.0,"enemies":"Champ","floor":33.0,"turns":13.0},{"damage":30.0,"enemies":"3 Shapes","floor":35.0,"turns":3.0},{"damage":0.0,"enemies":"Orb Walker","floor":37.0,"turns":3.0},{"damage":12.0,"enemies":"Spire Growth","floor":38.0,"turns":5.0},{"damage":3,"enemies":"Mind Bloom Boss Battle","floor":45,"turns":7},{"damage":0,"enemies":"Sphere and 2 Shapes","floor":46,"turns":4},{"damage":0,"enemies":"Writhing Mass","floor":48,"turns":4},{"damage":48,"enemies":"Donu and Deca","floor":50,"turns":10}],"seed_played":"680914476986990144","potions_obtained":[],"is_trial":false,"path_per_floor":["M","M","$","?","M","R","?","$","T","M","E","M","$","?","R","B",null,"M","?","?","M","M","E","M","R","T","R","?","M","R","M","R","B",null,"M","?","M","M","?","R","?","$","T","R","?","M","?","M","R","B",null],"character_chosen":"WATCHER","items_purchased":["Consecrate","ForeignInfluence","Halt","Bag of Preparation","Centennial Puzzle"],"campfire_rested":6,"item_purchase_floors":[3,3,13,42,42],"current_hp_per_floor":[57,57,57,57,57,57,62,62,62,62,53,49,49,49,70,70,72,64,64,64,64,60,22,22,43,43,64,64,57,73,65,65,44,66,36,36,36,24,24,45,45,45,45,66,63,63,63,63,63,15],"gold":17,"neow_bonus":"BOSS_RELIC","is_daily":false,"chose_seed":false,"campfire_upgraded":3,"win_rate":0.0,"timestamp":1613143916,"path_taken":["M","M","$","?","M","R","?","?","T","?","E","M","$","?","R","BOSS","M","?","?","M","M","E","M","R","T","R","?","M","R","?","R","BOSS","M","?","M","?","?","R","?","$","T","R","?","M","?","M","R","BOSS"],"items_purchased_type":["Card","Card","Card","Relic","Relic"],"build_version":"2020-12-22","purchased_purges":1,"victory":true,"max_hp_per_floor":[68,68,68,68,68,68,73,73,73,73,73,73,73,73,73,73,73,73,73,73,73,73,73,73,73,73,73,73,73,73,73,73,73,73,73,73,73,73,73,73,73,73,73,73,73,73,73,73,73,73],"card_choices":[{"not_picked":["WaveOfTheHand","ThirdEye"],"picked":"BowlingBash","floor":1.0},{"not_picked":["ClearTheMind","FlurryOfBlows"],"picked":"Sanctity","floor":2.0},{"not_picked":["Collect","Pray"],"picked":"EmptyFist","floor":5.0},{"not_picked":["EmptyBody","Crescendo"],"picked":"Protect","floor":10.0},{"not_picked":["FollowUp","Devotion"],"picked":"EmptyFist","floor":11.0},{"not_picked":["ThirdEye","Adaptation"],"picked":"CutThroughFate","floor":12.0},{"not_picked":["ConjureBlade","MasterReality"],"picked":"Vault","floor":16.0},{"not_picked":["LikeWater","Evaluate"],"picked":"Prostrate","floor":18.0},{"not_picked":["FlurryOfBlows","Crescendo"],"picked":"DeceiveReality+1","floor":21.0},{"not_picked":["ClearTheMind","BowlingBash","FlyingSleeves"],"picked":"SKIP","floor":22.0},{"not_picked":["FlyingSleeves+1","EmptyBody"],"picked":"Fasting2","floor":23.0},{"not_picked":["Evaluate","FollowUp","Nirvana"],"picked":"SKIP","floor":24.0},{"not_picked":["Evaluate","ConjureBlade"],"picked":"CutThroughFate","floor":25.0},{"not_picked":["SignatureMove","WindmillStrike","InnerPeace"],"picked":"SKIP","floor":29.0},{"not_picked":["Nirvana","Crescendo+1"],"picked":"Conclude","floor":30.0},{"not_picked":["FearNoEvil","Swivel","EmptyFist"],"picked":"SKIP","floor":31.0},{"not_picked":["Omniscience","Establishment"],"picked":"Vault","floor":33.0},{"not_picked":["BowlingBash","SashWhip+1","PathToVictory+1"],"picked":"SKIP","floor":35.0},{"not_picked":["Crescendo+1","Fasting2","FollowUp"],"picked":"SKIP","floor":37.0},{"not_picked":["Adaptation","Collect","Consecrate"],"picked":"SKIP","floor":38.0},{"not_picked":["Halt","Protect"],"picked":"BowlingBash+1","floor":46},{"not_picked":["ConjureBlade","Nirvana+1"],"picked":"CarveReality+1","floor":48}],"player_experience":455881,"relics_obtained":[{"floor":9.0,"key":"Yang"},{"floor":11.0,"key":"Unceasing Top"},{"floor":23.0,"key":"Nunchaku"},{"floor":45,"key":"FossilizedHelix"}],"event_choices":[{"damage_healed":0.0,"max_hp_gain":0.0,"max_hp_loss":0.0,"gold_gain":0.0,"event_name":"betterThird:BetterGoop","player_choice":"Left","floor":4.0,"gold_loss":10.0,"damage_taken":0.0},{"damage_healed":0.0,"max_hp_gain":5.0,"max_hp_loss":0.0,"gold_gain":0.0,"event_name":"Big Fish","player_choice":"Donut","floor":7.0,"gold_loss":0.0,"damage_taken":0.0},{"damage_healed":0.0,"max_hp_gain":0.0,"max_hp_loss":0.0,"gold_gain":0.0,"event_name":"Golden Idol","player_choice":"Ignored","floor":14.0,"gold_loss":0.0,"damage_taken":0.0},{"damage_healed":0.0,"max_hp_gain":0.0,"max_hp_loss":0.0,"gold_gain":0.0,"event_name":"Addict","player_choice":"Stole Relic","floor":19.0,"gold_loss":0.0,"damage_taken":0.0,"relics_obtained":["Dream Catcher"],"cards_obtained":["Shame"]},{"damage_healed":0.0,"max_hp_gain":0.0,"max_hp_loss":8.0,"gold_gain":0.0,"event_name":"betterThird:BetterWriting","player_choice":"Simplicity","floor":20.0,"gold_loss":0.0,"damage_taken":0.0},{"cards_removed":["Shame"],"damage_healed":0.0,"max_hp_gain":0.0,"max_hp_loss":0.0,"gold_gain":0.0,"event_name":"Bonfire Elementals","player_choice":"Offered Curse","floor":28.0,"gold_loss":0.0,"damage_taken":0.0,"relics_obtained":["Spirit Poop"]},{"damage_healed":0.0,"max_hp_gain":0.0,"max_hp_loss":0.0,"gold_gain":50.0,"event_name":"Golden Shrine","player_choice":"Pray","floor":36.0,"gold_loss":0.0,"damage_taken":0.0},{"damage_healed":0.0,"max_hp_gain":0.0,"max_hp_loss":0.0,"gold_gain":0.0,"event_name":"Mysterious Sphere","player_choice":"Ignored","floor":39.0,"gold_loss":0.0,"damage_taken":0.0},{"cards_removed":["Establishment"],"damage_healed":0.0,"max_hp_gain":0.0,"max_hp_loss":0.0,"gold_gain":0.0,"event_name":"Falling","player_choice":"Removed Power","floor":41.0,"gold_loss":0.0,"damage_taken":0.0},{"damage_healed":0,"gold_gain":0,"player_choice":"Fight","damage_taken":0,"max_hp_gain":0,"max_hp_loss":0,"event_name":"MindBloom","floor":45,"gold_loss":0},{"damage_healed":0,"gold_gain":0,"player_choice":"Paid","damage_taken":0,"relics_obtained":["Red Mask"],"max_hp_gain":0,"max_hp_loss":0,"event_name":"Tomb of Lord Red Mask","floor":47,"gold_loss":81}],"is_beta":false,"boss_relics":[{"not_picked":["Coffee Dripper","Philosopher\u0027s Stone"],"picked":"Cursed Key"},{"not_picked":["Fusion Hammer","Velvet Choker"],"picked":"Astrolabe"}],"items_purged_floors":[42],"is_endless":false,"potions_floor_spawned":[1,2,12,18,29,31,33,45,48],"ascension_level":15}}