{"host":"Fun","time":1613166087,"event":{"mods":["BaseMod","Colored Map","Minty Spire (QoL Compilation)","Relic Stats","StSLib"],"gold_per_floor":[115,134,95,95,107,133,133,160,160,160,190,190,37,54,54,155,155,170,183,183,40,52,82,82,112,112,137,148,58,58,73,73,171,171,185,200,217,217,117,117,145,145,145,20,20,20,20,38,38,38],"floor_reached":51,"language":"ENG","playtime":2386,"items_purged":["Strike_P","Strike_P+1","Defend_P"],"score":1253,"play_id":"94ffff77-1014-4231-afe9-cf11109cac44","local_time":"20210212164127","is_ascension_mode":true,"campfire_choices":[{"data":"LikeWater","floor":7,"key":"SMITH"},{"data":"Tantrum","floor":10,"key":"SMITH"},{"data":"Wallop","floor":15,"key":"SMITH"},{"floor":24,"key":"REST"},{"floor":32,"key":"REST"},{"floor":40,"key":"REST"},{"floor":42,"key":"RECALL"},{"floor":47,"key":"REST"},{"floor":49,"key":"REST"}],"circlet_count":0,"master_deck":["AscendersBane","Defend_P","Eruption+1","Vigilance","LikeWater+1","CrushJoints","Protect","Fasting2+1","SashWhip","CutThroughFate","Tantrum+1","EmptyBody+1","DeusExMachina+1","Sanctity+1","Wallop+1","JustLucky","Establishment","SandsOfTime+1","Meditate+1","Wireheading","ThirdEye+1","InnerPeace+1","CutThroughFate+1","Protect+1","Vault+1","Worship+1","ClearTheMind+1","Wallop","Finesse+1","Panacea+1","Halt+1"],"relics":["PureWater","WarpedTongs","MealTicket","Kunai","Toy Ornithopter","Toxic Egg 2","Fusion Hammer","Orichalcum","Whetstone","Vajra","Regal Pillow","Philosopher\u0027s Stone","Akabeko","Sundial"],"acts_visited":["Exordium","TheCity","TheBeyond"],"potions_floor_usage":[6,8,22,33],"damage_taken":[{"damage":0,"enemies":"Jaw Worm","floor":1,"turns":2},{"damage":0,"enemies":"Cultist","floor":2,"turns":3},{"damage":4,"enemies":"2 Louse","floor":5,"turns":2},{"damage":8,"enemies":"3 Sentries","floor":6,"turns":9},{"damage":0,"enemies":"Gremlin Nob","floor":8,"turns":2},{"damage":24,"enemies":"3 Sentries","floor":11,"turns":8},{"damage":0,"enemies":"Exordium Thugs","floor":14,"turns":3},{"damage":10,"enemies":"The Guardian","floor":16,"turns":15},{"damage":18,"enemies":"2 Thieves","floor":18,"turns":5},{"damage":0,"enemies":"Shell Parasite","floor":19,"turns":5},{"damage":0,"enemies":"3 Cultists","floor":22,"turns":4},{"damage":13,"enemies":"Book of Stabbing","floor":23,"turns":4},{"damage":13,"enemies":"Gremlin Leader","floor":25,"turns":5},{"damage":0,"enemies":"Book of Stabbing","floor":27,"turns":4},{"damage":0,"enemies":"Centurion and Healer","floor":28,"turns":5},{"damage":7,"enemies":"Snake Plant","floor":31,"turns":4},{"damage":22,"enemies":"Collector","floor":33,"turns":8},{"damage":3,"enemies":"3 Darklings","floor":35,"turns":5},{"damage":0,"enemies":"Orb Walker","floor":36,"turns":3},{"damage":12,"enemies":"Writhing Mass","floor":37,"turns":5},{"damage":0,"enemies":"Giant Head","floor":41,"turns":8},{"damage":0,"enemies":"4 Shapes","floor":48,"turns":7},{"damage":22,"enemies":"Awakened One","floor":50,"turns":11}],"seed_played":"-44035052265944422","potions_obtained":[{"floor":2,"key":"AttackPotion"},{"floor":6,"key":"AttackPotion"},{"floor":19,"key":"ColorlessPotion"},{"floor":23,"key":"StancePotion"},{"floor":31,"key":"Ancient Potion"},{"floor":41,"key":"Explosive Potion"}],"is_trial":false,"path_per_floor":["M","M","$","?","M","E","R","E","T","R","E","?","$","M","R","B",null,"M","M","?","$","M","E","R","E","T","E","M","?","$","M","R","B",null,"M","M","M","?","$","R","E","R","T","$","?","?","R","M","R","B",null],"character_chosen":"WATCHER","items_purchased":["Fasting2","Sanctity+1","Wallop","Wireheading"],"campfire_rested":5,"item_purchase_floors":[3,13,13,21],"current_hp_per_floor":[65,65,65,65,61,53,53,53,53,53,29,29,44,44,44,34,63,45,45,45,60,65,52,72,59,59,59,59,59,72,65,72,50,67,64,64,52,52,67,72,72,72,72,72,62,62,68,68,68,46],"gold":38,"neow_bonus":"TRANSFORM_CARD","is_daily":false,"chose_seed":false,"campfire_upgraded":3,"win_rate":0.0,"timestamp":1613166087,"path_taken":["M","M","$","?","?","E","R","E","T","R","E","?","?","M","R","BOSS","M","M","?","$","?","E","R","E","T","E","M","?","?","?","R","BOSS","M","M","M","?","$","R","E","R","T","$","?","?","R","M","R","BOSS"],"items_purchased_type":["Card","Card","Card","Card"],"build_version":"2020-12-18","purchased_purges":3,"victory":true,"max_hp_per_floor":[72,72,72,72,72,72,72,72,72,72,72,72,72,72,72,72,72,72,72,72,72,72,72,72,72,72,72,72,72,72,72,72,72,72,72,72,72,72,72,72,72,72,72,72,72,68,68,68,68,68],"relic_stats":{"Regal Pillow":0,"counters":[23,127],"Sundial":[2],"MealTicket":58,"Kunai":[40],"Whetstone":["Strike_P","Eruption"],"Orichalcum":[36],"obtain_stats":[{"Regal Pillow":27,"Vajra":26,"Whetstone":25,"Orichalcum":23,"Akabeko":41,"WarpedTongs":1,"Sundial":43,"MealTicket":6,"Philosopher\u0027s Stone":34,"Fusion Hammer":17,"Kunai":8,"PureWater":0,"Toxic Egg 2":11,"Toy Ornithopter":9},{"Regal Pillow":14,"Vajra":13,"Whetstone":13,"Orichalcum":12,"Akabeko":21,"WarpedTongs":1,"Sundial":21,"MealTicket":4,"Philosopher\u0027s Stone":17,"Fusion Hammer":8,"Kunai":5,"PureWater":0,"Toxic Egg 2":6,"Toy Ornithopter":5},{"Regal Pillow":71,"Vajra":67,"Whetstone":67,"Orichalcum":62,"Akabeko":109,"WarpedTongs":1,"Sundial":109,"MealTicket":16,"Philosopher\u0027s Stone":88,"Fusion Hammer":44,"Kunai":18,"PureWater":0,"Toxic Egg 2":26,"Toy Ornithopter":18}],"Toy Ornithopter":5,"WarpedTongs":[120]},"card_choices":[{"not_picked":["Protect","EmptyBody"],"picked":"CrushJoints","floor":1},{"not_picked":["Halt","Prostrate"],"picked":"Protect","floor":2},{"not_picked":["Swivel","SignatureMove"],"picked":"SashWhip","floor":5},{"not_picked":["Indignation","FollowUp"],"picked":"CutThroughFate","floor":6},{"not_picked":["FearNoEvil","Evaluate"],"picked":"Tantrum","floor":8},{"not_picked":["EmptyFist","FlyingSleeves"],"picked":"EmptyBody+1","floor":11},{"not_picked":["Prostrate+1","EmptyBody+1"],"picked":"JustLucky","floor":14},{"not_picked":["Devotion","Scrawl+1"],"picked":"Establishment","floor":16},{"not_picked":["Halt+1","Prostrate+1"],"picked":"SandsOfTime+1","floor":18},{"not_picked":["Adaptation","ForeignInfluence+1"],"picked":"Meditate+1","floor":19},{"not_picked":["EmptyBody+1","Crescendo+1"],"picked":"ThirdEye+1","floor":22},{"not_picked":["Halt+1","JustLucky"],"picked":"InnerPeace+1","floor":23},{"not_picked":["BattleHymn+1","DeusExMachina+1","CrushJoints"],"picked":"SKIP","floor":25},{"not_picked":["SashWhip","Swivel+1","Perseverance+1"],"picked":"SKIP","floor":27},{"not_picked":["Pray+1","Consecrate"],"picked":"CutThroughFate","floor":28},{"not_picked":["PathToVictory+1","Vengeance+1"],"picked":"Protect+1","floor":31},{"not_picked":["SpiritShield+1","Establishment"],"picked":"Vault+1","floor":33},{"not_picked":["JustLucky+1","FollowUp+1"],"picked":"Worship+1","floor":35},{"not_picked":["WindmillStrike+1","FearNoEvil"],"picked":"ClearTheMind+1","floor":36},{"not_picked":["FlurryOfBlows+1","Halt+1"],"picked":"Wallop","floor":37},{"not_picked":["ClearTheMind+1","MentalFortress+1","Collect+1"],"picked":"SKIP","floor":41},{"not_picked":["Thinking Ahead+1","Forethought+1"],"picked":"Finesse+1","floor":45},{"not_picked":["HandOfGreed","Mayhem"],"picked":"Panacea+1","floor":45},{"not_picked":["EmptyFist+1","FlurryOfBlows"],"picked":"Halt+1","floor":48}],"player_experience":178132,"relics_obtained":[{"floor":6,"key":"MealTicket"},{"floor":8,"key":"Kunai"},{"floor":9,"key":"Toy Ornithopter"},{"floor":11,"key":"Toxic Egg 2"},{"floor":23,"key":"Orichalcum"},{"floor":25,"key":"Whetstone"},{"floor":26,"key":"Vajra"},{"floor":27,"key":"Regal Pillow"},{"floor":41,"key":"Akabeko"},{"floor":43,"key":"Sundial"}],"event_choices":[{"cards_removed":["Defend_P"],"damage_healed":0,"gold_gain":0,"player_choice":"Purged","damage_taken":0,"max_hp_gain":0,"max_hp_loss":0,"event_name":"Purifier","floor":4,"gold_loss":0},{"damage_healed":0,"gold_gain":0,"cards_transformed":["Strike_P"],"player_choice":"Transformed","damage_taken":0,"max_hp_gain":0,"max_hp_loss":0,"event_name":"Transmorgrifier","floor":12,"gold_loss":0,"cards_obtained":["DeusExMachina"]},{"damage_healed":0,"gold_gain":0,"player_choice":"Forge","damage_taken":0,"max_hp_gain":0,"max_hp_loss":0,"event_name":"Accursed Blacksmith","floor":20,"gold_loss":0,"cards_upgraded":["Fasting2"]},{"cards_removed":["Strike_P"],"damage_healed":0,"gold_gain":0,"player_choice":"Upgrade and Remove","damage_taken":0,"max_hp_gain":0,"max_hp_loss":0,"event_name":"Designer","floor":29,"gold_loss":90,"cards_upgraded":["CutThroughFate"]},{"damage_healed":0,"gold_gain":0,"player_choice":"Ignored","damage_taken":0,"max_hp_gain":0,"max_hp_loss":0,"event_name":"Mysterious Sphere","floor":38,"gold_loss":0},{"damage_healed":0,"gold_gain":0,"player_choice":"Memory 3","damage_taken":10,"max_hp_gain":0,"max_hp_loss":0,"event_name":"SensoryStone","floor":45,"gold_loss":0},{"damage_healed":0,"gold_gain":0,"player_choice":"Max HP","damage_taken":0,"max_hp_gain":0,"max_hp_loss":4,"event_name":"Winding Halls","floor":46,"gold_loss":0}],"is_beta":true,"boss_relics":[{"not_picked":["Velvet Choker","Coffee Dripper"],"picked":"Fusion Hammer"},{"not_picked":["Runic Dome","HolyWater"],"picked":"Philosopher\u0027s Stone"}],"items_purged_floors":[21,39,44],"is_endless":false,"potions_floor_spawned":[2,6,19,23,31,41,48],"ascension_level":11}}