{"host":"pqs17sqrgflf4eqa","time":1613103141,"event":{"mods":["AchievementEnabler","BaseMod","Bestiary","Better Altar","Colored Map","Colored Powertips","Emptier Cage","Googly Eyes","Highlight Path","Minty Spire (QoL Compilation)","Quick Restart","StSLib","SuperFastMode","Transform Curses","slay the spire mod where everything is the same but ironclad has a cowboy hat"],"gold_per_floor":[119,119,119,138,1,27,39,64,123,149,161,46,46,63,63,163,163,163,163,163,163,163,163,163,163,163,163,163,163,163,163,163,163,163],"floor_reached":33,"language":"ENG","playtime":735,"items_purged":["Decay"],"score":393,"play_id":"235190ff-c0d5-464b-b5b0-7630852fc6dc","local_time":"20210211231221","is_ascension_mode":true,"campfire_choices":[{"data":"Tantrum","floor":7,"key":"SMITH"},{"data":"DevaForm","floor":13,"key":"SMITH"},{"data":"SpiritShield","floor":15,"key":"SMITH"},{"data":"Vault","floor":23,"key":"SMITH"},{"data":"Study","floor":25,"key":"SMITH"},{"floor":32,"key":"REST"}],"circlet_count":0,"master_deck":["Strike_P+1","Strike_P+1","Strike_P+1","Strike_P+1","Defend_P+1","Defend_P+1","Defend_P+1","Defend_P+1","Eruption+1","Vigilance+1","Consecrate","ClearTheMind","Halt","Tantrum+1","Consecrate","SpiritShield+1","FlurryOfBlows","DevaForm+1","EmptyFist","Vault+1","SashWhip","Study+1","CutThroughFate","Judgement","FlyingSleeves+1","FollowUp","CrushJoints","FearNoEvil+1","FollowUp"],"relics":["PureWater","Vajra","MawBank","Potion Belt","Ectoplasm","Du-Vu Doll","Tiny Chest","Nunchaku"],"acts_visited":["Exordium","TheCity"],"potions_floor_usage":[16,16,22,27,27,28,28,33],"damage_taken":[{"damage":11,"enemies":"Small Slimes","floor":1,"turns":2},{"damage":3,"enemies":"2 Louse","floor":4,"turns":2},{"damage":0,"enemies":"Gremlin Nob","floor":6,"turns":2},{"damage":0,"enemies":"Cultist","floor":8,"turns":3},{"damage":1,"enemies":"Gremlin Gang","floor":10,"turns":3},{"damage":0,"enemies":"Large Slime","floor":14,"turns":4},{"damage":32,"enemies":"Hexaghost","floor":16,"turns":10},{"damage":0,"enemies":"Spheric Guardian","floor":18,"turns":2},{"damage":0,"enemies":"2 Thieves","floor":21,"turns":2},{"damage":0,"enemies":"3 Cultists","floor":22,"turns":4},{"damage":6,"enemies":"Book of Stabbing","floor":24,"turns":4},{"damage":15,"enemies":"Gremlin Leader","floor":27,"turns":4},{"damage":0,"enemies":"Centurion and Healer","floor":28,"turns":3},{"damage":0,"enemies":"Cultist and Chosen","floor":29,"turns":4},{"damage":10,"enemies":"Chosen and Byrds","floor":30,"turns":3},{"damage":0,"enemies":"Snecko","floor":31,"turns":3},{"damage":73,"enemies":"Champ","floor":33,"turns":7}],"seed_played":"431116990593634011","potions_obtained":[{"floor":1,"key":"GamblersBrew"},{"floor":6,"key":"SteroidPotion"},{"floor":16,"key":"Block Potion"},{"floor":18,"key":"Fire Potion"},{"floor":22,"key":"FearPotion"},{"floor":27,"key":"Block Potion"},{"floor":29,"key":"GamblersBrew"}],"is_trial":false,"path_per_floor":["M","?","?","M","$","E","R","M","T","M","?","$","R","M","R","B",null,"M","?","?","M","M","R","E","R","T","E","M","M","M","M","R","B"],"character_chosen":"WATCHER","items_purchased":["Halt","Tantrum","Consecrate","Fire Potion"],"campfire_rested":1,"item_purchase_floors":[5,5,5,12],"current_hp_per_floor":[61,61,61,58,58,58,58,58,58,57,57,57,57,57,57,25,60,60,60,60,60,60,60,54,54,54,39,39,39,29,29,50,0,0],"gold":163,"neow_bonus":"RANDOM_COMMON_RELIC","is_daily":false,"chose_seed":false,"campfire_upgraded":5,"win_rate":0.0,"timestamp":1613103141,"path_taken":["M","?","?","?","$","E","R","?","T","M","?","?","R","?","R","BOSS","M","?","?","M","M","R","E","R","T","E","M","?","M","M","R","BOSS"],"items_purchased_type":["Card","Card","Card","Potion"],"build_version":"2020-12-22","purchased_purges":1,"victory":false,"max_hp_per_floor":[72,72,72,72,72,72,72,72,72,72,72,72,72,72,72,72,72,72,72,72,72,72,72,72,72,72,72,72,72,72,72,72,72,72],"card_choices":[{"not_picked":["Adaptation","BowlingBash"],"picked":"Consecrate","floor":1},{"not_picked":["Conclude","WindmillStrike"],"picked":"ClearTheMind","floor":4},{"not_picked":["EmptyBody","ThirdEye"],"picked":"SpiritShield","floor":6},{"not_picked":["Consecrate","EmptyFist"],"picked":"FlurryOfBlows","floor":8},{"not_picked":["Worship","PathToVictory"],"picked":"DevaForm","floor":10},{"not_picked":["FlurryOfBlows","Protect"],"picked":"EmptyFist","floor":14},{"not_picked":["Establishment","MasterReality"],"picked":"Vault","floor":16},{"not_picked":["Collect","JustLucky"],"picked":"SashWhip","floor":18},{"not_picked":["WheelKick+1","JustLucky+1"],"picked":"FlyingSleeves+1","floor":21},{"not_picked":["EmptyFist","BowlingBash","JustLucky"],"picked":"SKIP","floor":22},{"not_picked":["LikeWater","ThirdEye"],"picked":"FollowUp","floor":24},{"not_picked":["Omniscience","EmptyFist+1","SignatureMove"],"picked":"SKIP","floor":27},{"not_picked":["Swivel","SashWhip"],"picked":"CrushJoints","floor":28},{"not_picked":["EmptyBody+1","Tantrum"],"picked":"FearNoEvil+1","floor":29},{"not_picked":["Sanctity","Worship"],"picked":"FollowUp","floor":30},{"not_picked":["CutThroughFate","WreathOfFlame","Prostrate"],"picked":"SKIP","floor":31}],"player_experience":167570,"relics_obtained":[{"floor":6,"key":"MawBank"},{"floor":9,"key":"Potion Belt"},{"floor":24,"key":"Du-Vu Doll"},{"floor":26,"key":"Tiny Chest"},{"floor":27,"key":"Nunchaku"}],"event_choices":[{"damage_healed":0,"gold_gain":0,"player_choice":"Grow","damage_taken":0,"max_hp_gain":0,"max_hp_loss":0,"event_name":"Living Wall","floor":2,"gold_loss":0,"cards_upgraded":["Eruption"]},{"damage_healed":0,"gold_gain":0,"player_choice":"Upgraded","damage_taken":0,"max_hp_gain":0,"max_hp_loss":0,"event_name":"Upgrade Shrine","floor":3,"gold_loss":0,"cards_upgraded":["Vigilance"]},{"damage_healed":0,"gold_gain":0,"player_choice":"Cursed","damage_taken":0,"max_hp_gain":0,"max_hp_loss":0,"event_name":"Wheel of Change","floor":11,"gold_loss":0,"cards_obtained":["Decay"]},{"damage_healed":0,"gold_gain":0,"player_choice":"Simplicity","damage_taken":0,"max_hp_gain":0,"max_hp_loss":0,"event_name":"Back to Basics","floor":19,"gold_loss":0,"cards_upgraded":["Strike_P","Strike_P","Strike_P","Strike_P","Defend_P","Defend_P","Defend_P","Defend_P"]},{"damage_healed":0,"gold_gain":0,"player_choice":"3 cards matched","damage_taken":0,"max_hp_gain":0,"max_hp_loss":0,"event_name":"Match and Keep!","floor":20,"gold_loss":0,"cards_obtained":["Study","CutThroughFate","Judgement"]}],"is_beta":false,"boss_relics":[{"not_picked":["Fusion Hammer","SlaversCollar"],"picked":"Ectoplasm"}],"items_purged_floors":[12],"is_endless":false,"potions_floor_spawned":[1,6,16,18,22,27,29],"killed_by":"Champ","ascension_level":5}}