{"host":"onjcd8pn3ar4eq0z","time":1613104440,"event":{"mods":["2.2 Compatiblity","AchievementEnabler","Act Like it!","Aspiration","BaseMod","Beaked The Cultist","Become a monster ???","Bestiary","Better Note","Better Third Choice","BetterRewards","CapriCore","ChefMod","Colored Map","Colored Powertips","Conspire","Curses Come First","Downfall","Friendly Minions","Gensokyo","GifTheSpireLib","Gremlin Mod","Hallownest","Hermit","Highlight Path","Hubris","Infinite Spire","Jorbs\u0027s Wanderer Trilogy","Koishi","Lobotomy","LobotomyExtend","Marisa????????","Mimic Mod","Minty Spire (QoL Compilation)","Pale of the Ancients","Potionbrewer","Practice Mode","Quick Restart","Relic Sorter","Reliquary","Remilia??????","Replay The Spire","Shop Mod","Spicy Shops","StSLib","Synergy Search","The Administrix","The Alterego","The Animator","The Blue Laboratory","The Bug Knight","The Construct","The Cursed","The Disciple","The Gatherer","The Hierophant","The Immortal","The Mystic","The Necromancer","The Runesmith","The Sage","The Servant 0.9.4","TheBandit","TheSwordswoman","Waifu the Spire","Wandering Minibosses","Yuyuko","noobMod"],"gold_per_floor":[99,119,133,146,146,161,161,161,174,199,33,33,33,46,56,161,161,61,61,72,72,90,119,199,225,225,237,263,263,274,260,277,373,373,373,373],"floor_reached":35,"language":"ENG","playtime":6060,"items_purged":[],"score":494,"play_id":"9de84aa1-9093-4143-9157-c8fe951bd8ce","local_time":"20210211223400","is_ascension_mode":false,"campfire_choices":[{"floor":1.0,"key":"RECALL"},{"data":"beaked:Ceremony","floor":12.0,"key":"SMITH"},{"data":"beaked:Foresight","floor":18.0,"key":"SMITH"}],"circlet_count":0,"master_deck":["beaked:Strike_Y","beaked:Strike_Y","beaked:Strike_Y","beaked:Strike_Y","beaked:Strike_Y","beaked:Strike_Y","beaked:Defend_Y","beaked:Defend_Y","beaked:Defend_Y","beaked:Defend_Y","beaked:Ceremony","beaked:Ceremony+1","beaked:Ceremony+1","beaked:SacrificialDive","beaked:Tweet","beaked:BraceForImpact","beaked:Insight","beaked:Poke+1","beaked:AwakenedForm","beaked:MachineEssence","beaked:Poke+1","beaked:Foresight+1","beaked:Caw+1","CurseOfTheBell","beaked:BloodForTheGods","beaked:BraceForImpact","beaked:FeelMyPain+1","beaked:BraceForImpact+1","beaked:DesperateSwing+1","ReplayTheSpireMod:RavenHex+1","beaked:MaddeningMurmurs","stsjorbsmod:PollutedStrike","beaked:Insight","beaked:Flinch+1","beaked:CheekyTricks"],"relics":["beaked:MendingPlumage","ice","LetterFromLob","sagemod:Red_Beast_Statue","Molten Egg 2","potionbrewer:ToyAutogyro","potionbrewer:Keyblade","ReplayFunnel","conspire:Dentures","downfall:HeartBlessingRed","Heaven_r","Letter Opener","Mummified Hand","ReplayTheSpireMod:CursedCoin","MerchantsRug","aspiration:MobileForge"],"acts_visited":["Exordium","TheCity","TheBeyond"],"potions_floor_usage":[],"damage_taken":[{"damage":10.0,"enemies":"2 Louse","floor":2.0,"turns":4.0},{"damage":15.0,"enemies":"Jaw Worm","floor":3.0,"turns":5.0},{"damage":15.0,"enemies":"Cultist","floor":4.0,"turns":4.0},{"damage":3.0,"enemies":"conspire:2 RoseBushes","floor":6.0,"turns":6.0},{"damage":26.0,"enemies":"2 Fungi Beasts","floor":9.0,"turns":4.0},{"damage":2.0,"enemies":"HollowMod:MossKnight","floor":10.0,"turns":8.0},{"damage":10.0,"enemies":"downfall:FleeingMerchant","floor":11.0,"turns":4.0},{"damage":63.0,"enemies":"Large Slime","floor":14.0,"turns":13.0},{"damage":33.0,"enemies":"Gremlin Gang","floor":15.0,"turns":8.0},{"damage":27.0,"enemies":"IC_STATUS_ARCHETYPE","floor":16.0,"turns":10.0},{"damage":85.0,"enemies":"Shell Parasite","floor":19.0,"turns":5.0},{"damage":11.0,"enemies":"Shell Parasite","floor":20.0,"turns":4.0},{"damage":4.0,"enemies":"3 Byrds","floor":22.0,"turns":3.0},{"damage":74.0,"enemies":"Nightmare","floor":23.0,"turns":9.0},{"damage":95.0,"enemies":"conspire:SneckoGhost","floor":25.0,"turns":9.0},{"damage":12.0,"enemies":"Centurion and Healer","floor":27.0,"turns":3.0},{"damage":16.0,"enemies":"HollowMod:Nosk","floor":28.0,"turns":6.0},{"damage":66.0,"enemies":"conspire:HollyBat","floor":30.0,"turns":7.0},{"damage":46.0,"enemies":"downfall:FleeingMerchant","floor":31.0,"turns":4.0},{"damage":12.0,"enemies":"3 Cultists","floor":32.0,"turns":5.0},{"damage":114.0,"enemies":"SI_MIRROR_ARCHETYPE","floor":33.0,"turns":9.0}],"seed_played":"-4715519748937345420","potions_obtained":[{"floor":3.0,"key":"ColorlessPotion"},{"floor":6.0,"key":"Strength Potion"},{"floor":9.0,"key":"Adrenaline Potion"},{"floor":21.0,"key":"potionbrewer:StunPotion"},{"floor":21.0,"key":"potionbrewer:BarricadePotion"},{"floor":21.0,"key":"blueLaboratory:AbyssPotion"},{"floor":30.0,"key":"PowerPotion"},{"floor":32.0,"key":"SpeedPotion"}],"is_trial":false,"path_per_floor":["R_BF","M","M","M","?","M","T","?","M","E","$","R","?","M","M","B",null,"R","M","M","?","M","NM","T","E","?","M","E","?","M","$","M","B",null,"R"],"character_chosen":"BEAKED_THE_CULTIST","items_purchased":["potionbrewer:Keyblade","ReplayTheSpireMod:CursedCoin","beaked:Insight","MerchantsRug"],"campfire_rested":0,"item_purchase_floors":[11,31,31,31],"current_hp_per_floor":[55,48,46,42,42,55,55,55,35,55,53,53,58,60,60,51,74,74,3,71,71,74,67,67,52,52,59,97,97,81,89,106,52,124,124,124],"gold":373,"neow_bonus":"TEN_PERCENT_HP_BONUS","is_daily":false,"chose_seed":false,"campfire_upgraded":2,"win_rate":0.0,"timestamp":1613104440,"path_taken":["R_BF","M","M","M","?","M","T","?","M","E","?","R","?","M","M","BOSS","R","M","M","?","M","NM","T","E","?","M","E","?","M","$","M","BOSS","R"],"items_purchased_type":["Relic","Relic","Card","Relic"],"build_version":"2020-12-22","purchased_purges":0,"victory":false,"max_hp_per_floor":[55,55,55,55,55,55,55,55,55,55,55,55,60,60,60,60,74,74,74,77,77,79,88,88,93,93,95,97,97,99,104,112,124,124,124,124],"card_choices":[{"not_picked":["beaked:MimicWarrior","beaked:Replenish"],"picked":"beaked:SacrificialDive","floor":2.0},{"not_picked":["beaked:Redirect","beaked:Pecker"],"picked":"beaked:Tweet","floor":3.0},{"not_picked":["beaked:Resilience","beaked:DigDeep"],"picked":"beaked:BraceForImpact","floor":4.0},{"not_picked":["beaked:SurvivalInstinct","beaked:SacrificialScars"],"picked":"beaked:Insight","floor":6.0},{"not_picked":["beaked:Resilience","beaked:Molting"],"picked":"beaked:Poke+1","floor":9.0},{"not_picked":["beaked:SurvivalInstinct","beaked:RuinSticks+1"],"picked":"beaked:AwakenedForm","floor":10.0},{"not_picked":["beaked:Daydream","beaked:StunningBlow+1"],"picked":"beaked:MachineEssence","floor":11.0},{"not_picked":["beaked:Windmill+1","beaked:Foresight"],"picked":"beaked:Poke+1","floor":14.0},{"not_picked":["beaked:SurvivalInstinct","beaked:WarriorEssence+1"],"picked":"beaked:Foresight","floor":15.0},{"not_picked":["beaked:Sacrifice+1","beaked:CheekyTricks"],"picked":"beaked:Caw+1","floor":16.0},{"not_picked":["beaked:SacrificialAttack+1","beaked:RitualOfBody+1"],"picked":"beaked:BloodForTheGods","floor":20.0},{"not_picked":["beaked:Brace+1","beaked:VigorBurst"],"picked":"beaked:BraceForImpact","floor":22.0},{"not_picked":["beaked:DesperateSwing+1","beaked:DarkPact"],"picked":"beaked:FeelMyPain+1","floor":23.0},{"not_picked":["beaked:Tradeoff","beaked:SacrificialScars","beaked:Redirect"],"picked":"SKIP","floor":25.0},{"not_picked":["beaked:CursingBlood","beaked:CrazyRituals"],"picked":"beaked:BraceForImpact+1","floor":27.0},{"not_picked":["beaked:Hexing+1","beaked:WarriorEssence+1"],"picked":"beaked:DesperateSwing+1","floor":28.0},{"not_picked":["beaked:BraceForImpact","beaked:SacrificialScars"],"picked":"ReplayTheSpireMod:RavenHex+1","floor":30.0},{"not_picked":["beaked:SurvivalInstinct","beaked:Evade"],"picked":"beaked:MaddeningMurmurs","floor":31.0},{"not_picked":["beaked:MimicMachine+1","ReplayTheSpireMod:Wings of Steel"],"picked":"beaked:Flinch+1","floor":32.0},{"not_picked":["beaked:Brainwash","beaked:VolatileMisfortune"],"picked":"beaked:CheekyTricks","floor":33.0}],"player_experience":560395,"relics_obtained":[{"floor":2.0,"key":"LetterFromLob"},{"floor":7.0,"key":"sagemod:Red_Beast_Statue"},{"floor":10.0,"key":"potionbrewer:ToyAutogyro"},{"floor":17.0,"key":"ReplayFunnel"},{"floor":17.0,"key":"conspire:Dentures"},{"floor":17.0,"key":"Mango"},{"floor":23.0,"key":"Letter Opener"},{"floor":25.0,"key":"Mummified Hand"}],"event_choices":[{"damage_healed":0.0,"max_hp_gain":5.0,"max_hp_loss":0.0,"gold_gain":0.0,"event_name":"Big Fish","player_choice":"Donut","floor":13.0,"gold_loss":0.0,"damage_taken":0.0},{"damage_healed":0.0,"max_hp_gain":0.0,"max_hp_loss":0.0,"gold_gain":0.0,"event_name":"Lab","player_choice":"Got Potions","floor":21.0,"gold_loss":0.0,"damage_taken":0.0},{"damage_healed":0.0,"max_hp_gain":0.0,"max_hp_loss":0.0,"gold_gain":0.0,"event_name":"betterNote:BetterNote","player_choice":"Ignored","floor":29.0,"gold_loss":0.0,"damage_taken":0.0,"cards_obtained":["JA"]}],"is_beta":false,"boss_relics":[{"not_picked":["conspire:RunicOctahedron","infinitespire:Cupcake"],"picked":"Calling Bell"},{"not_picked":["reliquary:KinkedSpring","hubris:VirtuousBlindfold"],"picked":"aspiration:MobileForge"}],"items_purged_floors":[],"is_endless":true,"potions_floor_spawned":[3,6,9,10,14,19,25,27,30,32],"ascension_level":0}}