{"host":"Jinnai","time":1613144325,"event":{"mods":["BaseMod","Block Reminder","Colored Map","Colored Powertips","Curses Come First","Highlight Path","Minty Spire (QoL Compilation)","Permanent Neow","Potion Indicator Mod","Quick Restart","Relic Stats","StSLib","ojb\u0027s Info Mod"],"gold_per_floor":[364,374,11,11,31,31,31,31],"floor_reached":7,"language":"ENG","playtime":231,"items_purged":["Defend_R"],"score":82,"play_id":"ef9678fc-479b-4749-b78b-4a3dde1b944b","local_time":"20210212103845","is_ascension_mode":true,"campfire_choices":[{"floor":6,"key":"REST"}],"circlet_count":0,"master_deck":["AscendersBane","Strike_R","Strike_R","Strike_R","Strike_R+1","Strike_R","Defend_R+1","Defend_R","Defend_R","Bash","Twin Strike","Clothesline","Limit Break","Flex","Panacea","Flex"],"relics":["Burning Blood","Membership Card"],"acts_visited":["Exordium"],"potions_floor_usage":[],"damage_taken":[{"damage":17,"enemies":"Small Slimes","floor":1,"turns":5},{"damage":12,"enemies":"Jaw Worm","floor":2,"turns":4},{"damage":1,"enemies":"2 Louse","floor":5,"turns":2},{"damage":50,"enemies":"Gremlin Nob","floor":7,"turns":4}],"seed_played":"3111949430403999732","potions_obtained":[{"floor":5,"key":"GamblersBrew"}],"is_trial":false,"path_per_floor":["M","M","$","?","M","R","E"],"character_chosen":"IRONCLAD","items_purchased":["Membership Card","Limit Break","Flex","Panacea"],"campfire_rested":1,"item_purchase_floors":[3,3,3,3],"current_hp_per_floor":[39,33,33,10,15,37,0,0],"gold":31,"neow_bonus":"TWO_FIFTY_GOLD","is_daily":false,"chose_seed":false,"campfire_upgraded":0,"win_rate":0.0,"timestamp":1613144325,"path_taken":["M","M","$","?","M","R","E"],"items_purchased_type":["Relic","Card","Card","Card"],"build_version":"2020-12-18","purchased_purges":1,"victory":false,"max_hp_per_floor":[75,75,75,75,75,75,75,75],"relic_stats":{"counters":[4,15],"obtain_stats":[{"Membership Card":3,"Burning Blood":0},{"Membership Card":2,"Burning Blood":0},{"Membership Card":9,"Burning Blood":0}],"Burning Blood":18},"card_choices":[{"not_picked":["Wild Strike","Perfected Strike"],"picked":"Twin Strike","floor":1},{"not_picked":["Sentinel","Thunderclap"],"picked":"Clothesline","floor":2},{"not_picked":["Headbutt","Iron Wave"],"picked":"Flex","floor":5}],"player_experience":1722240,"relics_obtained":[],"event_choices":[{"damage_healed":0,"gold_gain":0,"player_choice":"Entered Light","damage_taken":23,"max_hp_gain":0,"max_hp_loss":0,"event_name":"Shining Light","floor":4,"gold_loss":0,"cards_upgraded":["Defend_R","Strike_R"]}],"is_beta":true,"boss_relics":[],"items_purged_floors":[3],"is_endless":false,"potions_floor_spawned":[5],"killed_by":"Gremlin Nob","ascension_level":20}}