{"host":"24d26nswb7ia7374","time":1613088209,"event":{"mods":["Aspiration","BaseMod","Beaked The Cultist","Better Third Choice","BetterRewards","Colored Map","Conspire","DeckTracker","Downfall","Halation","Highlight Path","Hubris","Minty Spire (QoL Compilation)","Relic Sorter","Replay The Spire","Reworked Bosses","Shop Mod","Spikes Relics","Spire Arcade","StSLib","The Valiant"],"gold_per_floor":[111,111,135,235,254,285,285,300,371,120,120,105,105,105,105,202,202,216,216,216,216],"floor_reached":20,"language":"ENG","playtime":674,"items_purged":[],"score":195,"play_id":"a663c67e-1c28-4309-87d7-764d66a5c5f7","local_time":"20210211190329","is_ascension_mode":false,"campfire_choices":[{"data":"beaked:StickSmack","floor":7,"key":"SMITH"},{"data":"beaked:FeelMyPain","floor":11,"key":"SMITH"}],"circlet_count":0,"master_deck":["beaked:Strike_Y+1","beaked:Strike_Y+1","beaked:Strike_Y+1","beaked:Strike_Y+1","beaked:Strike_Y+1","beaked:Defend_Y+1","beaked:Defend_Y+1","beaked:Defend_Y+1","beaked:Defend_Y+1","beaked:Ceremony","beaked:Ceremony","beaked:Ceremony","beaked:CursingBlood","beaked:VigorBurst+1","beaked:StickSmack+1","beaked:FeelMyPain+1","beaked:Evade","beaked:HuntressSpirit","beaked:AwakenedForm","beaked:Tweet"],"relics":["beaked:MendingPlumage","NeowsBlessing","aspiration:BabyByrd","aspiration:Lifesprig","hubris:CrystalStatue","conspire:DeflatedDodgeball","hubris:Towel","Replay:Grab Bag","Replay:Bronze Core","ReplayTheSpireMod:Onyx Gauntlets","aspiration:IroncladSkillbook"],"acts_visited":["Exordium","TheCity"],"potions_floor_usage":[16,18,20,20],"damage_taken":[{"damage":0,"enemies":"2 Louse","floor":1,"turns":1},{"damage":0,"enemies":"Jaw Worm","floor":5,"turns":1},{"damage":0,"enemies":"3 Sentries","floor":6,"turns":2},{"damage":15,"enemies":"Small Slimes","floor":8,"turns":4},{"damage":26,"enemies":"Exordium Thugs","floor":12,"turns":5},{"damage":53,"enemies":"Hexaghost","floor":16,"turns":7},{"damage":58,"enemies":"Chosen","floor":18,"turns":6},{"damage":54,"enemies":"Masked Bandits","floor":20,"turns":3}],"seed_played":"4504108592933242415","potions_obtained":[{"floor":5,"key":"champ:CounterPotion"},{"floor":6,"key":"LifebloodPotion"},{"floor":8,"key":"Dexterity Potion"},{"floor":18,"key":"SteroidPotion"}],"is_trial":false,"path_per_floor":["M","?","T","?","M","E","R","M","T","$","R","M","?","?","R_BF","B",null,"M","?","?"],"character_chosen":"BEAKED_THE_CULTIST","items_purchased":["conspire:DeflatedDodgeball"],"campfire_rested":0,"item_purchase_floors":[10],"current_hp_per_floor":[50,50,50,50,55,55,55,54,54,54,54,45,45,45,45,32,55,26,26,0,0],"gold":216,"neow_bonus":"THREE_ENEMY_KILL","is_daily":false,"chose_seed":false,"campfire_upgraded":2,"win_rate":0.0,"timestamp":1613088209,"path_taken":["M","?","?","?","?","E","R","M","T","$","R","M","?","?","R_BF","BOSS","M","?","?"],"items_purchased_type":["Relic"],"build_version":"2020-12-22","purchased_purges":0,"victory":false,"max_hp_per_floor":[50,50,50,50,55,55,55,55,55,55,55,55,55,55,55,55,55,55,55,55,55],"card_choices":[{"not_picked":["beaked:Brace","beaked:Overpower"],"picked":"beaked:CursingBlood","floor":1},{"not_picked":["beaked:Windmill","beaked:Replenish"],"picked":"beaked:VigorBurst","floor":5},{"not_picked":["beaked:TuckingFeathers","beaked:Hexing"],"picked":"beaked:StickSmack","floor":6},{"not_picked":["beaked:Daydream","beaked:WarriorEssence"],"picked":"beaked:FeelMyPain","floor":8},{"not_picked":["beaked:Windmill","beaked:Redirect"],"picked":"beaked:Evade","floor":12},{"not_picked":["beaked:VolatileMisfortune","beaked:DarkPact"],"picked":"beaked:AwakenedForm","floor":16},{"not_picked":["Hemokinesis","beaked:Evade","Ghostly Armor"],"picked":"beaked:Tweet","floor":18}],"player_experience":370895,"relics_obtained":[{"floor":3,"key":"aspiration:Lifesprig"},{"floor":6,"key":"hubris:CrystalStatue"}],"event_choices":[{"damage_healed":0,"gold_gain":100,"player_choice":"Pray","damage_taken":0,"max_hp_gain":0,"max_hp_loss":0,"event_name":"Golden Shrine","floor":4,"gold_loss":0},{"damage_healed":0,"gold_gain":0,"player_choice":"Simplicity","damage_taken":0,"max_hp_gain":0,"max_hp_loss":9,"event_name":"betterThird:BetterWriting","floor":19,"gold_loss":0},{"damage_healed":0,"gold_gain":0,"player_choice":"Fought Bandits","damage_taken":0,"max_hp_gain":0,"max_hp_loss":0,"event_name":"Masked Bandits","floor":20,"gold_loss":0}],"is_beta":false,"boss_relics":[{"not_picked":["Kintsugi","Sozu"],"picked":"Replay:Grab Bag"},{"not_picked":["Ectoplasm","Runic Dome"],"picked":"Replay:Bronze Core"},{"not_picked":["Cursed Key","hubris:TerracottaHorce"],"picked":"ReplayTheSpireMod:Onyx Gauntlets"},{"not_picked":["hubris:Backtick","halation:LoveArrow"],"picked":"aspiration:IroncladSkillbook"}],"items_purged_floors":[],"is_endless":false,"potions_floor_spawned":[5,6,8,18],"killed_by":"Masked Bandits","ascension_level":0}}