{"host":"9viy3memdfgcf4vy","time":1613164178,"event":{"mods":["BaseMod","Colored Map","Downfall","Minty Spire (QoL Compilation)","StSLib"],"gold_per_floor":[99,109,121,106,106,131,203,213,248,258,276,306,206,206,218,296,296,296,310,326,13,25,25,50,50,69,79,79,110,126,136,155,232,232,232,243,154,164,264,295,295,95,106,106,155,168,168,181,201,201,201,201,201,201],"floor_reached":52,"language":"ENG","playtime":9274,"items_purged":["Slimebound:Defend_Slimebound","Slimebound:SplitAcid"],"score":1266,"play_id":"aa8208ef-9376-47bb-addd-17e9f52cb633","local_time":"20210212230938","is_ascension_mode":true,"campfire_choices":[{"data":"1","floor":1,"key":"LIFT"},{"floor":13,"key":"REST"},{"data":"Slimebound:Split","floor":18,"key":"SMITH"},{"data":"Slimebound:LevelUp","floor":25,"key":"SMITH"},{"floor":35,"key":"RECALL"},{"data":"Slimebound:SamplingLick","floor":42,"key":"SMITH"},{"data":"Slimebound:HauntingLick","floor":44,"key":"SMITH"},{"data":"Slimebound:SlimeBarrage","floor":47,"key":"SMITH"}],"circlet_count":0,"master_deck":["AscendersBane","Slimebound:Strike_Slimebound","Slimebound:Strike_Slimebound","Slimebound:Tackle+1","Slimebound:Defend_Slimebound+1","Slimebound:Defend_Slimebound","Slimebound:Defend_Slimebound","Slimebound:Split+1","Slimebound:CorrosiveSpit","Slimebound:SlimeBarrage+1","Slimebound:SamplingLick+1","Slimebound:HauntingLick+1","Slimebound:Recycling","Slimebound:DisruptingSlam","Slimebound:SlimeSpikes","Slimebound:SplitSpecialist","Slimebound:RollThrough+1","Slimebound:Recycling","Slimebound:LeechLife","Slimebound:LevelUp+1","Slimebound:LivingWall","Slimebound:SlimeBarrage","Slimebound:MassFeed","Slimebound:PressTheAttack+1"],"relics":["Slimebound:AbsorbEndCombat","Girya","Omamori","Anchor","Peace Pipe","downfall:HeartBlessingBlue","Busted Crown","Membership Card","MealTicket","Centennial Puzzle","Bottled Lightning","Philosopher\u0027s Stone","champ:Barbells","White Beast Statue","Oddly Smooth Stone","Prayer Wheel","downfall:HeartBlessingRed","downfall:HeartBlessingGreen","bronze:DecasWashers","Mercury Hourglass"],"acts_visited":["Exordium","TheCity","TheBeyond","TheEnding"],"potions_floor_usage":[6,12,16,16,29,29,33,36,40,40,49,52],"damage_taken":[{"damage":4,"enemies":"Cultist","floor":2,"turns":3},{"damage":7,"enemies":"Small Slimes","floor":3,"turns":4},{"damage":0,"enemies":"downfall:FleeingMerchant","floor":4,"turns":4},{"damage":38,"enemies":"3 Sentries","floor":6,"turns":11},{"damage":2,"enemies":"Jaw Worm","floor":8,"turns":3},{"damage":20,"enemies":"Lagavulin","floor":9,"turns":6},{"damage":0,"enemies":"Exordium Wildlife","floor":10,"turns":3},{"damage":4,"enemies":"Red Slaver","floor":11,"turns":3},{"damage":14,"enemies":"3 Sentries","floor":12,"turns":6},{"damage":8,"enemies":"Exordium Thugs","floor":15,"turns":5},{"damage":19,"enemies":"IC_STATUS_ARCHETYPE","floor":16,"turns":7},{"damage":8,"enemies":"Chosen","floor":19,"turns":4},{"damage":15,"enemies":"3 Byrds","floor":20,"turns":4},{"damage":8,"enemies":"downfall:FleeingMerchant","floor":21,"turns":4},{"damage":9,"enemies":"Cultist and Chosen","floor":22,"turns":7},{"damage":6,"enemies":"Snecko","floor":26,"turns":4},{"damage":26,"enemies":"Chosen and Byrds","floor":27,"turns":6},{"damage":22,"enemies":"Gremlin Leader","floor":29,"turns":5},{"damage":30,"enemies":"Shelled Parasite and Fungi","floor":30,"turns":4},{"damage":12,"enemies":"Snake Plant","floor":31,"turns":4},{"damage":7,"enemies":"Centurion and Healer","floor":32,"turns":5},{"damage":51,"enemies":"DF_ARCHETYPE_CLAW","floor":33,"turns":7},{"damage":33,"enemies":"3 Darklings","floor":36,"turns":4},{"damage":8,"enemies":"downfall:FleeingMerchant","floor":37,"turns":4},{"damage":19,"enemies":"3 Shapes","floor":38,"turns":4},{"damage":6,"enemies":"downfall:LadyInBlue","floor":39,"turns":5},{"damage":28,"enemies":"Reptomancer","floor":40,"turns":7},{"damage":12,"enemies":"Sphere and 2 Shapes","floor":43,"turns":3},{"damage":0,"enemies":"downfall:FleeingMerchant","floor":45,"turns":3},{"damage":11,"enemies":"Transient","floor":46,"turns":5},{"damage":3,"enemies":"Jaw Worm Horde","floor":48,"turns":3},{"damage":18,"enemies":"Writhing Mass","floor":49,"turns":4},{"damage":27,"enemies":"SI_POISON_ARCHETYPE","floor":50,"turns":9},{"damage":81,"enemies":"downfall:CharBossMerchant","floor":52,"turns":8}],"seed_played":"3678557401749644122","potions_obtained":[{"floor":2,"key":"SneckoOil"},{"floor":6,"key":"LiquidBronze"},{"floor":9,"key":"bronze:BurnAndBuffPotion"},{"floor":12,"key":"hexamod:SoulburnPotion"},{"floor":22,"key":"EssenceOfSteel"},{"floor":27,"key":"Dexterity Potion"},{"floor":28,"key":"Slimebound:SlimedPotion"},{"floor":28,"key":"Block Potion"},{"floor":30,"key":"champ:CounterPotion"},{"floor":33,"key":"Slimebound:SlimedPotion"},{"floor":39,"key":"Weak Potion"},{"floor":39,"key":"PowerPotion"},{"floor":39,"key":"AttackPotion"},{"floor":40,"key":"Ancient Potion"},{"floor":43,"key":"SneckoOil"},{"floor":45,"key":"SkillPotion"},{"floor":48,"key":"PowerPotion"},{"floor":49,"key":"Energy Potion"}],"is_trial":false,"path_per_floor":["R","M","M","$","?","E","T","M","E","M","M","E","R","?","M","B",null,"R","M","M","$","M","?","T","R","M","M","?","E","M","M","M","B",null,"R","M","$","M","?","E","T","R","M","R","$","M","R","M","M","B",null,"E"],"character_chosen":"SLIMEBOUND","items_purchased":["Membership Card","Slimebound:LevelUp","MealTicket","champ:Barbells","bronze:DecasWashers","Mercury Hourglass"],"campfire_rested":1,"item_purchase_floors":[21,21,21,37,45,45],"current_hp_per_floor":[53,51,48,54,54,24,24,28,16,20,18,10,39,39,39,28,55,55,58,47,49,52,52,52,52,50,32,32,41,25,41,64,45,59,59,32,64,54,56,36,36,36,29,29,56,67,67,67,51,47,64,0,0,0],"gold":201,"neow_bonus":"ONE_RARE_RELIC","is_daily":false,"chose_seed":false,"campfire_upgraded":5,"win_rate":0.0,"timestamp":1613164178,"path_taken":["R","M","M","?","?","E","T","M","E","?","M","E","R","?","M","BOSS","R","M","M","$","?","?","T","R","M","M","?","E","M","?","M","BOSS","R","M","$","M","?","E","T","R","M","R","?","M","R","?","M","BOSS","E"],"items_purchased_type":["Relic","Card","Relic","Relic","Relic","Relic"],"build_version":"2020-12-22","purchased_purges":2,"victory":false,"max_hp_per_floor":[54,54,54,54,54,54,54,54,54,54,54,54,64,64,64,64,64,64,64,64,64,64,64,64,64,64,64,64,64,64,64,64,64,64,64,64,64,64,64,64,64,64,67,67,67,67,67,67,67,70,70,70,70,70],"card_choices":[{"not_picked":["Slimebound:Repurpose","Slimebound:SplitMire"],"picked":"Slimebound:SlimeBarrage","floor":2},{"not_picked":["Slimebound:Recollect","Slimebound:GoopSpray"],"picked":"Slimebound:SamplingLick","floor":3},{"not_picked":["Slimebound:DivideAndConquer","Slimebound:Dissolve"],"picked":"Slimebound:HauntingLick","floor":4},{"not_picked":["Slimebound:SamplingLick","Slimebound:WasteNot","Slimebound:Schlurp"],"picked":"SKIP","floor":6},{"not_picked":["Slimebound:FinishingTackle","Slimebound:Grow"],"picked":"Slimebound:SplitAcid","floor":8},{"not_picked":["Slimebound:GoopTackle","Slimebound:HauntingLick"],"picked":"Slimebound:DisruptingSlam","floor":9},{"not_picked":["Slimebound:LeechingTouch","Slimebound:ComboTackle"],"picked":"Slimebound:SlimeSpikes","floor":10},{"not_picked":["Slimebound:ProtectTheBoss","Slimebound:RollThrough"],"picked":"Slimebound:SplitSpecialist","floor":11},{"not_picked":["Slimebound:DivideAndConquer","Slimebound:PressTheAttack"],"picked":"Slimebound:RollThrough","floor":12},{"not_picked":["Slimebound:Prepare","Slimebound:RollThrough","Slimebound:Schlurp"],"picked":"SKIP","floor":15},{"not_picked":["Slimebound:RallyTheTroops","Slimebound:PrepareCrush"],"picked":"Slimebound:LeechLife","floor":16},{"not_picked":["Slimebound:SplitLeeching"],"picked":"SKIP","floor":19},{"not_picked":["Slimebound:GoopTackle"],"picked":"SKIP","floor":20},{"not_picked":["Slimebound:HauntingLick"],"picked":"SKIP","floor":21},{"not_picked":["Slimebound:LivingWall"],"picked":"SKIP","floor":22},{"not_picked":["Slimebound:Gluttony+1"],"picked":"SKIP","floor":26},{"not_picked":["Slimebound:SplitLeeching"],"picked":"SKIP","floor":27},{"not_picked":["Slimebound:LeechingTouch"],"picked":"SKIP","floor":29},{"not_picked":[],"picked":"Slimebound:LivingWall","floor":30},{"not_picked":["Slimebound:FinishingTackle"],"picked":"SKIP","floor":31},{"not_picked":[],"picked":"Slimebound:SlimeBarrage","floor":32},{"not_picked":[],"picked":"Slimebound:MassFeed","floor":33},{"not_picked":["Slimebound:SplitSpecialist"],"picked":"SKIP","floor":36},{"not_picked":["Slimebound:SplitBruiser"],"picked":"SKIP","floor":37},{"not_picked":["Slimebound:HungryTackle"],"picked":"SKIP","floor":38},{"not_picked":["Slimebound:Repurpose"],"picked":"SKIP","floor":40},{"not_picked":["Slimebound:BestDefense"],"picked":"SKIP","floor":43},{"not_picked":["Slimebound:GoopSpray"],"picked":"SKIP","floor":43},{"not_picked":["Slimebound:SlimeSpikes+1"],"picked":"SKIP","floor":45},{"not_picked":["Slimebound:ItLooksTasty"],"picked":"SKIP","floor":46},{"not_picked":["Slimebound:SplitBruiser+1"],"picked":"SKIP","floor":46},{"not_picked":["Slimebound:ViciousTackle"],"picked":"SKIP","floor":48},{"not_picked":["Slimebound:Equalize"],"picked":"SKIP","floor":48},{"not_picked":[],"picked":"Slimebound:PressTheAttack+1","floor":49},{"not_picked":["Slimebound:Prepare"],"picked":"SKIP","floor":49}],"player_experience":517616,"relics_obtained":[{"floor":6,"key":"Omamori"},{"floor":9,"key":"Anchor"},{"floor":12,"key":"Peace Pipe"},{"floor":24,"key":"Centennial Puzzle"},{"floor":29,"key":"Bottled Lightning"},{"floor":39,"key":"White Beast Statue"},{"floor":40,"key":"Oddly Smooth Stone"},{"floor":41,"key":"Prayer Wheel"}],"event_choices":[{"damage_healed":0,"gold_gain":0,"player_choice":"Got Potions","damage_taken":0,"max_hp_gain":0,"max_hp_loss":0,"event_name":"Lab","floor":28,"gold_loss":0}],"is_beta":false,"boss_relics":[{"not_picked":["Velvet Choker","Black Star"],"picked":"Busted Crown"},{"not_picked":["Astrolabe","Tiny House"],"picked":"Philosopher\u0027s Stone"}],"items_purged_floors":[21,45],"is_endless":false,"potions_floor_spawned":[2,6,9,10,12,22,27,30,33,40,43,45,46,48,49],"killed_by":"downfall:CharBossMerchant","ascension_level":14}}