{"host":"spoxbmo2txwgdxt2","time":1613154842,"event":{"mods":["AchievementEnabler","Act Like it!","BaseMod","Colored Powertips","Highlight Path","Minty Spire (QoL Compilation)","Quick Restart","Shop Mod","StSLib"],"gold_per_floor":[134,134,134,134,190,190,273,311,311,311,342,160,160,160,160,289,289,305,343,343,343,357,357,101,143,196,249,249,291,291,344,344,473,473,515,595,595,645,645,679,721,756,756,809,824,824,879,919,919,944,944,944,69,101,126],"floor_reached":56,"language":"ZHS","playtime":4130,"items_purged":["Strike_P","Strike_P"],"score":1461,"play_id":"7d9f42d9-dcaf-495a-8ff1-9211b993c49b","local_time":"20210213023402","is_ascension_mode":true,"campfire_choices":[{"data":"HandOfGreed","floor":6.0,"key":"SMITH"},{"data":"Eruption","floor":10.0,"key":"SMITH"},{"floor":15.0,"key":"REST"},{"data":"Devotion","floor":23.0,"key":"SMITH"},{"data":"MentalFortress","floor":30.0,"key":"SMITH"},{"data":"Vigilance","floor":32.0,"key":"SMITH"},{"floor":49.0,"key":"RECALL"},{"data":"Apotheosis","floor":52.0,"key":"SMITH"}],"circlet_count":0,"master_deck":["Strike_P+1","Defend_P","Defend_P","Defend_P","Eruption+1","Vigilance+1","HandOfGreed+1","WheelKick+1","WreathOfFlame","ClearTheMind","EmptyFist+1","Brilliance+1","MentalFortress+1","FlurryOfBlows+1","Devotion+1","Pray+1","ClearTheMind","Vengeance+1","Indignation+1","MentalFortress+1","Prostrate","EmptyMind","Establishment","CutThroughFate+1","Sanctity+1","Wallop+1","Sanctity+1","Study","WheelKick+1","Crescendo","Apotheosis+1","TalkToTheHand+1","InnerPeace","SandsOfTime+1","DeusExMachina","CarveReality+1","WaveOfTheHand"],"relics":["HolyWater","CaptainsWheel","Spirit Poop","Molten Egg 2","Pocketwatch","Darkstone Periapt","Bloody Idol","VioletLotus","Singing Bowl","Akabeko","Lantern","Ancient Tea Set","Ice Cream","Torii","MealTicket","Mummified Hand","War Paint","Centennial Puzzle","Shuriken","Happy Flower","Blue Candle"],"acts_visited":["Exordium","TheCity","TheBeyond","TheEnding"],"potions_floor_usage":[55,55,55],"damage_taken":[{"damage":2.0,"enemies":"Jaw Worm","floor":1.0,"turns":4.0},{"damage":0.0,"enemies":"Small Slimes","floor":5.0,"turns":3.0},{"damage":5.0,"enemies":"3 Sentries","floor":7.0,"turns":5.0},{"damage":1.0,"enemies":"Cultist","floor":8.0,"turns":4.0},{"damage":8.0,"enemies":"Gremlin Nob","floor":11.0,"turns":3.0},{"damage":9.0,"enemies":"The Guardian","floor":16.0,"turns":6.0},{"damage":7.0,"enemies":"3 Byrds","floor":18.0,"turns":4.0},{"damage":0.0,"enemies":"2 Thieves","floor":19.0,"turns":1.0},{"damage":7.0,"enemies":"Cultist and Chosen","floor":22.0,"turns":3.0},{"damage":6.0,"enemies":"Sentry and Sphere","floor":25.0,"turns":3.0},{"damage":23.0,"enemies":"Gremlin Leader","floor":27.0,"turns":5.0},{"damage":14.0,"enemies":"Centurion and Healer","floor":29.0,"turns":3.0},{"damage":26.0,"enemies":"Slavers","floor":31.0,"turns":3.0},{"damage":13.0,"enemies":"Automaton","floor":33.0,"turns":6.0},{"damage":5.0,"enemies":"Orb Walker","floor":35.0,"turns":2.0},{"damage":6.0,"enemies":"2 Orb Walkers","floor":36.0,"turns":4.0},{"damage":6.0,"enemies":"Mind Bloom Boss Battle","floor":38.0,"turns":4.0},{"damage":21.0,"enemies":"Reptomancer","floor":40.0,"turns":4.0},{"damage":2.0,"enemies":"3 Shapes","floor":41.0,"turns":3.0},{"damage":0.0,"enemies":"Giant Head","floor":42.0,"turns":6.0},{"damage":8.0,"enemies":"Reptomancer","floor":44.0,"turns":5.0},{"damage":15.0,"enemies":"Writhing Mass","floor":45.0,"turns":5.0},{"damage":1.0,"enemies":"Nemesis","floor":47.0,"turns":5.0},{"damage":1.0,"enemies":"4 Shapes","floor":48.0,"turns":3.0},{"damage":25.0,"enemies":"Donu and Deca","floor":50.0,"turns":8.0},{"damage":21.0,"enemies":"Shield and Spear","floor":54.0,"turns":5.0},{"damage":43,"enemies":"The Heart","floor":55,"turns":7}],"seed_played":"8787380769111222505","potions_obtained":[{"floor":7.0,"key":"Energy Potion"},{"floor":16.0,"key":"Ancient Potion"},{"floor":18.0,"key":"CultistPotion"},{"floor":25.0,"key":"Swift Potion"},{"floor":40.0,"key":"EssenceOfSteel"}],"is_trial":false,"path_per_floor":["M","?","?","?","M","R","E","M","T","R","E","$","?","?","R","B",null,"M","M","?","?","M","R","$","M","T","E","?","M","R","E","R","B",null,"M","?","?","?","?","E","M","E","T","E","M","?","E","M","R","B",null,"R","$","E","B",null],"character_chosen":"WATCHER","items_purchased":["MentalFortress","FlurryOfBlows+1","Singing Bowl","Shuriken","Happy Flower","SandsOfTime+1","DeusExMachina","CarveReality+1","WaveOfTheHand"],"campfire_rested":1,"item_purchase_floors":[12,12,24,53,53,53,53,53,53],"current_hp_per_floor":[49,35,35,35,35,35,30,29,29,29,21,21,3,3,24,15,72,65,65,65,65,63,63,63,67,72,59,59,55,55,39,39,36,72,72,72,72,71,71,55,63,70,70,72,62,62,71,74,74,54,74,74,74,60,22],"gold":126,"neow_bonus":"RANDOM_COLORLESS_2","is_daily":false,"chose_seed":false,"campfire_upgraded":6,"win_rate":0.0,"timestamp":1613154842,"path_taken":["M","?","?","?","?","R","E","M","T","R","E","$","?","?","R","BOSS","M","M","?","?","?","R","$","M","T","E","?","M","R","E","R","BOSS","M","?","?","?","?","E","?","E","T","E","M","?","E","M","R","BOSS","R","$","E","BOSS"],"items_purchased_type":["Card","Card","Relic","Relic","Relic","Card","Card","Card","Card"],"build_version":"2020-12-22","purchased_purges":2,"victory":true,"max_hp_per_floor":[72,72,72,72,72,72,72,72,72,72,72,72,72,72,72,72,72,72,72,72,72,72,72,72,72,72,72,72,72,72,72,72,72,72,72,72,72,72,72,72,72,74,74,74,74,74,74,74,74,74,74,74,74,76,76],"card_choices":[{"not_picked":["Magnetism","Chrysalis"],"picked":"HandOfGreed","floor":0.0},{"not_picked":["CrushJoints","JustLucky"],"picked":"WheelKick","floor":1.0},{"not_picked":["Halt","FollowUp"],"picked":"WreathOfFlame","floor":5.0},{"not_picked":["SashWhip+1","BowlingBash+1"],"picked":"ClearTheMind","floor":7.0},{"not_picked":["EmptyBody","Nirvana"],"picked":"EmptyFist+1","floor":8.0},{"not_picked":["ForeignInfluence","CutThroughFate+1"],"picked":"Brilliance+1","floor":11.0},{"not_picked":["Wish","LessonLearned+1"],"picked":"Devotion","floor":16.0},{"not_picked":["Halt","Conclude+1"],"picked":"Pray","floor":18.0},{"not_picked":["EmptyFist+1","FlyingSleeves+1"],"picked":"ClearTheMind","floor":19.0},{"not_picked":["Nirvana","InnerPeace"],"picked":"Vengeance+1","floor":22.0},{"not_picked":["BowlingBash+1","CrushJoints+1"],"picked":"Indignation+1","floor":25.0},{"not_picked":["Wish","Consecrate+1"],"picked":"MentalFortress+1","floor":27.0},{"not_picked":["JustLucky+1","FollowUp+1"],"picked":"Prostrate","floor":29.0},{"not_picked":["DeceiveReality","ReachHeaven+1"],"picked":"EmptyMind","floor":31.0},{"not_picked":["MasterReality","Blasphemy"],"picked":"Establishment","floor":33.0},{"not_picked":["CrushJoints+1","FlyingSleeves+1"],"picked":"CutThroughFate+1","floor":35.0},{"not_picked":["BowlingBash+1","JustLucky+1"],"picked":"Sanctity+1","floor":36.0},{"not_picked":["Consecrate+1","LikeWater"],"picked":"Wallop+1","floor":38.0},{"not_picked":["PathToVictory","Collect"],"picked":"Sanctity","floor":40.0},{"not_picked":["ThirdEye+1","Crescendo+1"],"picked":"Study","floor":41.0},{"not_picked":["DeceiveReality+1","FollowUp+1","WreathOfFlame+1"],"picked":"Singing Bowl","floor":42.0},{"not_picked":["WreathOfFlame","EmptyMind"],"picked":"WheelKick+1","floor":44.0},{"not_picked":["Perseverance","FlurryOfBlows+1"],"picked":"Crescendo","floor":45.0},{"not_picked":["Enlightenment","Deep Breath"],"picked":"Apotheosis","floor":46.0},{"not_picked":["Wallop+1","Nirvana"],"picked":"TalkToTheHand+1","floor":47.0},{"not_picked":["FlurryOfBlows+1","Prostrate"],"picked":"InnerPeace","floor":48.0},{"not_picked":["ForeignInfluence+1","WindmillStrike+1","WaveOfTheHand+1"],"picked":"Singing Bowl","floor":54.0}],"player_experience":320034,"relics_obtained":[{"floor":7.0,"key":"Molten Egg 2"},{"floor":9.0,"key":"Pocketwatch"},{"floor":11.0,"key":"Darkstone Periapt"},{"floor":26.0,"key":"Akabeko"},{"floor":27.0,"key":"Lantern"},{"floor":31.0,"key":"Ancient Tea Set"},{"floor":36.0,"key":"Ice Cream"},{"floor":38.0,"key":"Torii"},{"floor":40.0,"key":"MealTicket"},{"floor":42.0,"key":"Mummified Hand"},{"floor":44.0,"key":"War Paint"},{"floor":47.0,"key":"Centennial Puzzle"},{"floor":54.0,"key":"Blue Candle"}],"event_choices":[{"damage_healed":0.0,"max_hp_gain":0.0,"max_hp_loss":0.0,"gold_gain":0.0,"event_name":"Shining Light","player_choice":"Entered Light","floor":2.0,"gold_loss":0.0,"damage_taken":14.0,"cards_upgraded":["Strike_P","WheelKick"]},{"damage_healed":0.0,"max_hp_gain":0.0,"max_hp_loss":0.0,"gold_gain":0.0,"event_name":"Big Fish","player_choice":"Box","floor":3.0,"gold_loss":0.0,"damage_taken":0.0,"relics_obtained":["CaptainsWheel"],"cards_obtained":["Regret"]},{"cards_removed":["Regret"],"damage_healed":0.0,"max_hp_gain":0.0,"max_hp_loss":0.0,"gold_gain":0.0,"event_name":"Bonfire Elementals","player_choice":"Offered Curse","floor":4.0,"gold_loss":0.0,"damage_taken":0.0,"relics_obtained":["Spirit Poop"]},{"damage_healed":0.0,"max_hp_gain":0.0,"max_hp_loss":0.0,"gold_gain":0.0,"event_name":"Golden Idol","player_choice":"Take Damage","floor":13.0,"gold_loss":0.0,"damage_taken":18.0,"relics_obtained":["Golden Idol"]},{"cards_removed":["Strike_P"],"damage_healed":0.0,"max_hp_gain":0.0,"max_hp_loss":0.0,"gold_gain":0.0,"event_name":"Purifier","player_choice":"Purged","floor":14.0,"gold_loss":0.0,"damage_taken":0.0},{"damage_healed":0.0,"max_hp_gain":0.0,"max_hp_loss":0.0,"gold_gain":0.0,"event_name":"Forgotten Altar","player_choice":"Gave Idol","floor":20.0,"relics_lost":["Golden Idol"],"gold_loss":0.0,"damage_taken":0.0,"relics_obtained":["Bloody Idol"]},{"cards_removed":["Defend_P"],"damage_healed":0.0,"max_hp_gain":0.0,"max_hp_loss":0.0,"gold_gain":0.0,"event_name":"Purifier","player_choice":"Purged","floor":21.0,"gold_loss":0.0,"damage_taken":0.0},{"damage_healed":0.0,"max_hp_gain":0.0,"max_hp_loss":0.0,"gold_gain":0.0,"event_name":"Vampires","player_choice":"Ignored","floor":28.0,"gold_loss":0.0,"damage_taken":0.0},{"damage_healed":0.0,"max_hp_gain":0.0,"max_hp_loss":0.0,"gold_gain":0.0,"event_name":"Mysterious Sphere","player_choice":"Fight","floor":36.0,"gold_loss":0.0,"damage_taken":0.0},{"damage_healed":0.0,"max_hp_gain":0.0,"max_hp_loss":0.0,"gold_gain":0.0,"event_name":"Tomb of Lord Red Mask","player_choice":"Ignored","floor":37.0,"gold_loss":0.0,"damage_taken":0.0},{"damage_healed":0.0,"max_hp_gain":0.0,"max_hp_loss":0.0,"gold_gain":0.0,"event_name":"MindBloom","player_choice":"Fight","floor":38.0,"gold_loss":0.0,"damage_taken":0.0},{"damage_healed":0.0,"max_hp_gain":0.0,"max_hp_loss":0.0,"gold_gain":0.0,"event_name":"SecretPortal","player_choice":"Ignored","floor":39.0,"gold_loss":0.0,"damage_taken":0.0},{"damage_healed":0.0,"max_hp_gain":0.0,"max_hp_loss":0.0,"gold_gain":0.0,"event_name":"SensoryStone","player_choice":"Memory 1","floor":46.0,"gold_loss":0.0,"damage_taken":0.0}],"is_beta":false,"boss_relics":[{"not_picked":["Velvet Choker","Tiny House"],"picked":"VioletLotus"},{"not_picked":["Calling Bell","Black Star"],"picked":"HolyWater"}],"items_purged_floors":[12,53],"is_endless":false,"potions_floor_spawned":[7,16,18,25,31,40,44,45,47,48,54],"ascension_level":2}}