{"host":"w05x4i13f2m9joq1","time":1613091924,"event":{"mods":["100% Spire Juice","Act Like it!","BaseMod","Better Altar","Better Match","Better Note","Better Sensory Stone","Better Skull","Better Third Choice","BetterRewards","CapriCore","Colored Map","Colored Powertips","Defective Defect","Downfall","Duelist Mod","Gensokyo","GifTheSpireLib","Googly Eyes","Infinite Spire","Ironclad Rager","Lobotomy","LobotomyExtend","Marisa????????","Melee Mod","Minty Spire (QoL Compilation)","Morshu Shopkeeper - ENHANCED","MostiFishMod","Quick Restart","Rare Cards Sparkle","Reliquary","Replay The Spire","Shop Mod","Spicy Shops","Spire Birthday Party","StSLib","The Animator","The IronCluck","Uncapped","everything is the same but u backflip on backflip","slay the spire mod where everything is the same but ironclad has a cowboy hat"],"gold_per_floor":[117,129,204,222,147,186,186,186,217,217,217,232,243,243,276,337,349,469,581,615,648,620,666,694,764,776,788,825,881,963,975,1047,662,662,770,795,812,837,837,861,873,898,971,998,1023,1042,1070,1142,-258,-240,-240,-214,-214,-214,-214,801,900,1032,1125,1125,3,127,262,287,287,307,307],"floor_reached":66,"language":"ENG","playtime":9769,"items_purged":[],"score":901,"play_id":"ed41fc9e-edef-4381-b0a7-dc1539d3eefe","local_time":"20210211200524","is_ascension_mode":false,"campfire_choices":[{"data":"animator:Sloth","floor":10.0,"key":"SMITH"},{"data":"animator:Vanir","floor":17.0,"key":"SMITH"},{"data":"1","floor":27,"key":"LIFT"},{"data":"2","floor":31,"key":"LIFT"},{"data":"3","floor":34,"key":"LIFT"},{"floor":51,"key":"RECALL"},{"floor":55,"key":"REST"},{"floor":65,"key":"REST"}],"circlet_count":0,"master_deck":["animator:Strike_Konosuba+1","animator:Defend_Konosuba+1","animator:Strike+1","animator:Strike","animator:Strike+1","animator:Defend+1","animator:Defend+1","animator:Kazuma+1","animator:Aqua+1","animator:MetalKnight+1","animator:Sloth","animator:Archer+1","animator:Darkness+1","animator:Kazuma+1","animator:EmiyaShirou+1","animator:Chris","animator:Darkness+1","animator:Vanir+1","animator:Gilgamesh+13","animator:Curse_Dizziness","animator:Berserker+1","animator:Megumin+11","animator:Chris","animator:PandorasActor+1","animator:PandorasActor","animator:Hans+1","animator:Vanir","animator:Alexander+1","animator:Saitama+1","animator:Chris+1","Mind Blast+1","animator:MumenRider+1","animator:Chris+1","animator:Chris","animator:Aqua+1","animator:MetalKnight+1","animator:Berserker","animator:Chris+1","animator:Kazuma+1","animator:NarberalGamma+1","animator:Sebas+1","animator:MumenRider+1","animator:Entoma+4","animator:Lancer+1"],"relics":["animator:TheEgnaroPiece","animator:AncientMedallion"],"acts_visited":["Exordium","TheCity","TheBeyond","TheEnding","EYB:TheUnnamedReign"],"potions_floor_usage":[24,24,24,29,30,35,62,63,63,66],"damage_taken":[{"damage":3.0,"enemies":"Cultist","floor":1.0,"turns":3.0},{"damage":0.0,"enemies":"Jaw Worm","floor":2.0,"turns":3.0},{"damage":0.0,"enemies":"Small Slimes","floor":4.0,"turns":3.0},{"damage":8.0,"enemies":"3 Sentries","floor":6.0,"turns":5.0},{"damage":1.0,"enemies":"Gremlin Nob","floor":9.0,"turns":4.0},{"damage":3.0,"enemies":"Red Slaver","floor":12.0,"turns":3.0},{"damage":0.0,"enemies":"3 Louse","floor":13.0,"turns":3.0},{"damage":0.0,"enemies":"Large Slime","floor":15.0,"turns":4.0},{"damage":5.0,"enemies":"Lagavulin","floor":16.0,"turns":6.0},{"damage":2.0,"enemies":"Fading Forest","floor":18.0,"turns":11.0},{"damage":17,"enemies":"2 Thieves","floor":20,"turns":3},{"damage":7,"enemies":"Chosen","floor":21,"turns":4},{"damage":9,"enemies":"3 Cultists","floor":23,"turns":3},{"damage":21,"enemies":"Snake Plant","floor":24,"turns":3},{"damage":25,"enemies":"theDuelist:KaibaA2","floor":25,"turns":5},{"damage":13,"enemies":"Shelled Parasite and Fungi","floor":29,"turns":3},{"damage":13,"enemies":"animator:HornedBat","floor":30,"turns":6},{"damage":0,"enemies":"Gremlin Leader","floor":32,"turns":3},{"damage":20,"enemies":"Collector","floor":35,"turns":4},{"damage":0,"enemies":"3 Darklings","floor":37,"turns":3},{"damage":0,"enemies":"Orb Walker","floor":40,"turns":1},{"damage":0,"enemies":"3 Darklings","floor":41,"turns":2},{"damage":0,"enemies":"Transient","floor":42,"turns":5},{"damage":0,"enemies":"Giant Head","floor":43,"turns":4},{"damage":18,"enemies":"Maw","floor":44,"turns":4},{"damage":0,"enemies":"Spire Growth","floor":46,"turns":2},{"damage":1,"enemies":"Writhing Mass","floor":47,"turns":2},{"damage":7,"enemies":"R_Hoarder","floor":48,"turns":4},{"damage":0,"enemies":"Sphere and 2 Shapes","floor":50,"turns":1},{"damage":8,"enemies":"Replay:Hell Engine","floor":52,"turns":4},{"damage":20,"enemies":"animator:TRIPLE_SHAPES_WEAK","floor":57,"turns":11},{"damage":0,"enemies":"animator:UNNAMED_CULTIST_1","floor":58,"turns":16},{"damage":0,"enemies":"animator:LARGE_WISP","floor":62,"turns":12},{"damage":26,"enemies":"animator:TRIPLE_LAGAVULIN","floor":63,"turns":10},{"damage":95,"enemies":"animator:ULTIMATE_CRYSTAL","floor":66,"turns":8}],"seed_played":"-7126811575077844400","potions_obtained":[{"floor":1.0,"key":"Block Potion"},{"floor":9.0,"key":"SteroidPotion"},{"floor":12.0,"key":"LiquidBronze"},{"floor":15.0,"key":"PowerPotion"},{"floor":18.0,"key":"SteroidPotion"},{"floor":21,"key":"CultistPotion"},{"floor":24,"key":"sneckomod:MuddlingPotion"},{"floor":25,"key":"AttackPotion"},{"floor":32,"key":"CultistPotion"},{"floor":42,"key":"Explosive Potion"},{"floor":43,"key":"Explosive Potion"},{"floor":44,"key":"Cursed Concoction"},{"floor":48,"key":"Strength Potion"},{"floor":50,"key":"Fire Potion"},{"floor":57,"key":"animator:FalseLifePotion"},{"floor":58,"key":"animator:FalseLifePotion"},{"floor":62,"key":"animator:FalseLifePotion"},{"floor":63,"key":"animator:FalseLifePotion"}],"is_trial":false,"path_per_floor":["M","M","?","M","?","E","PTL","PTL","E","R","T","M","M","?","M","E","R","B",null,"M","M","?","M","M","E","?","R","T","M","E","R","E","$","R","B",null,"M","?","?","M","M","M","E","M","T","M","M","E","$","M","R","B",null,null,"R","??","M","M","T","?","$","M","M","?","R","E"],"character_chosen":"THE_ANIMATOR","items_purchased":["infinitespire:Satchel","Ornamental Fan","SynthV:MejaisSoulstealer","animator:AncientMedallion","animator:AncientMedallion","animator:MumenRider+1","animator:AncientMedallion","animator:AncientMedallion","animator:AncientMedallion"],"campfire_rested":2,"item_purchase_floors":[33,33,49,61,61,61,61,61,61],"current_hp_per_floor":[65,66,55,55,55,47,47,47,47,47,47,48,54,24,30,32,32,48,95,88,93,93,94,86,73,73,73,83,88,96,96,113,113,113,116,214,231,226,188,207,229,250,274,281,281,311,341,368,368,397,397,401,401,456,456,98,80,88,88,92,92,98,75,5,34,0,0],"gold":307,"neow_bonus":"TRANSFORM_CARD","is_daily":false,"chose_seed":false,"campfire_upgraded":2,"win_rate":0.0,"timestamp":1613091924,"path_taken":["M","?","?","M","?","E","PTL","PTL","E","R","T","M","M","?","M","E","R","BOSS","M","M","?","M","M","E","?","R","T","M","E","R","E","$","R","BOSS","M","?","?","M","M","M","E","M","T","M","M","E","$","M","R","BOSS","R","??","M","M","T","?","$","M","M","?","R","E"],"items_purchased_type":["Relic","Relic","Relic","Relic","Relic","Card","Relic","Relic","Relic"],"build_version":"2020-12-22","purchased_purges":0,"victory":false,"max_hp_per_floor":[66,66,66,66,66,66,66,66,67,67,67,69,73,73,77,82,82,88,95,103,113,113,123,134,146,146,146,156,169,183,183,198,198,198,214,214,231,231,249,268,288,309,331,354,354,378,403,429,429,456,456,456,456,456,456,98,98,98,98,98,98,98,98,98,98,98,98],"card_choices":[{"not_picked":["animator:LizardPriest","animator:MetalKnight"],"picked":"animator:Sloth","floor":1.0},{"not_picked":["animator:MaesHughes","animator:Tatsumaki","animator:ElricEdward","animator:Alexander","animator:Entoma"],"picked":"SKIP","floor":2.0},{"not_picked":["animator:Assassin","animator:Geryuganshoop","animator:RoyMustang","animator:Entoma"],"picked":"animator:Archer","floor":4.0},{"not_picked":["animator:Aqua","animator:Chris","animator:Kazuma","animator:Megumin"],"picked":"animator:Darkness","floor":6.0},{"not_picked":["animator:Eris","animator:NarberalGamma","animator:Tatsumaki","animator:Sebas"],"picked":"animator:Kazuma","floor":9.0},{"not_picked":["animator:Illya","animator:RoyMustang","animator:Gluttony","animator:Emonzaemon"],"picked":"animator:EmiyaShirou","floor":12.0},{"not_picked":["animator:EmiyaShirou","animator:MaesHughes","animator:Priestess","animator:Vesta"],"picked":"animator:Chris","floor":13.0},{"not_picked":["animator:Mitsurugi","animator:Verdia","animator:Vanir","animator:YunYun"],"picked":"animator:Darkness","floor":15.0},{"not_picked":["animator:Priestess","animator:SilverFang","animator:ElricEdward","animator:Emonzaemon"],"picked":"animator:Vanir","floor":16.0},{"not_picked":["animator:GoblinSlayer","animator:Biyorigo","animator:HomuraAkemi","animator:Albedo"],"picked":"animator:Gilgamesh","floor":18.0},{"not_picked":["Delirium","CurseOfTheBell","Decay","Doubt"],"picked":"Sickly","floor":19.0},{"not_picked":["Writhe","theDuelist:CurseAnubis","theDuelist:GravekeeperCurse","infinitespire:Pacifist"],"picked":"Gensokyo:AllTheWorldsEvil","floor":19.0},{"not_picked":["Pain","Parasite","Amnesia","ReplayTheSpireMod:Splinters"],"picked":"animator:Curse_Dizziness","floor":19.0},{"not_picked":["animator:ElricEdward+1","animator:IrohaTamaki+1","animator:Vanir+1","animator:Cocytus"],"picked":"animator:Berserker","floor":20},{"not_picked":["animator:GoblinSlayer","animator:NagisaMomoe","animator:Geryuganshoop","animator:Demiurge"],"picked":"animator:Megumin","floor":21},{"not_picked":["animator:Aqua","animator:Mitsurugi","animator:Megumin","animator:Vanir"],"picked":"animator:Chris","floor":23},{"not_picked":["animator:Assassin","animator:Aqua","animator:Millim","animator:Shalltear"],"picked":"animator:PandorasActor","floor":24},{"not_picked":["animator:Shion","animator:Genos","animator:Melzalgald+1","animator:YuiTsuruno+1"],"picked":"animator:PandorasActor","floor":25},{"not_picked":["animator:Witch+1","animator:Shuna","animator:Berserker","animator:ElricAlphonse"],"picked":"animator:Hans","floor":29},{"not_picked":["animator:YunYun","animator:Mitsurugi","animator:Darkness","animator:Verdia"],"picked":"animator:Vanir","floor":30},{"not_picked":["animator:DwarfShaman","animator:Assassin","animator:PandorasActor+1","animator:Konayuki"],"picked":"animator:Alexander","floor":32},{"not_picked":["animator:GoblinSlayer","animator:Gilgamesh","animator:Albedo","animator:Boros"],"picked":"animator:Saitama","floor":35},{"not_picked":["animator:Alexander+1","animator:ShinjiMatou","animator:GuildGirl+1","animator:SayakaMiki"],"picked":"animator:Chris","floor":37},{"not_picked":["infinitespire:Gouge","infinitespire:Oblivion"],"picked":"infinitespire:Punishment","floor":39},{"not_picked":["animator:PandorasActor","animator:Demiurge+1","animator:Priestess+1","animator:Kazuma+1"],"picked":"animator:MumenRider+1","floor":40},{"not_picked":["animator:Darkness","animator:Verdia","animator:YunYun","animator:Vanir"],"picked":"animator:Chris","floor":41},{"not_picked":["animator:Scar","animator:Genos+1","animator:PandorasActor","animator:Evileye"],"picked":"animator:Chris+1","floor":42},{"not_picked":["animator:Kyubey","animator:Lancer+1","animator:Entoma+1","animator:Melzalgald"],"picked":"animator:Aqua","floor":43},{"not_picked":["animator:Assassin","animator:Genos+1","animator:Demiurge","animator:MumenRider"],"picked":"animator:Megumin+1","floor":44},{"not_picked":["animator:Melzalgald","animator:Tatsumaki","animator:MumenRider","animator:Genos"],"picked":"animator:MetalKnight","floor":46},{"not_picked":["animator:RoyMustang+1","animator:ShinjiMatou+1","animator:ElricAlphonse","animator:MamiTomoe+1"],"picked":"animator:Berserker+1","floor":47},{"not_picked":["animator:IrohaTamaki+1","animator:Darkness+1","animator:Melzalgald","animator:Alexander+1"],"picked":"animator:Chris","floor":48},{"not_picked":["animator:Verdia+1","animator:Alexander","animator:Boros","animator:Tatsumaki"],"picked":"animator:Kazuma","floor":50},{"not_picked":["animator:Melzalgald","animator:Shion"],"picked":"animator:NarberalGamma","floor":57},{"not_picked":["animator:Genos","animator:SayakaMiki"],"picked":"animator:Sebas","floor":58},{"not_picked":["animator:Tatsumaki+1","animator:Pride"],"picked":"animator:Entoma","floor":62},{"not_picked":["animator:YachiyoNanami","animator:Tatsumaki"],"picked":"animator:Lancer","floor":63}],"player_experience":207723,"relics_obtained":[{"floor":1.0,"key":"SynthV:TestCard"},{"floor":1.0,"key":"LetterFromLob"},{"floor":6.0,"key":"Omamori"},{"floor":9.0,"key":"DianDianMeat"},{"floor":16.0,"key":"reliquary:TridentHead"},{"floor":25,"key":"Toy Ornithopter"},{"floor":28,"key":"Pear"},{"floor":30,"key":"Mummified Hand"},{"floor":32,"key":"InkBottle"},{"floor":43,"key":"Calipers"},{"floor":45,"key":"Snack Pack"},{"floor":48,"key":"reliquary:Boomerang"},{"floor":56,"key":"animator:TheEgnaroPiece"},{"floor":56,"key":"animator:AncientMedallion"},{"floor":57,"key":"LetterFromLob"},{"floor":58,"key":"LetterFromLob"},{"floor":59,"key":"animator:AncientMedallion"},{"floor":62,"key":"LetterFromLob"},{"floor":63,"key":"LetterFromLob"}],"event_choices":[{"damage_healed":0.0,"max_hp_gain":0.0,"max_hp_loss":0.0,"gold_gain":75.0,"event_name":"betterThird:BetterGoop","player_choice":"Gold","floor":3.0,"gold_loss":0.0,"damage_taken":11.0},{"damage_healed":0.0,"max_hp_gain":0.0,"max_hp_loss":0.0,"gold_gain":0.0,"event_name":"betterMatch:BetterMatch","player_choice":"2","floor":5.0,"gold_loss":0.0,"damage_taken":0.0,"cards_obtained":[]},{"damage_healed":0.0,"max_hp_gain":0.0,"max_hp_loss":0.0,"gold_gain":1.0,"event_name":"betterThird:BetterScrap","player_choice":"Relic Relic ","floor":14.0,"gold_loss":0.0,"damage_taken":30.0,"cards_obtained":["MostiFishMod:Overload"]},{"damage_healed":0,"gold_gain":0,"player_choice":"Upgraded Two","damage_taken":0,"max_hp_gain":0,"max_hp_loss":0,"event_name":"Designer","floor":22,"gold_loss":40,"cards_upgraded":["animator:Gilgamesh","animator:Defend"]},{"cards_removed":["animator:PandorasActor"],"damage_healed":0,"gold_gain":0,"player_choice":"Give","damage_taken":0,"max_hp_gain":0,"max_hp_loss":0,"event_name":"betterNote:BetterNote","floor":26,"gold_loss":0,"cards_obtained":["Slimebound:Strike_Slimebound"]}],"is_beta":false,"boss_relics":[{"not_picked":["RhineSuit","Painkiller Herb"],"picked":"Replay:Ancient Bell"},{"not_picked":["Gremlin Food","Orichalcum"],"picked":"Juzu Bracelet"},{"not_picked":["reliquary:Sideboard","Question Card"],"picked":"ReplayTheSpireMod:Ninjato"},{"not_picked":["DaCapo","infinitespire:Lychee Nut"],"picked":"Girya"},{"not_picked":["MoonlightInvasionPlan","ExusiaiGun"],"picked":"Fusion Hammer"}],"items_purged_floors":[],"is_endless":false,"potions_floor_spawned":[1,9,12,15,18,21,23,24,25,32,42,43,44,48,50,58],"killed_by":"animator:ULTIMATE_CRYSTAL","ascension_level":0}}