{"host":"8iaoobhpyvel1t4g","time":1613119237,"event":{"mods":["Aspiration","BaseMod","Colored Map","Conspire","Energized Spire","Friendly Minions","Highlight Path","Hubris","Minty Spire (QoL Compilation)","Permanent Neow","Quick Restart","Reliquary","Replay The Spire","StSLib","SuperFastMode","The Blackbeard","The Servant 0.9.4","TheVacant","Weighted Paths"],"gold_per_floor":[112,112,112,4,17,49,49,49,75,85,85,103,128,147,147,250,250,263,283,283,283,283],"floor_reached":20,"language":"ENG","playtime":1150,"items_purged":["blackbeard:BlackbeardStrike"],"score":184,"play_id":"dcb29923-58e7-4326-b81f-2c97a889a250","local_time":"20210212034037","is_ascension_mode":false,"campfire_choices":[{"data":"blackbeard:Anchor","floor":7,"key":"SMITH"},{"data":"blackbeard:Lifeboat","floor":11,"key":"SMITH"},{"floor":15,"key":"REST"}],"circlet_count":0,"master_deck":["blackbeard:IntimidatingStrike","blackbeard:BlackbeardDefend","blackbeard:BlackbeardDefend","blackbeard:Cutlass+1","blackbeard:RearmingStrike","blackbeard:Spear+1","blackbeard:Lifeboat+1","blackbeard:Anchor+1","blackbeard:Fencing","blackbeard:PiratesWill","blackbeard:SwordDance","blackbeard:ReapersScythe","hubris:Lust","Pain","blackbeard:Fencing+1","blackbeard:Anchor"],"relics":["ChewingGum","conspire:GiftBox","conspire:BottledYoYo","Tiny Chest","ReplayFunnel","Kintsugi"],"acts_visited":["Exordium","TheCity"],"potions_floor_usage":[6,12,14,16,20],"damage_taken":[{"damage":1,"enemies":"Jaw Worm","floor":1,"turns":3},{"damage":0,"enemies":"Small Slimes","floor":5,"turns":3},{"damage":37,"enemies":"Lagavulin","floor":6,"turns":9},{"damage":0,"enemies":"conspire:RoseBush","floor":10,"turns":2},{"damage":11,"enemies":"Exordium Wildlife","floor":12,"turns":6},{"damage":17,"enemies":"3 Sentries","floor":13,"turns":13},{"damage":1,"enemies":"Gremlin Gang","floor":14,"turns":6},{"damage":11,"enemies":"Hexaghost","floor":16,"turns":17},{"damage":6,"enemies":"Spheric Guardian","floor":18,"turns":4},{"damage":23,"enemies":"Shell Parasite","floor":19,"turns":7},{"damage":42,"enemies":"Shelled Parasite and Fungi","floor":20,"turns":16}],"seed_played":"3077556573689361932","potions_obtained":[{"floor":5,"key":"Languid Potion"},{"floor":10,"key":"Swift Potion"},{"floor":13,"key":"PowerPotion"},{"floor":14,"key":"Languid Potion"},{"floor":16,"key":"Weak Potion"},{"floor":19,"key":"DuplicationPotion"}],"is_trial":false,"path_per_floor":["M","?","?","$","M","E","R","T","T","M","R","M","E","M","R","B",null,"M","M","M"],"character_chosen":"BLACKBEARD_CLASS","items_purchased":["blackbeard:Spear+1"],"campfire_rested":1,"item_purchase_floors":[4],"current_hp_per_floor":[74,74,74,74,74,37,37,37,37,37,37,26,9,8,30,19,75,69,46,4,4,4],"gold":283,"neow_bonus":"BOSS_RELIC","is_daily":false,"chose_seed":false,"campfire_upgraded":2,"win_rate":0.0,"timestamp":1613119237,"path_taken":["M","?","?","$","?","E","R","?","T","M","R","M","E","M","R","BOSS","M","M","?"],"items_purchased_type":["Card"],"build_version":"2020-12-22","purchased_purges":1,"victory":false,"max_hp_per_floor":[75,75,75,75,75,75,75,75,75,75,75,75,75,75,75,75,75,75,75,75,75,75],"card_choices":[{"not_picked":["blackbeard:DeadlyArsenal","blackbeard:Sword"],"picked":"blackbeard:RearmingStrike","floor":1},{"not_picked":["blackbeard:GoldenStrike","blackbeard:FieryDefense","blackbeard:Sharpening"],"picked":"SKIP","floor":5},{"not_picked":["blackbeard:BoostMorale","blackbeard:Halberd"],"picked":"blackbeard:Lifeboat","floor":6},{"not_picked":["blackbeard:WeaponProficiency","blackbeard:UndeadForm"],"picked":"blackbeard:Anchor","floor":6},{"not_picked":["blackbeard:InfiniteBarrage","blackbeard:Sharpening"],"picked":"blackbeard:Fencing","floor":10},{"not_picked":["blackbeard:Sharpening","blackbeard:RearmingStrike"],"picked":"blackbeard:PiratesWill","floor":12},{"not_picked":["blackbeard:Anchor","blackbeard:FinalBarrage"],"picked":"blackbeard:SwordDance","floor":13},{"not_picked":["blackbeard:Boarding","blackbeard:Recklessness"],"picked":"blackbeard:Dagger","floor":14},{"not_picked":["blackbeard:PirateStrength","blackbeard:PowerHungry"],"picked":"blackbeard:ReapersScythe","floor":16},{"not_picked":["blackbeard:Eyepatch+1","blackbeard:WiseDefense"],"picked":"blackbeard:Fencing+1","floor":18},{"not_picked":["blackbeard:Sharpening","blackbeard:BuriedTreasure+1"],"picked":"blackbeard:Anchor","floor":19}],"player_experience":330903,"relics_obtained":[{"floor":6,"key":"conspire:GiftBox"},{"floor":8,"key":"conspire:BottledYoYo"},{"floor":9,"key":"Tiny Chest"},{"floor":13,"key":"ReplayFunnel"}],"event_choices":[{"cards_removed":["blackbeard:BlackbeardStrike"],"damage_healed":0,"gold_gain":0,"player_choice":"Purged","damage_taken":0,"max_hp_gain":0,"max_hp_loss":0,"event_name":"Purifier","floor":3,"gold_loss":0}],"is_beta":false,"boss_relics":[{"not_picked":["Sozu","Snecko Heart"],"picked":"Kintsugi"}],"items_purged_floors":[4],"is_endless":false,"potions_floor_spawned":[5,10,13,14,16,19],"killed_by":"Shelled Parasite and Fungi","ascension_level":0}}