{"host":"dhlnk6yox2l1s6up","time":1613147671,"event":{"mods":["BaseMod","Minty Spire (QoL Compilation)","Relic Stats","StSLib","ojb\u0027s Info Mod"],"gold_per_floor":[11,286,303,317,317,317,9,36,36,73,73,99,119,142,142,248,248,273,297,222,240,269,269,292,317,317,342,378,378,417,417,417,528,528,555,605,629,40,40,40],"floor_reached":39,"language":"ENG","playtime":3306,"items_purged":["Regret","Eviscerate+1"],"score":751,"play_id":"646bdc33-cee0-4efa-89ab-852fe222a4f1","local_time":"20210212103431","is_ascension_mode":true,"campfire_choices":[{"data":"Die Die Die","floor":6.0,"key":"SMITH"},{"floor":11.0,"key":"REST"},{"data":"Quick Slash","floor":15.0,"key":"SMITH"},{"data":"Terror","floor":23.0,"key":"SMITH"},{"floor":29.0,"key":"REST"},{"floor":32.0,"key":"REST"}],"circlet_count":0,"master_deck":["AscendersBane","Strike_G+1","Strike_G+1","Defend_G+1","Defend_G+1","Defend_G+1","Defend_G+1","Defend_G+1","Survivor","Neutralize","Die Die Die+1","Bouncing Flask","Quick Slash+1","Deadly Poison","Footwork","Deflect","Footwork","PiercingWail","Terror+1","Venomology","Slice","Backstab","Escape Plan","Dash+1","Flying Knee","Cloak And Dagger","Dodge and Roll","Acrobatics","Adrenaline","Dodge and Roll","Footwork+1","Blur"],"relics":["Ring of the Snake","Mercury Hourglass","Sling","Unceasing Top","CeramicFish","Bronze Scales","Lizard Tail","SacredBark","Whetstone","Shuriken","Du-Vu Doll","StoneCalendar","Runic Dome","Pocketwatch","TungstenRod","Oddly Smooth Stone"],"acts_visited":["Exordium","TheCity","TheBeyond"],"potions_floor_usage":[37,39],"damage_taken":[{"damage":8.0,"enemies":"Small Slimes","floor":1.0,"turns":3.0},{"damage":1.0,"enemies":"Cultist","floor":3.0,"turns":4.0},{"damage":6.0,"enemies":"Jaw Worm","floor":4.0,"turns":3.0},{"damage":6.0,"enemies":"3 Sentries","floor":8.0,"turns":4.0},{"damage":8.0,"enemies":"Lagavulin","floor":10.0,"turns":5.0},{"damage":5.0,"enemies":"3 Sentries","floor":12.0,"turns":5.0},{"damage":2.0,"enemies":"Looter","floor":13.0,"turns":4.0},{"damage":3.0,"enemies":"Exordium Wildlife","floor":14.0,"turns":4.0},{"damage":54.0,"enemies":"Slime Boss","floor":16.0,"turns":15.0},{"damage":0.0,"enemies":"Spheric Guardian","floor":18.0,"turns":3.0},{"damage":4.0,"enemies":"Chosen","floor":19.0,"turns":5.0},{"damage":16.0,"enemies":"Shelled Parasite and Fungi","floor":22.0,"turns":5.0},{"damage":5.0,"enemies":"Snake Plant","floor":24.0,"turns":4.0},{"damage":13.0,"enemies":"Slavers","floor":25.0,"turns":4.0},{"damage":3.0,"enemies":"Centurion and Healer","floor":27.0,"turns":7.0},{"damage":0.0,"enemies":"Book of Stabbing","floor":28.0,"turns":4.0},{"damage":5.0,"enemies":"Gremlin Leader","floor":30.0,"turns":6.0},{"damage":14.0,"enemies":"Collector","floor":33.0,"turns":10.0},{"damage":1.0,"enemies":"3 Shapes","floor":35.0,"turns":3.0},{"damage":0.0,"enemies":"Mind Bloom Boss Battle","floor":36.0,"turns":5.0},{"damage":29,"enemies":"3 Darklings","floor":37,"turns":7},{"damage":44,"enemies":"Transient","floor":39,"turns":5}],"seed_played":"7056722649586996067","potions_obtained":[{"floor":3.0,"key":"FearPotion"},{"floor":8.0,"key":"Swift Potion"},{"floor":10.0,"key":"SteroidPotion"},{"floor":12.0,"key":"Dexterity Potion"},{"floor":14.0,"key":"FearPotion"},{"floor":22.0,"key":"Block Potion"},{"floor":24.0,"key":"LiquidBronze"},{"floor":27.0,"key":"FearPotion"},{"floor":33.0,"key":"Ancient Potion"},{"floor":35.0,"key":"Poison Potion"}],"is_trial":false,"path_per_floor":["M","?","M","M","?","R","$","E","T","E","R","E","M","M","R","B",null,"M","M","?","?","M","R","M","E","T","M","E","R","E","?","R","B",null,"M","?","M","$","M"],"character_chosen":"THE_SILENT","items_purchased":["Sling","Footwork","TungstenRod","Blur","Oddly Smooth Stone"],"campfire_rested":3,"item_purchase_floors":[7,7,38,38,38],"current_hp_per_floor":[55,55,54,48,41,41,41,35,35,27,48,43,41,38,38,29,60,60,56,56,56,40,40,35,22,22,19,19,40,35,35,56,42,63,62,62,33,33,0,0],"gold":40,"neow_bonus":"THREE_RARE_CARDS","is_daily":false,"chose_seed":false,"campfire_upgraded":3,"win_rate":0.0,"timestamp":1613147671,"path_taken":["M","?","M","?","?","R","$","E","T","E","R","E","M","M","R","BOSS","M","M","?","?","M","R","?","E","T","M","E","R","E","?","R","BOSS","M","?","M","$","M"],"items_purchased_type":["Relic","Card","Relic","Card","Relic"],"build_version":"2020-12-22","purchased_purges":2,"victory":false,"max_hp_per_floor":[70,70,70,70,70,70,70,70,70,70,70,70,70,70,70,70,70,70,70,70,70,70,70,70,70,70,70,70,70,70,70,70,70,70,70,70,70,70,70,70],"relic_stats":{"counters":[22,112],"CeramicFish":153,"StoneCalendar":[96],"Whetstone":["Dash","Eviscerate"],"Mercury Hourglass":[451],"Lizard Tail":35,"Shuriken":[13],"Bronze Scales":[255],"obtain_stats":[{"CeramicFish":9,"SacredBark":17,"Oddly Smooth Stone":38,"StoneCalendar":30,"Whetstone":25,"Sling":7,"Mercury Hourglass":5,"Du-Vu Doll":28,"Runic Dome":34,"Lizard Tail":12,"Shuriken":26,"Bronze Scales":10,"Unceasing Top":8,"TungstenRod":38,"Ring of the Snake":0,"Pocketwatch":36},{"CeramicFish":4,"SacredBark":9,"Oddly Smooth Stone":21,"StoneCalendar":17,"Whetstone":14,"Sling":3,"Mercury Hourglass":3,"Du-Vu Doll":16,"Runic Dome":18,"Lizard Tail":6,"Shuriken":14,"Bronze Scales":5,"Unceasing Top":4,"TungstenRod":21,"Ring of the Snake":0,"Pocketwatch":20},{"CeramicFish":14,"SacredBark":46,"Oddly Smooth Stone":107,"StoneCalendar":82,"Whetstone":66,"Sling":10,"Mercury Hourglass":10,"Du-Vu Doll":76,"Runic Dome":92,"Lizard Tail":24,"Shuriken":66,"Bronze Scales":19,"Unceasing Top":14,"TungstenRod":107,"Ring of the Snake":0,"Pocketwatch":100}],"Unceasing Top":[6],"TungstenRod":3,"Ring of the Snake":[44],"Pocketwatch":[3]},"card_choices":[{"not_picked":["Tools of the Trade","Wraith Form v2"],"picked":"Die Die Die","floor":0.0},{"not_picked":["Cloak And Dagger","Dodge and Roll"],"picked":"Bouncing Flask","floor":1.0},{"not_picked":["Prepared","Backflip"],"picked":"Quick Slash","floor":3.0},{"not_picked":["Poisoned Stab","Blade Dance"],"picked":"Deadly Poison","floor":4.0},{"not_picked":["Finisher","Deadly Poison"],"picked":"Deflect","floor":8.0},{"not_picked":["Tactician","Acrobatics"],"picked":"Footwork","floor":10.0},{"not_picked":["Eviscerate","Outmaneuver","Endless Agony"],"picked":"SKIP","floor":12.0},{"not_picked":["Endless Agony","Deflect"],"picked":"PiercingWail","floor":13.0},{"not_picked":["Infinite Blades","Flechettes"],"picked":"Terror","floor":14.0},{"not_picked":["Tools of the Trade","Envenom"],"picked":"Venomology","floor":16.0},{"not_picked":["Acrobatics","Poisoned Stab"],"picked":"Slice","floor":18.0},{"not_picked":["Escape Plan+1","Bouncing Flask"],"picked":"Backstab","floor":19.0},{"not_picked":["Poisoned Stab","Dagger Throw"],"picked":"Dash","floor":22.0},{"not_picked":["Calculated Gamble","Backflip"],"picked":"Flying Knee","floor":24.0},{"not_picked":["Backstab","Deadly Poison","Eviscerate"],"picked":"SKIP","floor":25.0},{"not_picked":["Flechettes","Catalyst"],"picked":"Cloak And Dagger","floor":27.0},{"not_picked":["Night Terror","Tactician"],"picked":"Dodge and Roll","floor":28.0},{"not_picked":["Bane","Backstab+1"],"picked":"Acrobatics","floor":30.0},{"not_picked":["Phantasmal Killer","Doppelganger"],"picked":"Adrenaline","floor":33.0},{"not_picked":["Prepared","Dagger Throw+1"],"picked":"Dodge and Roll","floor":35.0},{"not_picked":["Well Laid Plans","Deadly Poison"],"picked":"Footwork+1","floor":37}],"player_experience":6206652,"relics_obtained":[{"floor":8.0,"key":"Unceasing Top"},{"floor":9.0,"key":"CeramicFish"},{"floor":10.0,"key":"Bronze Scales"},{"floor":12.0,"key":"Lizard Tail"},{"floor":25.0,"key":"Whetstone"},{"floor":26.0,"key":"Shuriken"},{"floor":28.0,"key":"Du-Vu Doll"},{"floor":30.0,"key":"StoneCalendar"},{"floor":36.0,"key":"Pocketwatch"}],"event_choices":[{"damage_healed":0.0,"max_hp_gain":0.0,"max_hp_loss":0.0,"gold_gain":275.0,"event_name":"Golden Shrine","player_choice":"Desecrate","floor":2.0,"gold_loss":0.0,"damage_taken":0.0,"cards_obtained":["Regret"]},{"damage_healed":0.0,"max_hp_gain":0.0,"max_hp_loss":0.0,"gold_gain":0.0,"event_name":"Scrap Ooze","player_choice":"Success","floor":5.0,"gold_loss":0.0,"damage_taken":7.0,"relics_obtained":["Mercury Hourglass"]},{"cards_removed":["Strike_G"],"damage_healed":0.0,"max_hp_gain":0.0,"max_hp_loss":0.0,"gold_gain":0.0,"event_name":"Beggar","player_choice":"Gave Gold","floor":20.0,"gold_loss":75.0,"damage_taken":0.0},{"damage_healed":0.0,"max_hp_gain":0.0,"max_hp_loss":0.0,"gold_gain":0.0,"cards_transformed":["Strike_G","Strike_G"],"event_name":"Drug Dealer","player_choice":"Became Test Subject","floor":21.0,"gold_loss":0.0,"damage_taken":0.0,"cards_obtained":["Escape Plan","Eviscerate"]},{"damage_healed":0.0,"max_hp_gain":0.0,"max_hp_loss":0.0,"gold_gain":0.0,"event_name":"Back to Basics","player_choice":"Simplicity","floor":31.0,"gold_loss":0.0,"damage_taken":0.0,"cards_upgraded":["Strike_G","Strike_G","Defend_G","Defend_G","Defend_G","Defend_G","Defend_G"]},{"damage_healed":0.0,"max_hp_gain":0.0,"max_hp_loss":0.0,"gold_gain":0.0,"event_name":"MindBloom","player_choice":"Fight","floor":36.0,"gold_loss":0.0,"damage_taken":0.0}],"is_beta":false,"boss_relics":[{"not_picked":["Black Star","Ectoplasm"],"picked":"SacredBark"},{"not_picked":["Tiny House","Empty Cage"],"picked":"Runic Dome"}],"items_purged_floors":[7,38],"is_endless":false,"potions_floor_spawned":[3,8,10,12,14,22,24,27,33,35],"killed_by":"Transient","ascension_level":10}}