{"host":"z42sc0n2dozsmk72","time":1613111072,"event":{"mods":["AchievementEnabler","BaseMod","Better Third Choice","Colored Map","Curses Come First","Highlight Path","Minty Spire (QoL Compilation)","Permanent Neow","Quick Restart","Relic Stats","Shop Mod","StSLib","egg","slay the spire mod where everything is the same but ironclad has a cowboy hat"],"gold_per_floor":[115,132,150,167,167,167,186,186,210,225,251,251,270,298,298,396,396,408,426,59,59,74,74,87,105,132,132,132],"floor_reached":27,"language":"ENG","playtime":1519,"items_purged":["Strike_P"],"score":362,"play_id":"776fcdec-9afa-4c2a-912f-3b49370ed8f7","local_time":"20210212192432","is_ascension_mode":true,"campfire_choices":[{"data":"Vigilance","floor":6.0,"key":"SMITH"},{"data":"Conclude","floor":8.0,"key":"SMITH"},{"data":"Eruption","floor":12.0,"key":"SMITH"},{"data":"FlurryOfBlows","floor":15.0,"key":"SMITH"},{"data":"RitualDagger","floor":23.0,"key":"SMITH"}],"circlet_count":0,"master_deck":["Strike_P+1","Strike_P","Strike_P+1","Defend_P","Defend_P+1","Defend_P","Defend_P","Eruption+1","Vigilance+1","EmptyMind","Conclude+1","Ghostly Armor","FlurryOfBlows+1","LessonLearned+1","RitualDagger+1","CutThroughFate+1","ClearTheMind","Wallop+1"],"relics":["VioletLotus","Dream Catcher","Omamori","Boot","Kunai","Black Star","Bronze Scales","Medical Kit","Lantern"],"acts_visited":["TheCity"],"potions_floor_usage":[25,25,27],"damage_taken":[{"damage":0.0,"enemies":"Jaw Worm","floor":1.0,"turns":4.0},{"damage":0.0,"enemies":"Small Slimes","floor":2.0,"turns":3.0},{"damage":0.0,"enemies":"2 Louse","floor":3.0,"turns":1.0},{"damage":0.0,"enemies":"Exordium Wildlife","floor":4.0,"turns":3.0},{"damage":4.0,"enemies":"Blue Slaver","floor":7.0,"turns":5.0},{"damage":0.0,"enemies":"Exordium Thugs","floor":10.0,"turns":3.0},{"damage":18.0,"enemies":"Lagavulin","floor":11.0,"turns":5.0},{"damage":0.0,"enemies":"Large Slime","floor":13.0,"turns":6.0},{"damage":1.0,"enemies":"3 Sentries","floor":14.0,"turns":3.0},{"damage":7.0,"enemies":"Hexaghost","floor":16.0,"turns":11.0},{"damage":9.0,"enemies":"3 Byrds","floor":18.0,"turns":4.0},{"damage":22.0,"enemies":"2 Thieves","floor":19.0,"turns":4.0},{"damage":9.0,"enemies":"Sentry and Sphere","floor":22.0,"turns":4.0},{"damage":15.0,"enemies":"Snecko","floor":24.0,"turns":6.0},{"damage":30,"enemies":"Chosen and Byrds","floor":25,"turns":7},{"damage":10,"enemies":"Slavers","floor":27,"turns":1}],"seed_played":"-8667604876975571775","potions_obtained":[{"floor":1.0,"key":"BlessingOfTheForge"},{"floor":4.0,"key":"StancePotion"},{"floor":7.0,"key":"Energy Potion"},{"floor":11.0,"key":"Dexterity Potion"},{"floor":13.0,"key":"Fruit Juice"},{"floor":18.0,"key":"Regen Potion"},{"floor":22.0,"key":"SneckoOil"}],"is_trial":false,"path_per_floor":["M","M","M","M","?","R","M","R","T","M","E","R","M","E","R","B",null,"M","M","$","?","M","R","M","M","T","E"],"character_chosen":"WATCHER","items_purchased":["Bronze Scales","Medical Kit"],"campfire_rested":0,"item_purchase_floors":[20,20],"current_hp_per_floor":[72,72,72,72,49,49,45,45,45,45,27,27,27,26,26,19,72,68,46,46,40,31,31,16,1,1,0,0],"gold":132,"neow_bonus":"BOSS_RELIC","is_daily":false,"chose_seed":false,"campfire_upgraded":5,"win_rate":0.0,"timestamp":1613111072,"path_taken":["M","M","M","M","?","R","M","R","T","M","E","R","M","E","R","BOSS","M","M","$","?","M","R","M","M","T","E"],"items_purchased_type":["Relic","Relic"],"build_version":"2020-12-22","purchased_purges":1,"victory":false,"max_hp_per_floor":[72,72,72,72,72,72,72,72,72,72,72,72,72,72,72,72,72,77,77,77,77,77,77,77,77,77,77,77],"relic_stats":{"Dream Catcher":0,"counters":[16,70],"Bronze Scales":[57],"VioletLotus":[22],"Black Star":0,"Kunai":[15],"Boot":[23],"Medical Kit":[1],"obtain_stats":[{"Dream Catcher":5,"Lantern":26,"Bronze Scales":20,"VioletLotus":0,"Omamori":9,"Black Star":17,"Kunai":14,"Boot":11,"Medical Kit":20},{"Dream Catcher":4,"Lantern":15,"Bronze Scales":12,"VioletLotus":0,"Omamori":5,"Black Star":10,"Kunai":9,"Boot":7,"Medical Kit":12},{"Dream Catcher":11,"Lantern":69,"Bronze Scales":52,"VioletLotus":0,"Omamori":16,"Black Star":44,"Kunai":33,"Boot":24,"Medical Kit":52}]},"card_choices":[{"not_picked":["WheelKick","FollowUp"],"picked":"EmptyMind","floor":1.0},{"not_picked":["DeceiveReality","Worship"],"picked":"Conclude","floor":2.0},{"not_picked":["Halt","WheelKick","Consecrate"],"picked":"SKIP","floor":3.0},{"not_picked":["PathToVictory","Tantrum","Crescendo"],"picked":"SKIP","floor":4.0},{"not_picked":["Collect","Indignation","FollowUp"],"picked":"SKIP","floor":7.0},{"not_picked":["Fasting2","PathToVictory","EmptyFist"],"picked":"SKIP","floor":10.0},{"not_picked":["EmptyFist","CutThroughFate","Halt"],"picked":"SKIP","floor":11.0},{"not_picked":["Indignation","ThirdEye","ForeignInfluence"],"picked":"SKIP","floor":13.0},{"not_picked":["WreathOfFlame","FlyingSleeves"],"picked":"FlurryOfBlows","floor":14.0},{"not_picked":["Brilliance","Ragnarok"],"picked":"LessonLearned","floor":16.0},{"not_picked":["PathToVictory","DeceiveReality","FollowUp"],"picked":"SKIP","floor":18.0},{"not_picked":["PathToVictory","DeceiveReality","FollowUp"],"picked":"SKIP","floor":18.0},{"not_picked":["Weave","CutThroughFate","Worship+1"],"picked":"SKIP","floor":19.0},{"not_picked":["EmptyFist","ThirdEye+1"],"picked":"CutThroughFate+1","floor":22.0},{"not_picked":["DeceiveReality","CarveReality"],"picked":"ClearTheMind","floor":24.0},{"not_picked":["Swivel+1","JustLucky"],"picked":"Wallop+1","floor":25}],"player_experience":930050,"relics_obtained":[{"floor":9.0,"key":"Omamori"},{"floor":11.0,"key":"Boot"},{"floor":14.0,"key":"Kunai"},{"floor":26,"key":"Lantern"}],"event_choices":[{"damage_healed":0.0,"max_hp_gain":0.0,"max_hp_loss":0.0,"gold_gain":0.0,"event_name":"betterThird:BetterNest","player_choice":"Dagger","floor":21.0,"gold_loss":0.0,"damage_taken":6.0,"cards_obtained":["RitualDagger"]}],"is_beta":false,"boss_relics":[{"not_picked":["Empty Cage","Fusion Hammer"],"picked":"Black Star"}],"items_purged_floors":[20],"is_endless":false,"potions_floor_spawned":[1,4,7,11,13,18,19,22,24],"killed_by":"Slavers","ascension_level":2}}