{"host":"i8q7ze1vl6je1zeo","time":1613102591,"event":{"mods":["BaseMod","Colored Map","Colored Powertips","Highlight Path","Minty Spire (QoL Compilation)","Permanent Neow","StSLib"],"gold_per_floor":[114,134,87,87,87,87,114,114,114,133,145,145,155,167,167,240,240,254,254,8,35,54,66,66,66,66,66,77,77,77,89,89,162,162,178,26,26,40,40,40,66,66,90,90,109,109,123,138,138,138,138],"floor_reached":50,"language":"ENG","playtime":2129,"items_purged":[],"score":826,"play_id":"a197e8b8-b3d4-430a-9e07-68a1a51a0853","local_time":"20210211220311","is_ascension_mode":true,"campfire_choices":[{"data":"Shrug It Off","floor":6,"key":"SMITH"},{"data":"1","floor":8,"key":"LIFT"},{"data":"2","floor":12,"key":"LIFT"},{"data":"3","floor":15,"key":"LIFT"},{"data":"Armaments","floor":24,"key":"SMITH"},{"data":"Inflame","floor":27,"key":"SMITH"},{"data":"Shrug It Off","floor":30,"key":"SMITH"},{"data":"Metallicize","floor":32,"key":"SMITH"},{"data":"Mind Blast","floor":40,"key":"SMITH"},{"data":"Sword Boomerang","floor":42,"key":"SMITH"},{"floor":46,"key":"REST"},{"data":"Cleave","floor":49,"key":"SMITH"}],"circlet_count":0,"master_deck":["AscendersBane","Strike_R+1","Strike_R+1","Strike_R+1","Strike_R+1","Defend_R+1","Defend_R+1","Defend_R+1","Defend_R+1","Bash","Iron Wave","Iron Wave","Shrug It Off+1","Spot Weakness","Metallicize+1","Armaments+1","Sword Boomerang+1","Sword Boomerang","Bludgeon","Twin Strike+1","Inflame+1","Thunderclap","Body Slam+1","Hemokinesis+1","Shrug It Off+1","Headbutt","Immolate","Cleave+1","Mind Blast+1","Pummel+1","Flex","Heavy Blade","Perfected Strike+1"],"relics":["Burning Blood","Pocketwatch","Art of War","Girya","HornCleat","Mark of Pain","MutagenicStrength","Oddly Smooth Stone","Red Mask","Ginger","Busted Crown","Lantern","Orichalcum","Bronze Scales"],"acts_visited":["Exordium","TheCity","TheBeyond"],"potions_floor_usage":[7,16,16,33,41,41,50],"damage_taken":[{"damage":8,"enemies":"Small Slimes","floor":1,"turns":5},{"damage":1,"enemies":"Cultist","floor":2,"turns":4},{"damage":7,"enemies":"Gremlin Nob","floor":7,"turns":4},{"damage":2,"enemies":"Jaw Worm","floor":10,"turns":3},{"damage":0,"enemies":"2 Fungi Beasts","floor":11,"turns":4},{"damage":0,"enemies":"3 Louse","floor":13,"turns":4},{"damage":11,"enemies":"Looter","floor":14,"turns":2},{"damage":8,"enemies":"Hexaghost","floor":16,"turns":6},{"damage":0,"enemies":"Chosen","floor":18,"turns":4},{"damage":7,"enemies":"Masked Bandits","floor":21,"turns":4},{"damage":8,"enemies":"2 Thieves","floor":22,"turns":2},{"damage":0,"enemies":"Snecko","floor":23,"turns":3},{"damage":2,"enemies":"Snake Plant","floor":28,"turns":4},{"damage":4,"enemies":"Centurion and Healer","floor":31,"turns":3},{"damage":46,"enemies":"Automaton","floor":33,"turns":9},{"damage":15,"enemies":"3 Darklings","floor":35,"turns":4},{"damage":18,"enemies":"3 Shapes","floor":38,"turns":5},{"damage":5,"enemies":"Giant Head","floor":41,"turns":5},{"damage":12,"enemies":"Maw","floor":45,"turns":5},{"damage":2,"enemies":"Transient","floor":47,"turns":5},{"damage":8,"enemies":"Sphere and 2 Shapes","floor":48,"turns":2},{"damage":55,"enemies":"Time Eater","floor":50,"turns":6}],"seed_played":"-1711984583588190018","potions_obtained":[{"floor":2,"key":"SmokeBomb"},{"floor":5,"key":"CultistPotion"},{"floor":7,"key":"Energy Potion"},{"floor":11,"key":"Dexterity Potion"},{"floor":23,"key":"Dexterity Potion"},{"floor":33,"key":"ColorlessPotion"},{"floor":35,"key":"ColorlessPotion"},{"floor":48,"key":"PowerPotion"}],"is_trial":false,"path_per_floor":["M","M","$","?","?","R","E","R","T","M","M","R","M","M","R","B",null,"M","?","$","?","M","M","R","?","T","R","M","?","R","M","R","B",null,"M","$","?","M","?","R","E","R","T","?","M","R","M","M","R","B"],"character_chosen":"IRONCLAD","items_purchased":["Shrug It Off","Inflame","Oddly Smooth Stone","Thunderclap","Lantern"],"campfire_rested":1,"item_purchase_floors":[3,20,20,20,36],"current_hp_per_floor":[48,53,53,35,35,35,34,34,34,38,44,44,50,45,45,43,67,73,73,73,72,70,75,75,75,75,75,75,75,75,75,75,35,65,56,56,56,44,44,44,45,45,45,34,28,50,54,52,52,0,0],"gold":138,"neow_bonus":"ONE_RARE_RELIC","is_daily":false,"chose_seed":false,"campfire_upgraded":8,"win_rate":0.0,"timestamp":1613102591,"path_taken":["M","M","$","?","?","R","E","R","T","M","M","R","?","M","R","BOSS","M","?","$","?","M","M","R","?","T","R","M","?","R","M","R","BOSS","M","$","?","?","?","R","E","R","T","?","M","R","?","M","R","BOSS"],"items_purchased_type":["Card","Card","Relic","Card","Relic"],"build_version":"2020-12-22","purchased_purges":0,"victory":false,"max_hp_per_floor":[75,75,75,75,75,75,75,75,75,75,75,75,75,75,75,75,75,75,75,75,75,75,75,75,75,75,75,75,75,75,75,75,75,75,75,75,75,75,75,75,75,75,75,75,75,75,75,75,75,75,75],"card_choices":[{"not_picked":["Body Slam","Clash"],"picked":"Iron Wave","floor":1},{"not_picked":["True Grit","Battle Trance"],"picked":"Iron Wave","floor":2},{"not_picked":["Havoc","Sword Boomerang"],"picked":"Spot Weakness","floor":7},{"not_picked":["Shrug It Off","Warcry"],"picked":"Metallicize","floor":10},{"not_picked":["Burning Pact","Flex"],"picked":"Armaments","floor":11},{"not_picked":["Flex","Warcry"],"picked":"Sword Boomerang","floor":13},{"not_picked":["Cleave","Wild Strike"],"picked":"Sword Boomerang","floor":14},{"not_picked":["Brutality","Corruption"],"picked":"Bludgeon","floor":16},{"not_picked":["Blood for Blood+1","Bloodletting+1"],"picked":"Twin Strike+1","floor":18},{"not_picked":["Pommel Strike","Warcry"],"picked":"Body Slam+1","floor":21},{"not_picked":["Metallicize","Wild Strike"],"picked":"Hemokinesis+1","floor":22},{"not_picked":["Havoc","Twin Strike"],"picked":"Shrug It Off","floor":23},{"not_picked":["Wild Strike","Twin Strike+1"],"picked":"Headbutt","floor":28},{"not_picked":["Clothesline","Thunderclap","Clash"],"picked":"SKIP","floor":31},{"not_picked":["Exhume","Berserk"],"picked":"Immolate","floor":33},{"not_picked":["Feel No Pain"],"picked":"SKIP","floor":35},{"not_picked":[],"picked":"Cleave","floor":38},{"not_picked":[],"picked":"Mind Blast","floor":39},{"not_picked":[],"picked":"Pummel+1","floor":41},{"not_picked":[],"picked":"Flex","floor":45},{"not_picked":[],"picked":"Heavy Blade","floor":47},{"not_picked":[],"picked":"Perfected Strike+1","floor":48}],"player_experience":448206,"relics_obtained":[{"floor":7,"key":"Girya"},{"floor":9,"key":"HornCleat"},{"floor":21,"key":"Red Mask"},{"floor":26,"key":"Ginger"},{"floor":41,"key":"Orichalcum"},{"floor":43,"key":"Bronze Scales"}],"event_choices":[{"damage_healed":0,"gold_gain":0,"player_choice":"Success","damage_taken":18,"relics_obtained":["Art of War"],"max_hp_gain":0,"max_hp_loss":0,"event_name":"Scrap Ooze","floor":4,"gold_loss":0},{"damage_healed":0,"gold_gain":0,"player_choice":"Got Potions","damage_taken":0,"max_hp_gain":0,"max_hp_loss":0,"event_name":"Lab","floor":5,"gold_loss":0},{"damage_healed":0,"gold_gain":0,"player_choice":"Inject Mutagens","damage_taken":0,"relics_obtained":["MutagenicStrength"],"max_hp_gain":0,"max_hp_loss":0,"event_name":"Drug Dealer","floor":19,"gold_loss":0},{"damage_healed":0,"gold_gain":0,"player_choice":"Fought Bandits","damage_taken":0,"max_hp_gain":0,"max_hp_loss":0,"event_name":"Masked Bandits","floor":21,"gold_loss":0},{"damage_healed":0,"gold_gain":0,"player_choice":"Simplicity","damage_taken":0,"max_hp_gain":0,"max_hp_loss":0,"event_name":"Back to Basics","floor":25,"gold_loss":0,"cards_upgraded":["Strike_R","Strike_R","Strike_R","Strike_R","Strike_R","Defend_R","Defend_R","Defend_R","Defend_R"]},{"cards_removed":["Strike_R"],"damage_healed":0,"gold_gain":0,"player_choice":"Purged","damage_taken":0,"max_hp_gain":0,"max_hp_loss":0,"event_name":"Purifier","floor":37,"gold_loss":0},{"damage_healed":0,"gold_gain":0,"player_choice":"Memory 1","damage_taken":0,"max_hp_gain":0,"max_hp_loss":0,"event_name":"SensoryStone","floor":39,"gold_loss":0},{"damage_healed":0,"gold_gain":0,"player_choice":"Damaged","damage_taken":11,"max_hp_gain":0,"max_hp_loss":0,"event_name":"Wheel of Change","floor":44,"gold_loss":0}],"is_beta":false,"boss_relics":[{"not_picked":["Pandora\u0027s Box","Runic Cube"],"picked":"Mark of Pain"},{"not_picked":["Fusion Hammer","Runic Dome"],"picked":"Busted Crown"}],"items_purged_floors":[],"is_endless":false,"potions_floor_spawned":[2,7,11,14,23,33,35,38,48],"killed_by":"Time Eater","ascension_level":15}}