{"host":"6r762osam2bvfm66","time":1613139179,"event":{"mods":["BaseMod","Bestiary","Colored Map","Highlight Path","Minty Spire (QoL Compilation)","Relic Stats"],"gold_per_floor":[116,126,139,149,27,56,56,56,56,88,66,66,82,93,93,189,189,206,42,61,61,61,61,91,0,0,17,17,17,44,76,88,203,215,245,275,42,42,57,57,71,89,113,113,133,133,166,181,181,181],"floor_reached":51,"language":"ENG","playtime":3095,"items_purged":["Strike_B"],"score":920,"play_id":"d387dc5f-b19e-4154-8ba6-a5160ce2f798","local_time":"20210212081259","is_ascension_mode":true,"campfire_choices":[{"data":"Hologram","floor":7,"key":"SMITH"},{"data":"FTL","floor":12,"key":"SMITH"},{"data":"Zap","floor":15,"key":"SMITH"},{"data":"Hologram","floor":23,"key":"SMITH"},{"floor":29,"key":"REST"},{"data":"Echo Form","floor":32,"key":"SMITH"},{"data":"Hologram","floor":40,"key":"SMITH"},{"data":"Electrodynamics","floor":46,"key":"SMITH"},{"floor":49,"key":"REST"}],"circlet_count":0,"master_deck":["Defend_B","Defend_B","Defend_B","Zap+1","Dualcast","Go for the Eyes","Gash","Hologram+1","Gash","FTL+1","Gash","Sweeping Beam","Undo","Gash","Gash","Electrodynamics+1","All For One","Hologram+1","Echo Form+1","Hologram+1","Hologram+1","Reinforced Body+1","Gash+1","Fission+1","Streamline+1","Reinforced Body+1","Madness+1","Madness+1","Steam+1","Zap+1","Hologram+1"],"relics":["Cracked Core","Matryoshka","Regal Pillow","Thread and Needle","Cables","Inserter","Enchiridion","Blood Vial","Anchor","Toxic Egg 2","MawBank","Empty Cage","Gremlin Horn","Bronze Scales","Omamori"],"acts_visited":["Exordium","TheCity","TheBeyond"],"potions_floor_usage":[6,24,50,50],"damage_taken":[{"damage":0,"enemies":"Cultist","floor":1,"turns":3},{"damage":0,"enemies":"Jaw Worm","floor":2,"turns":4},{"damage":3,"enemies":"2 Louse","floor":3,"turns":2},{"damage":2,"enemies":"Exordium Thugs","floor":4,"turns":4},{"damage":7,"enemies":"Lagavulin","floor":6,"turns":5},{"damage":8,"enemies":"3 Sentries","floor":10,"turns":7},{"damage":0,"enemies":"Looter","floor":13,"turns":2},{"damage":0,"enemies":"Large Slime","floor":14,"turns":2},{"damage":17,"enemies":"The Guardian","floor":16,"turns":6},{"damage":0,"enemies":"Spheric Guardian","floor":18,"turns":3},{"damage":4,"enemies":"Chosen","floor":20,"turns":5},{"damage":27,"enemies":"Slavers","floor":24,"turns":4},{"damage":1,"enemies":"Shelled Parasite and Fungi","floor":27,"turns":4},{"damage":7,"enemies":"Book of Stabbing","floor":30,"turns":4},{"damage":3,"enemies":"Centurion and Healer","floor":31,"turns":4},{"damage":1,"enemies":"Champ","floor":33,"turns":7},{"damage":1,"enemies":"Orb Walker","floor":35,"turns":4},{"damage":5,"enemies":"3 Darklings","floor":36,"turns":4},{"damage":0,"enemies":"Spire Growth","floor":39,"turns":3},{"damage":0,"enemies":"Sphere and 2 Shapes","floor":41,"turns":3},{"damage":22,"enemies":"3 Darklings","floor":42,"turns":3},{"damage":0,"enemies":"Writhing Mass","floor":45,"turns":3},{"damage":0,"enemies":"Giant Head","floor":47,"turns":4},{"damage":0,"enemies":"Transient","floor":48,"turns":5},{"damage":73,"enemies":"Donu and Deca","floor":50,"turns":7}],"seed_played":"5555464195963555742","potions_obtained":[{"floor":1,"key":"PowerPotion"},{"floor":10,"key":"DistilledChaos"},{"floor":14,"key":"SteroidPotion"},{"floor":16,"key":"SkillPotion"},{"floor":27,"key":"GamblersBrew"},{"floor":36,"key":"PowerPotion"},{"floor":47,"key":"FairyPotion"}],"is_trial":false,"path_per_floor":["M","M","M","M","$","E","R","?","T","E","$","R","M","M","R","B",null,"M","$","M","?","?","R","E","?","T","M","?","R","E","M","R","B",null,"M","M","$","?","M","R","M","M","T","?","M","R","E","M","R","B",null],"character_chosen":"DEFECT","items_purchased":["Gash","Gash","Echo Form","Hologram","Gremlin Horn"],"campfire_rested":2,"item_purchase_floors":[5,11,19,19,37],"current_hp_per_floor":[75,75,72,70,70,63,63,63,63,55,55,55,55,55,55,38,75,75,75,71,57,41,41,14,14,14,15,15,54,49,48,48,49,80,79,75,75,65,67,67,69,49,49,49,51,51,53,55,80,7],"gold":181,"neow_bonus":"TRANSFORM_CARD","is_daily":false,"chose_seed":false,"campfire_upgraded":7,"win_rate":0.0,"timestamp":1613139179,"path_taken":["M","M","M","M","$","E","R","?","T","E","$","R","M","M","R","BOSS","M","$","?","?","?","R","E","?","T","M","?","R","E","M","R","BOSS","M","M","$","?","M","R","M","M","T","?","M","R","E","M","R","BOSS"],"items_purchased_type":["Card","Card","Card","Card","Relic"],"build_version":"2020-12-22","purchased_purges":1,"victory":true,"max_hp_per_floor":[75,75,75,75,75,75,75,75,75,75,75,75,75,75,75,75,75,75,75,75,80,80,80,80,80,80,80,80,80,80,80,80,80,80,80,80,80,80,80,80,80,80,80,80,80,80,80,80,80,80],"relic_stats":{"Blood Vial":21,"Regal Pillow":16,"Inserter":[33],"Gremlin Horn":[5,5],"counters":[25,102],"Bronze Scales":[51],"MawBank":84,"obtain_stats":[{"Regal Pillow":9,"Inserter":17,"Gremlin Horn":37,"Enchiridion":22,"Thread and Needle":9,"Omamori":47,"MawBank":30,"Empty Cage":34,"Cables":10,"Blood Vial":24,"Anchor":26,"Matryoshka":6,"Bronze Scales":43,"Toxic Egg 2":26,"Cracked Core":0},{"Regal Pillow":5,"Inserter":9,"Gremlin Horn":18,"Enchiridion":11,"Thread and Needle":5,"Omamori":23,"MawBank":14,"Empty Cage":16,"Cables":6,"Blood Vial":12,"Anchor":12,"Matryoshka":5,"Bronze Scales":21,"Toxic Egg 2":12,"Cracked Core":0},{"Regal Pillow":18,"Inserter":35,"Gremlin Horn":74,"Enchiridion":43,"Thread and Needle":18,"Omamori":90,"MawBank":55,"Empty Cage":66,"Cables":25,"Blood Vial":47,"Anchor":47,"Matryoshka":18,"Bronze Scales":83,"Toxic Egg 2":47,"Cracked Core":0}],"Cables":[63,63,0,0,0]},"card_choices":[{"not_picked":["Fusion","Hologram"],"picked":"Gash","floor":1},{"not_picked":["Force Field","Skim"],"picked":"Hologram","floor":2},{"not_picked":["Doom and Gloom","Cold Snap"],"picked":"Gash","floor":3},{"not_picked":["Cold Snap","Barrage"],"picked":"FTL","floor":4},{"not_picked":["Biased Cognition","White Noise"],"picked":"Sweeping Beam","floor":6},{"not_picked":["Leap","Melter"],"picked":"Gash","floor":10},{"not_picked":["Defragment","Lockon"],"picked":"Electrodynamics","floor":13},{"not_picked":["Redo","Barrage","Storm"],"picked":"SKIP","floor":14},{"not_picked":["Thunder Strike","Echo Form"],"picked":"All For One","floor":16},{"not_picked":["Stack+1","Steam+1"],"picked":"Hologram","floor":18},{"not_picked":["FTL","Leap"],"picked":"Hologram+1","floor":20},{"not_picked":["Go for the Eyes","Lockon","Fission"],"picked":"SKIP","floor":24},{"not_picked":["Redo+1","Reprogram+1"],"picked":"Reinforced Body+1","floor":27},{"not_picked":["Loop","Recycle+1","Hello World"],"picked":"SKIP","floor":30},{"not_picked":["Beam Cell","Compile Driver"],"picked":"Gash+1","floor":31},{"not_picked":["Thunder Strike","Biased Cognition"],"picked":"Fission+1","floor":33},{"not_picked":["Cold Snap","Stack+1"],"picked":"Streamline+1","floor":35},{"not_picked":["Chill+1","Go for the Eyes"],"picked":"Reinforced Body+1","floor":36},{"not_picked":["Fusion+1","Rip and Tear+1","Go for the Eyes+1"],"picked":"SKIP","floor":39},{"not_picked":["Stack+1","Leap+1"],"picked":"Steam+1","floor":41},{"not_picked":["Beam Cell","Double Energy+1","FTL+1"],"picked":"SKIP","floor":42},{"not_picked":["Gash","Chaos+1"],"picked":"Hologram+1","floor":45},{"not_picked":["Coolheaded+1","Stack+1","BootSequence+1"],"picked":"SKIP","floor":47},{"not_picked":["Steam+1","Consume+1","Beam Cell"],"picked":"SKIP","floor":48}],"player_experience":83777,"relics_obtained":[{"floor":6,"key":"Matryoshka"},{"floor":9,"key":"Regal Pillow"},{"floor":9,"key":"Thread and Needle"},{"floor":10,"key":"Cables"},{"floor":22,"key":"Enchiridion"},{"floor":24,"key":"Blood Vial"},{"floor":26,"key":"Anchor"},{"floor":26,"key":"Toxic Egg 2"},{"floor":30,"key":"MawBank"},{"floor":43,"key":"Bronze Scales"},{"floor":47,"key":"Omamori"}],"event_choices":[{"damage_healed":0,"gold_gain":0,"cards_transformed":["Strike_B"],"player_choice":"Transformed","damage_taken":0,"max_hp_gain":0,"max_hp_loss":0,"event_name":"Transmorgrifier","floor":8,"gold_loss":0,"cards_obtained":["Undo"]},{"damage_healed":0,"gold_gain":0,"player_choice":"Shed Blood","damage_taken":19,"max_hp_gain":5,"max_hp_loss":0,"event_name":"Forgotten Altar","floor":21,"gold_loss":0},{"damage_healed":0,"gold_gain":0,"player_choice":"Obtained Book","damage_taken":16,"max_hp_gain":0,"max_hp_loss":0,"event_name":"Cursed Tome","floor":22,"gold_loss":0},{"damage_healed":0,"gold_gain":0,"player_choice":"Paid Fearfully","damage_taken":0,"max_hp_gain":0,"max_hp_loss":0,"event_name":"Masked Bandits","floor":25,"gold_loss":91},{"damage_healed":0,"gold_gain":0,"player_choice":"Got Potions","damage_taken":0,"max_hp_gain":0,"max_hp_loss":0,"event_name":"Lab","floor":28,"gold_loss":0},{"damage_healed":0,"gold_gain":0,"player_choice":"Embrace Madness","damage_taken":10,"max_hp_gain":0,"max_hp_loss":0,"event_name":"Winding Halls","floor":38,"gold_loss":0,"cards_obtained":["Madness","Madness"]},{"damage_healed":0,"gold_gain":0,"player_choice":"1 cards matched","damage_taken":0,"max_hp_gain":0,"max_hp_loss":0,"event_name":"Match and Keep!","floor":44,"gold_loss":0,"cards_obtained":["Zap"]}],"is_beta":false,"boss_relics":[{"not_picked":["Ectoplasm","SacredBark"],"picked":"Inserter"},{"not_picked":["Coffee Dripper","Philosopher\u0027s Stone"],"picked":"Empty Cage"}],"items_purged_floors":[5],"is_endless":false,"potions_floor_spawned":[1,10,14,16,20,27,36,39,45,47,48],"ascension_level":4}}