{"host":"gobyjzz6xbwq9f9i","time":1613114002,"event":{"mods":["AchievementEnabler","BaseMod","Bestiary","Colored Map","Minty Spire (QoL Compilation)","Relic Stats"],"gold_per_floor":[113,125,142,155,171,171,189,217,217,231,231,4,4,34,34,134,134,144,159,159,159],"floor_reached":20,"language":"ENG","playtime":640,"items_purged":["Strike_B"],"score":320,"play_id":"50807ed0-ebb0-4142-834b-129927cd119d","local_time":"20210211231322","is_ascension_mode":true,"campfire_choices":[{"data":"Doom and Gloom","floor":6,"key":"SMITH"},{"data":"Barrage","floor":11,"key":"SMITH"},{"data":"Glacier","floor":15,"key":"SMITH"}],"circlet_count":0,"master_deck":["AscendersBane","Zap","Dualcast","Ball Lightning","Doom and Gloom+1","Glacier+1","Barrage+1","Doom and Gloom","Cold Snap","Coolheaded","Steam Power","Trip","Echo Form","All For One","Go for the Eyes","Biased Cognition","Static Discharge","Consume","Go for the Eyes","All For One","Streamline","Reinforced Body","Auto Shields"],"relics":["Cracked Core","Unceasing Top","Mummified Hand","Symbiotic Virus","Membership Card","Juzu Bracelet","Turnip","Pandora\u0027s Box"],"acts_visited":["Exordium","TheCity"],"potions_floor_usage":[8,14,16],"damage_taken":[{"damage":3,"enemies":"Small Slimes","floor":1,"turns":3},{"damage":0,"enemies":"2 Louse","floor":2,"turns":1},{"damage":0,"enemies":"Cultist","floor":3,"turns":4},{"damage":7,"enemies":"Looter","floor":4,"turns":3},{"damage":4,"enemies":"Red Slaver","floor":5,"turns":4},{"damage":2,"enemies":"Exordium Wildlife","floor":7,"turns":3},{"damage":13,"enemies":"Lagavulin","floor":8,"turns":7},{"damage":16,"enemies":"Large Slime","floor":10,"turns":3},{"damage":0,"enemies":"Gremlin Nob","floor":14,"turns":2},{"damage":18,"enemies":"The Guardian","floor":16,"turns":12},{"damage":9,"enemies":"Spheric Guardian","floor":18,"turns":3},{"damage":21,"enemies":"Shell Parasite","floor":19,"turns":4},{"damage":22,"enemies":"Centurion and Healer","floor":20,"turns":4}],"seed_played":"5961184735219338591","potions_obtained":[{"floor":2,"key":"PowerPotion"},{"floor":3,"key":"Block Potion"},{"floor":7,"key":"FocusPotion"},{"floor":8,"key":"SteroidPotion"},{"floor":14,"key":"Dexterity Potion"}],"is_trial":false,"path_per_floor":["M","M","M","M","M","R","M","E","T","M","R","$","?","E","R","B",null,"M","M","M"],"character_chosen":"DEFECT","items_purchased":["Membership Card","Trip"],"campfire_rested":0,"item_purchase_floors":[12,12],"current_hp_per_floor":[65,65,65,58,54,54,52,39,39,23,23,23,20,20,20,2,52,43,22,0,0],"gold":159,"neow_bonus":"ONE_RARE_RELIC","is_daily":false,"chose_seed":false,"campfire_upgraded":3,"win_rate":0.0,"timestamp":1613114002,"path_taken":["M","M","M","M","M","R","M","E","T","M","R","$","?","E","R","BOSS","M","M","M"],"items_purchased_type":["Relic","Card"],"build_version":"2020-12-22","purchased_purges":1,"victory":false,"max_hp_per_floor":[68,68,68,68,68,68,68,68,68,68,68,68,68,68,68,68,68,68,68,68,68],"relic_stats":{"counters":[13,53],"Mummified Hand":[8],"Pandora\u0027s Box":["Go for the Eyes","Biased Cognition","Static Discharge","Consume","Go for the Eyes","All For One","Streamline"],"Turnip":[9],"Juzu Bracelet":0,"obtain_stats":[{"Mummified Hand":8,"Pandora\u0027s Box":17,"Turnip":14,"Juzu Bracelet":13,"Membership Card":12,"Cracked Core":0,"Symbiotic Virus":9,"Unceasing Top":0},{"Mummified Hand":7,"Pandora\u0027s Box":10,"Turnip":9,"Juzu Bracelet":8,"Membership Card":8,"Cracked Core":0,"Symbiotic Virus":7,"Unceasing Top":0},{"Mummified Hand":25,"Pandora\u0027s Box":42,"Turnip":30,"Juzu Bracelet":28,"Membership Card":28,"Cracked Core":0,"Symbiotic Virus":25,"Unceasing Top":0}],"Unceasing Top":[1]},"card_choices":[{"not_picked":["Aggregate","Melter"],"picked":"Ball Lightning","floor":1},{"not_picked":["Chill","Rebound"],"picked":"Doom and Gloom","floor":2},{"not_picked":["White Noise","Coolheaded"],"picked":"Glacier","floor":3},{"not_picked":["Recycle","Stack"],"picked":"Barrage","floor":4},{"not_picked":["Sweeping Beam","Storm"],"picked":"Doom and Gloom","floor":5},{"not_picked":["Ball Lightning","Beam Cell"],"picked":"Cold Snap","floor":7},{"not_picked":["Conserve Battery","Chaos"],"picked":"Coolheaded","floor":8},{"not_picked":["Compile Driver","Heatsinks"],"picked":"Steam Power","floor":10},{"not_picked":["Gash","Meteor Strike"],"picked":"Echo Form","floor":14},{"not_picked":["Rainbow","Multi-Cast"],"picked":"All For One","floor":16},{"not_picked":["Ball Lightning+1","Compile Driver"],"picked":"Reinforced Body","floor":18},{"not_picked":["Stack+1","Rebound"],"picked":"Auto Shields","floor":19}],"player_experience":1343525,"relics_obtained":[{"floor":8,"key":"Mummified Hand"},{"floor":9,"key":"Symbiotic Virus"},{"floor":14,"key":"Turnip"}],"event_choices":[{"damage_healed":0,"gold_gain":0,"player_choice":"Success","damage_taken":3,"relics_obtained":["Juzu Bracelet"],"max_hp_gain":0,"max_hp_loss":0,"event_name":"Scrap Ooze","floor":13,"gold_loss":0}],"is_beta":false,"boss_relics":[{"not_picked":["FrozenCore","Busted Crown"],"picked":"Pandora\u0027s Box"}],"items_purged_floors":[12],"is_endless":false,"potions_floor_spawned":[2,3,7,8,10,14],"killed_by":"Centurion and Healer","ascension_level":10}}