{"host":"m9osufisr3agwk96","time":1613120282,"event":{"mods":["AchievementEnabler","Aspiration","BaseMod","Colored Map","Colored Powertips","Downfall","Friendly Minions","Hermit","Highlight Path","Hubris","Minty Spire (QoL Compilation)","Rare Cards Sparkle","Reliquary","Replay The Spire","Shop Mod","StSLib"],"gold_per_floor":[99,116,116,127,127,127,127,145,145,164,164,179,14,14,32,127,127,127,143,143,143,143,160,215,215,57,155,155,165,178,213,232,232,232,232],"floor_reached":33,"language":"ENG","playtime":1563,"items_purged":["hexamod:Defend"],"score":257,"play_id":"5cfc6bea-1f93-41b3-9378-2ad4bdd8c2a6","local_time":"20210212005802","is_ascension_mode":false,"campfire_choices":[{"data":"hexamod:Float","floor":1,"key":"SMITH"},{"data":"hexamod:GhostShield","floor":6,"key":"SMITH"},{"data":"hexamod:Sear","floor":11,"key":"SMITH"},{"data":"hexamod:RainOfEmbers","floor":18,"key":"SMITH"},{"floor":25,"key":"REST"},{"data":"hexamod:FlamesFromBeyond","floor":28,"key":"SMITH"}],"circlet_count":0,"master_deck":["hexamod:Strike","hexamod:Strike","hexamod:Strike","hexamod:Strike","hexamod:Defend","hexamod:Defend","hexamod:Defend","hexamod:Sear+1","hexamod:Float+1","hexamod:VolcanoVisage","hexamod:GhostShield+1","hexamod:RainOfEmbers+1","hexamod:SwordOfDarkness","hexamod:FlamesFromBeyond+1","hexamod:SwordOfDarkness","hexamod:HeatMetal","hexamod:TimeWarp","hexamod:SpectersWail","hexamod:NightmareStrike+1","hexamod:PowerFromBeyond","hexamod:Rewind","hexamod:Hexaguard+1","hexamod:BurningTouch+1","hexamod:Firestarter+1"],"relics":["hexamod:SpiritBrand","Omamori","aspiration:Lifesprig","hubris:Towel","reliquary:PorcupineQuills","Strange Spoon","reliquary:BrokenClock","Lantern"],"acts_visited":["Exordium","TheCity"],"potions_floor_usage":[16,16,19,27,31,32],"damage_taken":[{"damage":5,"enemies":"Jaw Worm","floor":2,"turns":6},{"damage":5,"enemies":"2 Louse","floor":4,"turns":4},{"damage":0,"enemies":"Cultist","floor":8,"turns":3},{"damage":0,"enemies":"Large Slime","floor":10,"turns":4},{"damage":0,"enemies":"3 Louse","floor":12,"turns":4},{"damage":0,"enemies":"downfall:FleeingMerchant","floor":13,"turns":4},{"damage":13,"enemies":"Exordium Wildlife","floor":15,"turns":4},{"damage":3,"enemies":"WA_ARCHETYPE_RETAIN","floor":16,"turns":4},{"damage":2,"enemies":"Shell Parasite","floor":19,"turns":3},{"damage":0,"enemies":"Chosen","floor":20,"turns":1},{"damage":11,"enemies":"Snake Plant","floor":23,"turns":4},{"damage":0,"enemies":"downfall:FleeingMerchant","floor":26,"turns":4},{"damage":0,"enemies":"downfall:FleeingMerchant","floor":27,"turns":4},{"damage":11,"enemies":"Cultist and Chosen","floor":29,"turns":4},{"damage":14,"enemies":"Centurion and Healer","floor":30,"turns":3},{"damage":36,"enemies":"Slavers","floor":31,"turns":5},{"damage":3,"enemies":"3 Cultists","floor":32,"turns":5},{"damage":2,"enemies":"SI_MIRROR_ARCHETYPE","floor":33,"turns":2}],"seed_played":"4403662571667307098","potions_obtained":[{"floor":4,"key":"SteroidPotion"},{"floor":12,"key":"hexamod:SoulburnPotion"},{"floor":16,"key":"ColorlessPotion"},{"floor":19,"key":"Swift Potion"},{"floor":29,"key":"hexamod:DoubleChargePotion"},{"floor":30,"key":"SpeedPotion"}],"is_trial":false,"path_per_floor":["R","M","?","M","?","R","T","M","?","M","R","M","$","?","M","B",null,"R","M","M","?","?","M","T","R","$","$","R","M","M","E","M","B"],"character_chosen":"THE_SPIRIT","items_purchased":["aspiration:Lifesprig","Strange Spoon","reliquary:BrokenClock"],"campfire_rested":1,"item_purchase_floors":[13,26,27],"current_hp_per_floor":[70,65,65,60,70,70,70,70,70,70,70,70,70,70,57,54,70,70,68,68,68,55,44,44,66,66,66,66,55,41,5,2,0,0,0],"gold":232,"neow_bonus":"ONE_RANDOM_RARE_CARD","is_daily":false,"chose_seed":false,"campfire_upgraded":5,"win_rate":0.0,"timestamp":1613120282,"path_taken":["R","M","?","M","?","R","T","?","?","M","R","M","$","?","M","BOSS","R","M","M","?","?","M","T","R","?","$","R","?","M","E","M","BOSS"],"items_purchased_type":["Relic","Relic","Relic"],"build_version":"2020-12-22","purchased_purges":1,"victory":false,"max_hp_per_floor":[70,70,70,70,70,70,70,70,70,70,70,70,70,70,70,70,70,70,70,70,70,75,75,75,75,75,75,75,75,75,75,75,75,75,75],"card_choices":[{"not_picked":["hexamod:ThermalTransfer","hexamod:BacktrackSmack"],"picked":"hexamod:GhostShield","floor":2},{"not_picked":["hexamod:ChargedBarrage","hexamod:ThirdSeal"],"picked":"hexamod:Rewind","floor":4},{"not_picked":["hexamod:Hexaguard","hexamod:PhantomFireball"],"picked":"hexamod:RainOfEmbers","floor":8},{"not_picked":["hexamod:ChargedBarrage","hexamod:Again"],"picked":"hexamod:SwordOfDarkness","floor":10},{"not_picked":["hexamod:GhostLash","hexamod:SkipABeat"],"picked":"hexamod:FlamesFromBeyond","floor":12},{"not_picked":["hexamod:FourthSeal","hexamod:SecondSeal"],"picked":"hexamod:SwordOfDarkness","floor":13},{"not_picked":["hexamod:ChargedBarrage","hexamod:ShieldOfDarkness"],"picked":"hexamod:HeatMetal","floor":15},{"not_picked":["hexamod:ParanormalForm","hexamod:UnleashSpirits"],"picked":"hexamod:TimeWarp","floor":16},{"not_picked":["hexamod:Incineration","hexamod:BacktrackSmack"],"picked":"hexamod:SpectersWail","floor":19},{"not_picked":["hexamod:ThirdSeal","hexamod:Firestarter"],"picked":"hexamod:NightmareStrike+1","floor":20},{"not_picked":["hexamod:AdvancingGuard+1","hexamod:SkipABeat"],"picked":"hexamod:PowerFromBeyond","floor":23},{"not_picked":["hexamod:SpectersWail","hexamod:HeatMetal"],"picked":"hexamod:Rewind","floor":26},{"not_picked":["hexamod:ShieldOfDarkness+1","hexamod:HeatCrush","hexamod:AdvancingGuard"],"picked":"SKIP","floor":27},{"not_picked":["hexamod:EtherealExpedition","hexamod:Again"],"picked":"hexamod:Hexaguard+1","floor":29},{"not_picked":["hexamod:FourthSeal","hexamod:SpectersWail"],"picked":"hexamod:BurningTouch+1","floor":30},{"not_picked":["hexamod:SkipABeat","hexamod:AdvancingGuard","hexamod:FastForward+1"],"picked":"SKIP","floor":31},{"not_picked":["hexamod:SpectersWail","hexamod:FastForward"],"picked":"hexamod:Firestarter+1","floor":32}],"player_experience":459062,"relics_obtained":[{"floor":7,"key":"Omamori"},{"floor":24,"key":"reliquary:PorcupineQuills"},{"floor":31,"key":"Lantern"}],"event_choices":[{"cards_removed":["hexamod:Rewind"],"damage_healed":10,"gold_gain":0,"player_choice":"Offered Uncommon","damage_taken":0,"max_hp_gain":0,"max_hp_loss":0,"event_name":"Bonfire Elementals","floor":5,"gold_loss":0}],"is_beta":false,"boss_relics":[{"not_picked":["hubris:BlackHole","aspiration:IroncladSkillbook","Snecko Heart"]}],"items_purged_floors":[27],"is_endless":false,"potions_floor_spawned":[4,12,16,19,29,30],"killed_by":"SI_MIRROR_ARCHETYPE","ascension_level":0}}