{"host":"fkig9nrckec4xsh0","time":1613173060,"event":{"mods":["Act Like it!","BaseMod","Colored Map","Gensokyo","Hermit","Marisa????????","Minty Spire (QoL Compilation)","Quick Restart","Replay The Spire","StSLib"],"gold_per_floor":[116,168,183,183,201,230,248,248,248],"floor_reached":8,"language":"ENG","playtime":291,"items_purged":[],"score":87,"play_id":"018762aa-5bcc-4eec-8fdc-51f13f1ea868","local_time":"20210212183740","is_ascension_mode":true,"campfire_choices":[],"circlet_count":0,"master_deck":["AscendersBane","Strike_B","Strike_B","Strike_B","Defend_B","Defend_B","Defend_B","Defend_B","Zap","Dualcast","Gash","BootSequence","Steam Power","Steam","Sunder","Gash"],"relics":["Cracked Core","NeowsBlessing","Ornamental Fan","Replay:Bottled Steam"],"acts_visited":["Exordium"],"potions_floor_usage":[6,8],"damage_taken":[{"damage":0,"enemies":"2 Louse","floor":1,"turns":1},{"damage":0,"enemies":"Small Slimes","floor":3,"turns":1},{"damage":0,"enemies":"Cultist","floor":5,"turns":1},{"damage":33,"enemies":"Lagavulin","floor":6,"turns":9},{"damage":8,"enemies":"Blue Slaver","floor":7,"turns":4},{"damage":17,"enemies":"Gremlin Nob","floor":8,"turns":2}],"seed_played":"5944223945616644721","potions_obtained":[{"floor":2,"key":"Regen Potion"},{"floor":5,"key":"PotionOfCapacity"},{"floor":6,"key":"FearPotion"},{"floor":7,"key":"Ancient Potion"}],"is_trial":false,"path_per_floor":["M","?","M","?","M","E","M","E"],"character_chosen":"DEFECT","items_purchased":[],"campfire_rested":0,"item_purchase_floors":[],"current_hp_per_floor":[68,38,38,38,38,20,12,0,0],"gold":248,"neow_bonus":"THREE_ENEMY_KILL","is_daily":false,"chose_seed":false,"campfire_upgraded":0,"win_rate":0.0,"timestamp":1613173060,"path_taken":["M","?","M","?","M","E","M","E"],"items_purchased_type":[],"build_version":"2020-12-22","purchased_purges":0,"victory":false,"max_hp_per_floor":[75,75,75,75,75,75,75,75,75],"card_choices":[{"not_picked":["Redo","BasicCrystalCard"],"picked":"Gash","floor":1},{"not_picked":["Ball Lightning","Force Field"],"picked":"BootSequence","floor":2},{"not_picked":["Barrage","Double Energy"],"picked":"Steam Power","floor":3},{"not_picked":["Crystallizer","Rip and Tear"],"picked":"Steam","floor":5},{"not_picked":["Darkness","ReplaySort"],"picked":"Sunder","floor":6},{"not_picked":["Reinforced Body","Stack"],"picked":"Gash","floor":7}],"player_experience":431754,"relics_obtained":[{"floor":2,"key":"Ornamental Fan"},{"floor":6,"key":"Replay:Bottled Steam"}],"event_choices":[{"cards_removed":["Strike_B"],"damage_healed":0,"gold_gain":0,"player_choice":"Purged","damage_taken":0,"max_hp_gain":0,"max_hp_loss":0,"event_name":"Purifier","floor":4,"gold_loss":0}],"is_beta":false,"boss_relics":[],"items_purged_floors":[],"is_endless":false,"potions_floor_spawned":[5,6,7],"killed_by":"Gremlin Nob","ascension_level":10}}