{"host":"ia9e4s524g7bamk7","time":1613118469,"event":{"mods":["AchievementEnabler","BaseMod","Colored Map","Minty Spire (QoL Compilation)","Permanent Neow","Slay-I","slay the spire mod where everything is the same but ironclad has a cowboy hat"],"gold_per_floor":[111,125,143,93,106,106,150,150,150,191,191,116,127,127,127,231,231,256,275,296,341,291,291,335,335,358,399,408,446,446,473,473,473,473],"floor_reached":33,"language":"ENG","playtime":2590,"items_purged":["Strike_R"],"score":497,"play_id":"0812baa9-c6e1-4923-ba77-c5bd7e954acc","local_time":"20210212092749","is_ascension_mode":true,"campfire_choices":[{"data":"Shrug It Off","floor":6,"key":"SMITH"},{"floor":8,"key":"REST"},{"data":"Armaments","floor":15,"key":"SMITH"},{"floor":23,"key":"RECALL"},{"floor":25,"key":"REST"},{"floor":32,"key":"REST"}],"circlet_count":0,"master_deck":["Defend_R","Defend_R","Defend_R","Defend_R","Cleave","Cleave","Thunderclap","Shrug It Off+1","Flame Barrier","Armaments+1","Reaper","Flex","Fire Breathing+1","Pommel Strike+1","Bite","Bite","Bite","Bite","Bite","Ghostly Armor","Dropkick","Shame","Double Tap","Shockwave+1"],"relics":["Runic Pyramid","CeramicFish","Gremlin Horn","Blue Candle","Fusion Hammer","Toy Ornithopter","Blood Vial","Pantograph","StrikeDummy","Akabeko"],"acts_visited":["Exordium","TheCity"],"potions_floor_usage":[10,10,27,29,29,33],"damage_taken":[{"damage":4,"enemies":"Small Slimes","floor":1,"turns":4},{"damage":1,"enemies":"Jaw Worm","floor":2,"turns":6},{"damage":0,"enemies":"2 Louse","floor":3,"turns":2},{"damage":0,"enemies":"Gremlin Gang","floor":5,"turns":1},{"damage":59,"enemies":"Lagavulin","floor":7,"turns":7},{"damage":16,"enemies":"3 Sentries","floor":10,"turns":4},{"damage":0,"enemies":"3 Louse","floor":13,"turns":3},{"damage":0,"enemies":"The Guardian","floor":16,"turns":15},{"damage":13,"enemies":"Spheric Guardian","floor":18,"turns":9},{"damage":9,"enemies":"3 Byrds","floor":19,"turns":4},{"damage":20,"enemies":"Snake Plant","floor":20,"turns":6},{"damage":53,"enemies":"Book of Stabbing","floor":24,"turns":6},{"damage":13,"enemies":"Gremlin Leader","floor":27,"turns":6},{"damage":33,"enemies":"Book of Stabbing","floor":29,"turns":6},{"damage":1,"enemies":"Cultist and Chosen","floor":31,"turns":5},{"damage":97,"enemies":"Automaton","floor":33,"turns":14}],"seed_played":"-7527705767794203380","potions_obtained":[{"floor":5,"key":"Energy Potion"},{"floor":7,"key":"Explosive Potion"},{"floor":18,"key":"EssenceOfSteel"},{"floor":24,"key":"SpeedPotion"},{"floor":27,"key":"FearPotion"}],"is_trial":false,"path_per_floor":["M","M","M","?","M","R","E","R","T","E","?","$","M","?","R","B",null,"M","M","M","?","$","R","E","R","T","E","?","E","T","M","R","B"],"character_chosen":"IRONCLAD","items_purchased":["AttackPotion"],"campfire_rested":3,"item_purchase_floors":[22],"current_hp_per_floor":[68,67,67,67,67,67,8,32,32,16,9,9,9,80,80,80,80,69,67,57,56,56,56,22,38,38,56,56,38,38,56,56,0,0],"gold":473,"neow_bonus":"BOSS_RELIC","is_daily":false,"chose_seed":false,"campfire_upgraded":2,"win_rate":0.0,"timestamp":1613118469,"path_taken":["M","M","M","?","M","R","E","R","T","E","?","$","M","?","R","BOSS","M","M","?","?","$","R","E","R","T","E","?","E","?","M","R","BOSS"],"items_purchased_type":["Potion"],"build_version":"2020-12-22","purchased_purges":1,"victory":false,"max_hp_per_floor":[80,80,80,80,80,80,80,80,80,80,80,80,80,80,80,80,80,80,80,80,56,56,56,56,56,56,56,56,56,56,56,56,56,56],"card_choices":[{"not_picked":["Armaments","Headbutt"],"picked":"Cleave","floor":1},{"not_picked":["Clothesline","Bloodletting"],"picked":"Cleave","floor":2},{"not_picked":["Twin Strike","Dual Wield"],"picked":"Thunderclap","floor":3},{"not_picked":["Warcry","Bludgeon"],"picked":"Shrug It Off","floor":5},{"not_picked":["Reckless Charge","Power Through"],"picked":"Flame Barrier","floor":7},{"not_picked":["Flex","Heavy Blade"],"picked":"Armaments","floor":10},{"not_picked":["Anger","Dual Wield","Whirlwind"],"picked":"SKIP","floor":13},{"not_picked":["Exhume","Double Tap"],"picked":"Reaper","floor":16},{"not_picked":["Rampage","Clothesline"],"picked":"Flex","floor":18},{"not_picked":["Uppercut","Twin Strike"],"picked":"Fire Breathing+1","floor":19},{"not_picked":["Iron Wave","Thunderclap+1"],"picked":"Pommel Strike+1","floor":20},{"not_picked":["Pommel Strike+1","Bloodletting+1"],"picked":"Ghostly Armor","floor":24},{"not_picked":["Clash","Perfected Strike"],"picked":"Dropkick","floor":27},{"not_picked":["Sword Boomerang","Dark Embrace+1"],"picked":"Double Tap","floor":29},{"not_picked":["Reckless Charge+1","Twin Strike+1"],"picked":"Shockwave+1","floor":31}],"player_experience":326390,"relics_obtained":[{"floor":7,"key":"CeramicFish"},{"floor":9,"key":"Gremlin Horn"},{"floor":10,"key":"Blue Candle"},{"floor":24,"key":"Toy Ornithopter"},{"floor":27,"key":"Blood Vial"},{"floor":29,"key":"StrikeDummy"},{"floor":30,"key":"Akabeko"}],"event_choices":[{"cards_removed":["Bash"],"damage_healed":0,"gold_gain":0,"player_choice":"Card Removal","damage_taken":0,"max_hp_gain":0,"max_hp_loss":0,"event_name":"The Cleric","floor":4,"gold_loss":50},{"cards_removed":["Strike_R"],"damage_healed":0,"gold_gain":0,"player_choice":"Card Removal","damage_taken":7,"max_hp_gain":0,"max_hp_loss":0,"event_name":"Golden Wing","floor":11,"gold_loss":0},{"damage_healed":71,"gold_gain":0,"player_choice":"Full Heal","damage_taken":0,"max_hp_gain":0,"max_hp_loss":0,"event_name":"Wheel of Change","floor":14,"gold_loss":0},{"damage_healed":0,"gold_gain":0,"player_choice":"Became a vampire","damage_taken":0,"max_hp_gain":0,"max_hp_loss":24,"event_name":"Vampires","floor":21,"gold_loss":0,"cards_obtained":["Bite","Bite","Bite","Bite","Bite"]},{"damage_healed":0,"gold_gain":0,"player_choice":"Stole Relic","damage_taken":0,"relics_obtained":["Pantograph"],"max_hp_gain":0,"max_hp_loss":0,"event_name":"Addict","floor":28,"gold_loss":0,"cards_obtained":["Shame"]}],"is_beta":false,"boss_relics":[{"not_picked":["Snecko Eye","SlaversCollar"],"picked":"Fusion Hammer"}],"items_purged_floors":[12],"is_endless":false,"potions_floor_spawned":[5,7,18,24,27],"killed_by":"Automaton","ascension_level":6}}