{"host":"k6d6vy172g6ium25","time":1613171027,"event":{"mods":["Act Like it!","BaseMod","Bestiary","Bossed Relics","Custom Start","Downfall","Friendly Minions","Kiyohime????","Marisa????????","Minty Spire (QoL Compilation)","Prisma Mod","Rare Cards Sparkle","Relic Filter","StSLib","The Alterego","Transform Curses","Waifu the Spire","Wide Potions","Yakumo Yukari mod","Yohane!"],"gold_per_floor":[110,122,422,432,432,432,432,432],"floor_reached":6,"language":"ENG","playtime":436,"items_purged":[],"score":36,"play_id":"2a6e66fc-70fd-49b3-9bca-8ec49aed0830","local_time":"20210213000347","is_ascension_mode":false,"campfire_choices":[],"circlet_count":0,"master_deck":["Guardian:Strike_Guardian","Guardian:Strike_Guardian","Guardian:Strike_Guardian","Guardian:Defend_Guardian","Guardian:Defend_Guardian","Guardian:Defend_Guardian","Guardian:Defend_Guardian","Guardian:CurlUp","Guardian:TwinSlam","Guardian:EvasiveProtocol","Guardian:Recover","downfall:Icky","downfall:Icky","Guardian:BronzeArmor"],"relics":["Guardian:ModeShifter"],"acts_visited":["Exordium"],"potions_floor_usage":[],"damage_taken":[{"damage":6,"enemies":"Jaw Worm","floor":1,"turns":5},{"damage":2,"enemies":"2 Louse","floor":2,"turns":4},{"damage":0,"enemies":"Cultist","floor":4,"turns":4},{"damage":42,"enemies":"Gremlin Nob","floor":6,"turns":7}],"seed_played":"-2002872438509757726","potions_obtained":[{"floor":1,"key":"Dexterity Potion"},{"floor":2,"key":"Ancient Potion"}],"is_trial":false,"path_per_floor":["M","M","?","M","?","E"],"character_chosen":"GUARDIAN","items_purchased":[],"campfire_rested":0,"item_purchase_floors":[],"current_hp_per_floor":[82,80,80,80,80,38,38,38],"gold":432,"neow_bonus":"TEN_PERCENT_HP_BONUS","is_daily":false,"chose_seed":false,"campfire_upgraded":0,"win_rate":0.0,"timestamp":1613171027,"path_taken":["M","M","?","M","?","E"],"items_purchased_type":[],"build_version":"2020-12-22","purchased_purges":0,"victory":false,"max_hp_per_floor":[88,88,88,88,88,88,88,88],"card_choices":[{"not_picked":["Guardian:Harden","Guardian:Gem_Crimson"],"picked":"Guardian:EvasiveProtocol","floor":1},{"not_picked":["Guardian:ChargeCore","Guardian:TemporalStrike"],"picked":"Guardian:Recover","floor":2},{"not_picked":["Guardian:RefractedBeam","Guardian:Gem_Red"],"picked":"Guardian:BronzeArmor","floor":4}],"player_experience":109868,"relics_obtained":[],"event_choices":[],"is_beta":false,"boss_relics":[],"items_purged_floors":[],"is_endless":false,"potions_floor_spawned":[1,2],"killed_by":"Gremlin Nob","ascension_level":0}}