{"host":"fbdlh90rovbiajun","time":1613149280,"event":{"mods":["AchievementEnabler","BaseMod","Colored Map","Minty Spire (QoL Compilation)","SuperFastMode"],"gold_per_floor":[115,115,115,65,83,83,8,8,8,41,41,68,68,80,80,176,176,189,89,89,89,14,14,34,34,34,49,49,80,80,99,99,197,197,210,258,108,0,0,10,30,30,108,108,121,121,150,167,167,167,167],"floor_reached":50,"language":"KOR","playtime":1643,"items_purged":["Defend_P","Defend_P"],"score":544,"play_id":"353cc80f-830d-4ab2-9c67-b9b5e8e672b5","local_time":"20210213020120","is_ascension_mode":false,"campfire_choices":[{"data":"Eruption","floor":6,"key":"SMITH"},{"data":"CrushJoints","floor":8,"key":"SMITH"},{"data":"Vigilance","floor":11,"key":"SMITH"},{"data":"Strike_P","floor":15,"key":"SMITH"},{"floor":23,"key":"REST"},{"floor":25,"key":"REST"},{"floor":30,"key":"REST"},{"floor":32,"key":"REST"},{"floor":42,"key":"REST"},{"floor":49,"key":"REST"}],"circlet_count":0,"master_deck":["Strike_P+1","Strike_P+1","Strike_P+1","Strike_P+1","Defend_P+1","Eruption+1","Vigilance+1","CrushJoints+1","CrushJoints+1","InnerPeace+1","CrushJoints+1"],"relics":["PureWater","NeowsBlessing","Molten Egg 2","Ancient Tea Set","Ornamental Fan","Sozu","Enchiridion","Letter Opener","Bottled Flame","Philosopher\u0027s Stone","GoldenEye","PreservedInsect","Red Mask","Gambling Chip","InkBottle","Bottled Lightning"],"acts_visited":["Exordium","TheCity","TheBeyond"],"potions_floor_usage":[33,50,50],"damage_taken":[{"damage":0,"enemies":"2 Louse","floor":1,"turns":1},{"damage":0,"enemies":"Jaw Worm","floor":5,"turns":1},{"damage":0,"enemies":"Gremlin Nob","floor":10,"turns":1},{"damage":26,"enemies":"3 Sentries","floor":12,"turns":5},{"damage":0,"enemies":"Cultist","floor":14,"turns":2},{"damage":27,"enemies":"Slime Boss","floor":16,"turns":6},{"damage":7,"enemies":"3 Byrds","floor":18,"turns":5},{"damage":0,"enemies":"Shell Parasite","floor":24,"turns":2},{"damage":26,"enemies":"Snake Plant","floor":27,"turns":2},{"damage":8,"enemies":"Book of Stabbing","floor":29,"turns":2},{"damage":6,"enemies":"Chosen and Byrds","floor":31,"turns":3},{"damage":23,"enemies":"Collector","floor":33,"turns":6},{"damage":16,"enemies":"Orb Walker","floor":35,"turns":2},{"damage":26,"enemies":"2 Orb Walkers","floor":36,"turns":4},{"damage":0,"enemies":"3 Darklings","floor":40,"turns":3},{"damage":17,"enemies":"Maw","floor":41,"turns":5},{"damage":0,"enemies":"Spire Growth","floor":45,"turns":3},{"damage":0,"enemies":"Reptomancer","floor":47,"turns":2},{"damage":6,"enemies":"Jaw Worm Horde","floor":48,"turns":2},{"damage":60,"enemies":"Donu and Deca","floor":50,"turns":2}],"seed_played":"634729381549114691","potions_obtained":[{"floor":10,"key":"BlessingOfTheForge"},{"floor":12,"key":"SkillPotion"},{"floor":16,"key":"Energy Potion"}],"is_trial":false,"path_per_floor":["M","?","?","$","M","R","$","R","T","E","R","E","$","M","R","B",null,"M","$","?","?","?","R","M","R","T","M","$","E","R","M","R","B",null,"M","?","$","?","?","M","M","R","T","?","M","$","E","M","R","B"],"character_chosen":"WATCHER","items_purchased":["CrushJoints","PreservedInsect"],"campfire_rested":6,"item_purchase_floors":[4,37],"current_hp_per_floor":[72,58,63,63,63,63,63,63,63,63,63,37,37,37,37,10,77,70,70,70,54,54,77,77,77,77,51,51,43,66,60,77,54,77,61,35,35,35,35,35,18,41,41,41,41,41,41,35,58,0,0],"gold":167,"neow_bonus":"THREE_ENEMY_KILL","is_daily":false,"chose_seed":false,"campfire_upgraded":4,"win_rate":0.0,"timestamp":1613149280,"path_taken":["M","?","?","$","M","R","?","R","T","E","R","E","$","M","R","BOSS","M","$","?","?","?","R","M","R","T","M","?","E","R","M","R","BOSS","M","?","$","?","?","M","?","R","T","?","M","?","E","?","R","BOSS"],"items_purchased_type":["Card","Relic"],"build_version":"2020-12-22","purchased_purges":2,"victory":false,"max_hp_per_floor":[72,72,77,77,77,77,77,77,77,77,77,77,77,77,77,77,77,77,77,77,77,77,77,77,77,77,77,77,77,77,77,77,77,77,77,77,77,77,77,77,77,77,77,77,77,77,77,77,77,77,77],"card_choices":[{"not_picked":["ThirdEye","PathToVictory","FearNoEvil"],"picked":"SKIP","floor":1},{"not_picked":["Worship","ReachHeaven","Consecrate"],"picked":"SKIP","floor":5},{"not_picked":["DevaForm","PathToVictory","Weave+1"],"picked":"SKIP","floor":10},{"not_picked":["SignatureMove+1","Evaluate","FlyingSleeves+1"],"picked":"SKIP","floor":12},{"not_picked":["FollowUp+1","Halt","Nirvana"],"picked":"SKIP","floor":14},{"not_picked":["ReachHeaven+1","Crescendo+1","Protect"],"picked":"SKIP","floor":18},{"not_picked":["FlurryOfBlows+1","WreathOfFlame","Prostrate"],"picked":"SKIP","floor":24},{"not_picked":["EmptyFist+1","Halt"],"picked":"CrushJoints+1","floor":27},{"not_picked":["ReachHeaven+1","Consecrate+1","WindmillStrike+1"],"picked":"SKIP","floor":29},{"not_picked":["Nirvana+1","DeceiveReality"],"picked":"InnerPeace+1","floor":31},{"not_picked":["SignatureMove+1","Study","EmptyBody"],"picked":"SKIP","floor":35},{"not_picked":["Indignation+1","WaveOfTheHand","EmptyFist+1"],"picked":"SKIP","floor":40},{"not_picked":["EmptyFist+1","Halt"],"picked":"CrushJoints+1","floor":41},{"not_picked":["Evaluate+1","SignatureMove+1","CarveReality+1"],"picked":"SKIP","floor":45},{"not_picked":["Prostrate+1","EmptyBody+1","PathToVictory"],"picked":"SKIP","floor":47},{"not_picked":["Collect+1","Consecrate+1","FlyingSleeves+1"],"picked":"SKIP","floor":48}],"player_experience":13279,"relics_obtained":[{"floor":9,"key":"Molten Egg 2"},{"floor":10,"key":"Ancient Tea Set"},{"floor":12,"key":"Ornamental Fan"},{"floor":21,"key":"Enchiridion"},{"floor":26,"key":"Letter Opener"},{"floor":29,"key":"Bottled Flame"},{"floor":36,"key":"GoldenEye"},{"floor":39,"key":"Gambling Chip"},{"floor":43,"key":"InkBottle"},{"floor":47,"key":"Bottled Lightning"}],"event_choices":[{"damage_healed":0,"gold_gain":0,"player_choice":"Entered Light","damage_taken":14,"max_hp_gain":0,"max_hp_loss":0,"event_name":"Shining Light","floor":2,"gold_loss":0,"cards_upgraded":["Strike_P","Strike_P"]},{"damage_healed":0,"gold_gain":0,"player_choice":"Donut","damage_taken":0,"max_hp_gain":5,"max_hp_loss":0,"event_name":"Big Fish","floor":3,"gold_loss":0},{"damage_healed":0,"gold_gain":0,"player_choice":"Simplicity","damage_taken":0,"max_hp_gain":0,"max_hp_loss":0,"event_name":"Back to Basics","floor":20,"gold_loss":0,"cards_upgraded":["Strike_P","Defend_P","Defend_P"]},{"damage_healed":0,"gold_gain":0,"player_choice":"Obtained Book","damage_taken":16,"max_hp_gain":0,"max_hp_loss":0,"event_name":"Cursed Tome","floor":21,"gold_loss":0},{"cards_removed":["Defend_P"],"damage_healed":0,"gold_gain":0,"player_choice":"Gave Gold","damage_taken":0,"max_hp_gain":0,"max_hp_loss":0,"event_name":"Beggar","floor":22,"gold_loss":75},{"damage_healed":0,"gold_gain":0,"player_choice":"Fight","damage_taken":0,"max_hp_gain":0,"max_hp_loss":0,"event_name":"Mysterious Sphere","floor":36,"gold_loss":0},{"damage_healed":0,"gold_gain":0,"player_choice":"Paid","damage_taken":0,"relics_obtained":["Red Mask"],"max_hp_gain":0,"max_hp_loss":0,"event_name":"Tomb of Lord Red Mask","floor":38,"gold_loss":108},{"damage_healed":0,"gold_gain":0,"player_choice":"Relic","damage_taken":0,"max_hp_gain":0,"max_hp_loss":0,"event_name":"Wheel of Change","floor":39,"gold_loss":0},{"damage_healed":0,"gold_gain":0,"player_choice":"Memory 1","damage_taken":0,"max_hp_gain":0,"max_hp_loss":0,"event_name":"SensoryStone","floor":44,"gold_loss":0}],"is_beta":false,"boss_relics":[{"not_picked":["Snecko Eye","Busted Crown"],"picked":"Sozu"},{"not_picked":["Velvet Choker","Empty Cage"],"picked":"Philosopher\u0027s Stone"}],"items_purged_floors":[7,19],"is_endless":false,"potions_floor_spawned":[10,12,16,18,29,36,41,47],"killed_by":"Donu and Deca","ascension_level":0}}