{"host":"lf1yj6sxagf80nuh","time":1613133536,"event":{"mods":["BaseMod","Colored Map","Colored Powertips","DeckTracker","Hermit","Highlight Path","Lobotomy","Minty Spire (QoL Compilation)","Quick Restart","StSLib","The Animator"],"gold_per_floor":[360,360,230,240,70,96,154,165,165,165,175,200,125,143,143,247,247,265,279,295,314,334,369,369,403,481,501,35,62,81,6,6,108,108,124,124,174,17,17,47,47,0,0,0,17,34,47,47,47,47],"floor_reached":51,"language":"ENG","playtime":3053,"items_purged":["hermit:Strike_Hermit"],"score":772,"play_id":"8ae70ba5-37bf-41f1-9fbb-5052fc753498","local_time":"20210212093856","is_ascension_mode":false,"campfire_choices":[{"data":"hermit:HighCaliber","floor":10.0,"key":"SMITH"},{"data":"hermit:Determination","floor":15.0,"key":"SMITH"},{"floor":24.0,"key":"REST"},{"floor":32.0,"key":"REST"},{"floor":41,"key":"REST"},{"data":"hermit:Defend_Hermit","floor":44,"key":"PURGE"},{"floor":49,"key":"REST"}],"circlet_count":0,"master_deck":["hermit:Strike_Hermit","hermit:Strike_Hermit","hermit:Defend_Hermit","hermit:Defend_Hermit","hermit:Defend_Hermit","hermit:Snapshot","hermit:Covet","animator:Curse_Nutcracker","hermit:Enervate","Dramatic Entrance","hermit:Misfire","hermit:FinalCanter","hermit:HighCaliber+1","hermit:ItchyTrigger","hermit:Quickdraw+1","hermit:BlackWind+1","hermit:Determination+1","hermit:Cheat","hermit:Roughhouse+1","hermit:WideOpen+1","hermit:Horror+1","hermit:SprayPray+1","hermit:ShadowCloak","hermit:Combo","hermit:CalledShot+1","hermit:ShadowCloak+1","hermit:OverwhelmingPower","hermit:Desperado+1","hermit:Scavenge","Madness","hermit:Maintenance+1","hermit:EyeOfTheStorm","hermit:Manifest+1"],"relics":["hermit:Momento","HandDrill","FossilizedHelix","Centennial Puzzle","Molten Egg 2","Gambling Chip","Fusion Hammer","Ornamental Fan","Happy Flower","Mummified Hand","Medical Kit","Dream Catcher","Gremlin Horn","Runic Pyramid","Peace Pipe","Toolbox","Darkstone Periapt","Red Mask","Bottled Tornado"],"acts_visited":["Exordium","TheCity","TheBeyond"],"potions_floor_usage":[37,40,50,50],"damage_taken":[{"damage":5.0,"enemies":"Small Slimes","floor":1.0,"turns":3.0},{"damage":1.0,"enemies":"Cultist","floor":4.0,"turns":3.0},{"damage":21.0,"enemies":"Gremlin Nob","floor":6.0,"turns":4.0},{"damage":8.0,"enemies":"Gremlin Nob","floor":7.0,"turns":3.0},{"damage":0.0,"enemies":"Jaw Worm","floor":8.0,"turns":2.0},{"damage":0.0,"enemies":"Exordium Wildlife","floor":11.0,"turns":2.0},{"damage":4.0,"enemies":"3 Sentries","floor":12.0,"turns":5.0},{"damage":0.0,"enemies":"3 Louse","floor":14.0,"turns":2.0},{"damage":30.0,"enemies":"The Guardian","floor":16.0,"turns":9.0},{"damage":0.0,"enemies":"Shell Parasite","floor":18.0,"turns":4.0},{"damage":5.0,"enemies":"2 Thieves","floor":19.0,"turns":3.0},{"damage":0.0,"enemies":"Snake Plant","floor":20.0,"turns":2.0},{"damage":5.0,"enemies":"Snecko","floor":21.0,"turns":5.0},{"damage":22.0,"enemies":"Shelled Parasite and Fungi","floor":22.0,"turns":3.0},{"damage":18.0,"enemies":"Gremlin Leader","floor":23.0,"turns":4.0},{"damage":16.0,"enemies":"Slavers","floor":25.0,"turns":3.0},{"damage":0.0,"enemies":"Snake Plant","floor":27.0,"turns":3.0},{"damage":0.0,"enemies":"Gremlin Leader","floor":29.0,"turns":5.0},{"damage":0.0,"enemies":"Centurion and Healer","floor":30.0,"turns":3.0},{"damage":26.0,"enemies":"Automaton","floor":33.0,"turns":8.0},{"damage":7,"enemies":"3 Shapes","floor":35,"turns":3},{"damage":4,"enemies":"Mind Bloom Boss Battle","floor":37,"turns":5},{"damage":13,"enemies":"Reptomancer","floor":40,"turns":5},{"damage":3,"enemies":"Orb Walker","floor":45,"turns":3},{"damage":6,"enemies":"Maw","floor":46,"turns":5},{"damage":0,"enemies":"Writhing Mass","floor":47,"turns":2},{"damage":29,"enemies":"Time Eater","floor":50,"turns":9}],"seed_played":"-676680747614241094","potions_obtained":[{"floor":1.0,"key":"Dexterity Potion"},{"floor":2.0,"key":"ColorlessPotion"},{"floor":2.0,"key":"Energy Potion"},{"floor":4.0,"key":"PowerPotion"},{"floor":12.0,"key":"Dexterity Potion"},{"floor":16.0,"key":"Explosive Potion"},{"floor":20.0,"key":"AttackPotion"},{"floor":22.0,"key":"Fire Potion"},{"floor":25.0,"key":"Block Potion"},{"floor":27.0,"key":"LiquidBronze"},{"floor":37,"key":"Ancient Potion"},{"floor":45,"key":"Strength Potion"}],"is_trial":false,"path_per_floor":["M","?","$","M","$","E","?","M","T","R","M","E","$","M","R","B",null,"M","M","M","M","M","E","R","E","T","M","$","E","M","?","R","B",null,"M","?","?","$","?","E","R","?","T","R","M","M","M","?","R","B",null],"character_chosen":"HERMIT","items_purchased":["hermit:ShadowCloak","Dramatic Entrance","HandDrill","hermit:Misfire","hermit:Determination","hermit:Combo","hermit:CalledShot+1","Medical Kit","Dream Catcher","Toolbox"],"campfire_rested":4,"item_purchase_floors":[3,3,5,5,13,28,28,28,28,38],"current_hp_per_floor":[70,70,70,69,69,48,40,40,40,40,40,36,36,36,36,6,75,75,70,70,65,43,25,47,31,31,31,31,31,31,31,53,27,75,68,68,64,64,64,51,73,73,73,73,70,64,64,64,75,46],"gold":47,"neow_bonus":"TWO_FIFTY_GOLD","is_daily":false,"chose_seed":false,"campfire_upgraded":2,"win_rate":0.0,"timestamp":1613133536,"path_taken":["M","?","?","M","$","E","?","M","T","R","M","E","$","?","R","BOSS","M","M","M","M","M","E","R","E","T","M","$","E","M","?","R","BOSS","M","?","?","$","?","E","R","?","T","R","M","M","?","?","R","BOSS"],"items_purchased_type":["Card","Card","Relic","Card","Card","Card","Card","Relic","Relic","Relic"],"build_version":"2020-12-22","purchased_purges":1,"victory":true,"max_hp_per_floor":[75,75,75,75,75,75,75,75,75,75,75,75,75,75,75,75,75,75,75,75,75,75,75,75,75,75,75,75,75,75,75,75,75,75,75,75,75,75,75,75,75,75,75,75,75,75,75,75,75,75],"card_choices":[{"not_picked":["hermit:BodyArmor","hermit:CalledShot"],"picked":"hermit:Enervate","floor":1.0},{"not_picked":["hermit:CalledShot","hermit:Glare","hermit:Dive"],"picked":"SKIP","floor":4.0},{"not_picked":["hermit:WideOpen","hermit:Misfire"],"picked":"hermit:FinalCanter","floor":6.0},{"not_picked":["hermit:Coalescence","hermit:Glare"],"picked":"hermit:HighCaliber","floor":7.0},{"not_picked":["hermit:BodyArmor","hermit:Dive"],"picked":"hermit:ItchyTrigger","floor":8.0},{"not_picked":["hermit:Malice+1","hermit:LowProfile"],"picked":"hermit:Quickdraw+1","floor":11.0},{"not_picked":["hermit:LowProfile","hermit:Malice+1"],"picked":"hermit:BlackWind+1","floor":12.0},{"not_picked":["hermit:Misfire+1","hermit:LowProfile"],"picked":"hermit:Cheat","floor":14.0},{"not_picked":["hermit:HeroicBravado","hermit:RoundhouseKick+1"],"picked":"hermit:Roughhouse+1","floor":16.0},{"not_picked":["hermit:Quickdraw+1","hermit:Glare"],"picked":"hermit:WideOpen+1","floor":18.0},{"not_picked":["hermit:Misfire+1","hermit:BigShot","hermit:WideOpen+1"],"picked":"SKIP","floor":19.0},{"not_picked":["hermit:NoHoldsBarred+1","hermit:CalledShot+1"],"picked":"hermit:Horror+1","floor":20.0},{"not_picked":["hermit:Determination","hermit:DeadOrAlive+1"],"picked":"hermit:SprayPray+1","floor":21.0},{"not_picked":["hermit:Coalescence","hermit:BodyArmor"],"picked":"hermit:ShadowCloak","floor":22.0},{"not_picked":["hermit:Glare","hermit:Dive","hermit:TrackingShot+1"],"picked":"SKIP","floor":23.0},{"not_picked":["hermit:Purgatory+1","hermit:BigShot","hermit:WideOpen+1"],"picked":"SKIP","floor":25.0},{"not_picked":["hermit:Quickdraw+1","hermit:Feint","hermit:Enervate+1"],"picked":"SKIP","floor":27.0},{"not_picked":["hermit:Gambit","hermit:Snipe+1"],"picked":"hermit:ShadowCloak+1","floor":29.0},{"not_picked":["hermit:Misfire+1","hermit:HoleUp+1","hermit:Shortfuse+1"],"picked":"SKIP","floor":30.0},{"not_picked":["hermit:TakeCover","hermit:Dive"],"picked":"hermit:OverwhelmingPower","floor":32.0},{"not_picked":["hermit:Virtue","hermit:Coalescence+1"],"picked":"hermit:Desperado+1","floor":35},{"not_picked":["hermit:Enervate+1","hermit:ItchyTrigger+1"],"picked":"hermit:Scavenge","floor":37},{"not_picked":["PanicButton","Transmutation"],"picked":"Madness","floor":39},{"not_picked":["hermit:Manifest+1","hermit:FlashPowder"],"picked":"hermit:Maintenance+1","floor":40},{"not_picked":["hermit:Quickdraw+1","hermit:Manifest","hermit:EternalForm"],"picked":"SKIP","floor":45},{"not_picked":["hermit:Maintenance","hermit:LuckOfTheDraw","hermit:Manifest"],"picked":"SKIP","floor":46},{"not_picked":["hermit:Grudge+1","hermit:GoldenBullet+1"],"picked":"hermit:EyeOfTheStorm","floor":47},{"not_picked":["hermit:ItchyTrigger+1","hermit:Maintenance"],"picked":"hermit:Manifest+1","floor":49}],"player_experience":506088,"relics_obtained":[{"floor":6.0,"key":"FossilizedHelix"},{"floor":7.0,"key":"Centennial Puzzle"},{"floor":9.0,"key":"Molten Egg 2"},{"floor":12.0,"key":"Gambling Chip"},{"floor":23.0,"key":"Ornamental Fan"},{"floor":25.0,"key":"Happy Flower"},{"floor":26.0,"key":"Mummified Hand"},{"floor":29.0,"key":"Gremlin Horn"},{"floor":37,"key":"Peace Pipe"},{"floor":40,"key":"Darkstone Periapt"},{"floor":43,"key":"Bottled Tornado"}],"event_choices":[{"damage_healed":0.0,"max_hp_gain":0.0,"max_hp_loss":0.0,"gold_gain":0.0,"event_name":"Lab","player_choice":"Got Potions","floor":2.0,"gold_loss":0.0,"damage_taken":0.0},{"damage_healed":0.0,"max_hp_gain":0.0,"max_hp_loss":0.0,"gold_gain":0.0,"event_name":"Dead Adventurer","player_choice":"Searched \u00271\u0027 times","floor":7.0,"gold_loss":0.0,"damage_taken":0.0},{"cards_removed":["hermit:ShadowCloak"],"damage_healed":0.0,"max_hp_gain":0.0,"max_hp_loss":0.0,"gold_gain":0.0,"event_name":"Beggar","player_choice":"Gave Gold","floor":31.0,"gold_loss":75.0,"damage_taken":0.0},{"damage_healed":0,"gold_gain":0,"player_choice":"Ignored","damage_taken":0,"max_hp_gain":0,"max_hp_loss":0,"event_name":"Mysterious Sphere","floor":36,"gold_loss":0},{"damage_healed":0,"gold_gain":0,"player_choice":"Fight","damage_taken":0,"max_hp_gain":0,"max_hp_loss":0,"event_name":"MindBloom","floor":37,"gold_loss":0},{"damage_healed":0,"gold_gain":0,"player_choice":"Memory 1","damage_taken":0,"max_hp_gain":0,"max_hp_loss":0,"event_name":"SensoryStone","floor":39,"gold_loss":0},{"damage_healed":0,"gold_gain":0,"player_choice":"Paid","damage_taken":0,"relics_obtained":["Red Mask"],"max_hp_gain":0,"max_hp_loss":0,"event_name":"Tomb of Lord Red Mask","floor":42,"gold_loss":47},{"cards_removed":["hermit:Strike_Hermit"],"damage_healed":0,"gold_gain":0,"player_choice":"Removed Attack","damage_taken":0,"max_hp_gain":0,"max_hp_loss":0,"event_name":"Falling","floor":48,"gold_loss":0}],"is_beta":false,"boss_relics":[{"not_picked":["SlaversCollar","hermit:ClaspedLocket"],"picked":"Fusion Hammer"},{"not_picked":["hermit:DentedPlate","Velvet Choker"],"picked":"Runic Pyramid"}],"items_purged_floors":[28],"is_endless":false,"potions_floor_spawned":[1,4,12,16,20,22,25,27,33,37,45],"ascension_level":0}}