{"host":"3e3mwsgb9gfqiuxm","time":1613169908,"event":{"mods":["Act Like it!","BaseMod","Colored Map","Colored Powertips","Downfall","Gensokyo","Hermit","Hubris","Infinite Spire","Jorbs\u0027s Wanderer Trilogy","Koishi","Marisa????????","Minty Spire (QoL Compilation)","Quick Restart","Rare Cards Sparkle","Reimu??????","Remilia??????","Replay The Spire","Shop Mod","StSLib","SuperFastMode","Td1madao Mod","The Animator","The Bug Knight","The Cursed","The Hierophant","The Servant 0.9.4","everything is the same but u backflip on backflip","slay the spire mod where everything is the same but ironclad has a cowboy hat"],"gold_per_floor":[110,24,77,77,93,128,128,159,159,159,159,201,201,229,229,229,229],"floor_reached":16,"language":"ENG","playtime":365,"items_purged":[],"score":163,"play_id":"c0a035d1-2033-49e8-8c54-172b366cde84","local_time":"20210212174508","is_ascension_mode":true,"campfire_choices":[{"data":"MagicChant","floor":7,"key":"SMITH"},{"data":"IllusionStar","floor":10,"key":"SMITH"},{"floor":15,"key":"DIG"}],"circlet_count":0,"master_deck":["Strike_MRS","Strike_MRS","Strike_MRS","Strike_MRS+1","Defend_MRS","Defend_MRS","Defend_MRS+1","Defend_MRS+1","MasterSpark","UpSweep+1","IllusionStar+1","Gensokyo:TarnishedGold","Gensokyo:RustyChest","Clumsy","AsteroidBelt","MagicChant+1","SuperPerseids","DragonMeteor","WitchOfGreed"],"relics":["MiniHakkero","NeowsBlessing","War Paint","Gensokyo:NagashiBinaDoll","White Beast Statue","Smiling Mask","CeramicFish","Mango","Whetstone","Gensokyo:YoukaiFlower","MealTicket"],"acts_visited":["Gensokyo:Gensokyo"],"potions_floor_usage":[8,12,16],"damage_taken":[{"damage":0,"enemies":"Gensokyo:3_Fairies","floor":1,"turns":1},{"damage":0,"enemies":"Gensokyo:Python","floor":5,"turns":1},{"damage":0,"enemies":"Gensokyo:Aya","floor":6,"turns":1},{"damage":11,"enemies":"Gensokyo:Mamizou","floor":8,"turns":9},{"damage":26,"enemies":"Gensokyo:Cirno","floor":12,"turns":9},{"damage":0,"enemies":"Gensokyo:2_Kodama","floor":14,"turns":2},{"damage":31,"enemies":"Gensokyo:Yukari","floor":16,"turns":2}],"seed_played":"-2549565039870833996","potions_obtained":[{"floor":1,"key":"Elixir"},{"floor":6,"key":"Weak Potion"},{"floor":8,"key":"Strength Potion"},{"floor":12,"key":"PowerPotion"},{"floor":14,"key":"Fire Potion"}],"is_trial":false,"path_per_floor":["M","COS","T","?","M","E","R","E","T","R","?","E","?","M","R_BF","B"],"character_chosen":"MARISA","items_purchased":[],"campfire_rested":0,"item_purchase_floors":[],"current_hp_per_floor":[75,75,75,75,75,75,75,64,64,64,57,31,31,31,31,0,0],"gold":229,"neow_bonus":"THREE_ENEMY_KILL","is_daily":false,"chose_seed":false,"campfire_upgraded":2,"win_rate":0.0,"timestamp":1613169908,"path_taken":["M","COS","?","?","?","E","R","E","T","R","?","E","?","M","R_BF","BOSS"],"items_purchased_type":[],"build_version":"2020-12-22","purchased_purges":0,"victory":false,"max_hp_per_floor":[75,75,75,75,75,75,75,75,75,75,89,89,89,89,89,89,89],"card_choices":[{"not_picked":["LuminesStrike","PropBag"],"picked":"IllusionStar","floor":1},{"not_picked":["OneTimeOff","PowerUp"],"picked":"AsteroidBelt","floor":5},{"not_picked":["Robbery","DoubleSpark"],"picked":"MagicChant","floor":6},{"not_picked":["PowerUp+1","DoubleSpark+1"],"picked":"GrandCross+1","floor":8},{"not_picked":["DarkMatter","DoubleSpark"],"picked":"SuperPerseids","floor":8},{"not_picked":["ChargeUpSpray","MilkyWay"],"picked":"DragonMeteor","floor":12},{"not_picked":["BlazingStar","GalacticHalo"],"picked":"WitchOfGreed","floor":14}],"player_experience":1373709,"relics_obtained":[{"floor":3,"key":"War Paint"},{"floor":6,"key":"White Beast Statue"},{"floor":8,"key":"Smiling Mask"},{"floor":9,"key":"CeramicFish"},{"floor":12,"key":"Whetstone"},{"floor":15,"key":"MealTicket"}],"event_choices":[],"is_beta":false,"boss_relics":[],"items_purged_floors":[],"is_endless":false,"potions_floor_spawned":[1,6,8,12,14],"killed_by":"Gensokyo:Yukari","ascension_level":4}}