{"host":"s24sb66hw4a4sfft","time":1613099919,"event":{"mods":["AchievementEnabler","BaseMod","Colored Map","Colored Powertips","Googly Eyes","Hermit","Hubris","Minty Spire (QoL Compilation)","Quick Restart","Shop Mod","StSLib"],"gold_per_floor":[115,133,152,152,152,152,196,215,240,276,241,266,441,142,142,233,233,254,254,254,254],"floor_reached":20,"language":"ENG","playtime":844,"items_purged":["Doubt"],"score":309,"play_id":"31b317e1-f2e2-4360-a44f-b5651f9993ad","local_time":"20210211221839","is_ascension_mode":true,"campfire_choices":[{"data":"Flash of Steel","floor":6.0,"key":"SMITH"},{"floor":15.0,"key":"REST"}],"circlet_count":0,"master_deck":["AscendersBane","Strike_G","Strike_G","Strike_G","Strike_G","Strike_G","Defend_G","Defend_G","Defend_G","Defend_G","Defend_G","Survivor","Neutralize","Flash of Steel+1","Blade Dance+1","Slice","Quick Slash","Injury","Venomology","Poisoned Stab","Backstab","Slice","Masterful Stab","Adrenaline","Slice+1"],"relics":["Ring of the Snake","Golden Idol","Bronze Scales","Juzu Bracelet","Art of War","Snake Skull","SlaversCollar","hubris:BottledHeart"],"acts_visited":["Exordium","TheCity"],"potions_floor_usage":[16,18],"damage_taken":[{"damage":1.0,"enemies":"2 Louse","floor":1.0,"turns":3.0},{"damage":4.0,"enemies":"Jaw Worm","floor":2.0,"turns":4.0},{"damage":0.0,"enemies":"Small Slimes","floor":3.0,"turns":3.0},{"damage":35.0,"enemies":"Gremlin Nob","floor":7.0,"turns":5.0},{"damage":3.0,"enemies":"2 Fungi Beasts","floor":8.0,"turns":3.0},{"damage":10.0,"enemies":"Lagavulin","floor":10.0,"turns":4.0},{"damage":7.0,"enemies":"Large Slime","floor":12.0,"turns":5.0},{"damage":33,"enemies":"Hexaghost","floor":16,"turns":8},{"damage":27,"enemies":"Shell Parasite","floor":18,"turns":6}],"seed_played":"7629148436273698306","potions_obtained":[{"floor":2.0,"key":"LiquidBronze"},{"floor":7.0,"key":"Strength Potion"},{"floor":8.0,"key":"Energy Potion"}],"is_trial":false,"path_per_floor":["M","M","M","?","?","R","E","M","T","E","?","M","?","$","R","B",null,"M","?","?"],"character_chosen":"THE_SILENT","items_purchased":["Snake Skull","Masterful Stab"],"campfire_rested":1,"item_purchase_floors":[14,14],"current_hp_per_floor":[58,54,54,54,54,54,19,16,16,6,22,15,15,15,34,1,50,23,1,0,0],"gold":254,"neow_bonus":"RANDOM_COLORLESS","is_daily":false,"chose_seed":false,"campfire_upgraded":1,"win_rate":0.0,"timestamp":1613099919,"path_taken":["M","M","M","?","?","R","E","M","T","E","?","M","?","$","R","BOSS","M","?","?"],"items_purchased_type":["Relic","Card"],"build_version":"2020-12-22","purchased_purges":1,"victory":false,"max_hp_per_floor":[66,66,66,66,66,66,66,66,66,66,66,66,66,66,66,66,66,66,1,1,1],"card_choices":[{"not_picked":["Purity","hubris:Insight"],"picked":"Flash of Steel","floor":0.0},{"not_picked":["Slice","Crippling Poison"],"picked":"Blade Dance","floor":1.0},{"not_picked":["Leg Sweep","Choke"],"picked":"Slice","floor":2.0},{"not_picked":["hubris:TrickCloak","Predator"],"picked":"Quick Slash","floor":3.0},{"not_picked":["Dodge and Roll","Outmaneuver"],"picked":"Venomology","floor":7.0},{"not_picked":["Sucker Punch","PiercingWail"],"picked":"Poisoned Stab","floor":8.0},{"not_picked":["Dagger Spray","Bane"],"picked":"Backstab","floor":10.0},{"not_picked":["Dodge and Roll","Heel Hook"],"picked":"Slice","floor":12.0},{"not_picked":["Night Terror","Malaise"],"picked":"Adrenaline","floor":16},{"not_picked":["Cloak And Dagger","Deadly Poison"],"picked":"Slice+1","floor":18}],"player_experience":611675,"relics_obtained":[{"floor":7.0,"key":"Bronze Scales"},{"floor":9.0,"key":"Juzu Bracelet"},{"floor":10.0,"key":"Art of War"}],"event_choices":[{"damage_healed":0.0,"max_hp_gain":0.0,"max_hp_loss":0.0,"gold_gain":0.0,"event_name":"Golden Idol","player_choice":"Take Wound","floor":4.0,"gold_loss":0.0,"damage_taken":0.0,"relics_obtained":["Golden Idol"],"cards_obtained":["Injury"]},{"damage_healed":16.0,"max_hp_gain":0.0,"max_hp_loss":0.0,"gold_gain":0.0,"event_name":"The Cleric","player_choice":"Healed","floor":11.0,"gold_loss":35.0,"damage_taken":0.0},{"damage_healed":0.0,"max_hp_gain":0.0,"max_hp_loss":0.0,"gold_gain":175.0,"event_name":"Liars Game","player_choice":"AGREE","floor":13.0,"gold_loss":0.0,"damage_taken":0.0,"cards_obtained":["Doubt"]}],"is_beta":false,"boss_relics":[{"not_picked":["Coffee Dripper","Fusion Hammer"],"picked":"SlaversCollar"}],"items_purged_floors":[14],"is_endless":false,"potions_floor_spawned":[2,7,8],"ascension_level":14}}