{"host":"rmsq46plbpwfbxcc","time":1613150544,"event":{"mods":["AchievementEnabler","BaseMod","Colored Map","Colored Powertips","DeckTracker","KOR Keyword Fix","Minty Spire (QoL Compilation)","Permanent Neow","Quick Restart","SuperFastMode"],"gold_per_floor":[112,131,131,147,159,159,84,113,137,172,172,185,185,195,195,292,292,312,312,312,324,86,86,98,115,115,315,341,341,369,379,379,478,478,494,274,274,124,142,142,157,185,185,196,196,196,212,244,244,244],"floor_reached":51,"language":"KOR","playtime":1564,"items_purged":["Defend_G","Concentrate","Defend_G","Strike_G"],"score":971,"play_id":"ec50566f-6374-40fb-99e3-016efadb6a5f","local_time":"20210213022224","is_ascension_mode":true,"campfire_choices":[{"data":"Blade Dance","floor":6,"key":"SMITH"},{"data":"Cloak And Dagger","floor":11,"key":"SMITH"},{"data":"Well Laid Plans","floor":13,"key":"SMITH"},{"data":"Neutralize","floor":15,"key":"SMITH"},{"data":"After Image","floor":23,"key":"SMITH"},{"data":"Phantasmal Killer","floor":29,"key":"SMITH"},{"data":"Masterful Stab","floor":32,"key":"SMITH"},{"data":"Envenom","floor":40,"key":"SMITH"},{"data":"Trip","floor":46,"key":"SMITH"},{"data":"Bane","floor":49,"key":"SMITH"}],"circlet_count":0,"master_deck":["Strike_G","Defend_G","Defend_G+1","Survivor","Neutralize+1","Backflip+1","Blade Dance+1","Cloak And Dagger+1","Well Laid Plans+1","Phantasmal Killer+1","Bane+1","Acrobatics","After Image+1","Escape Plan+1","Masterful Stab+1","Envenom+1","Trip+1","PiercingWail+1","Tactician"],"relics":["WristBlade","Akabeko","War Paint","Centennial Puzzle","HornCleat","Empty Cage","Eternal Feather","StrikeDummy","Regal Pillow","Philosopher\u0027s Stone","CeramicFish","White Beast Statue","Art of War"],"acts_visited":["Exordium","TheCity","TheBeyond"],"potions_floor_usage":[10,18,25,33,39,44,47,48,50,50,50],"damage_taken":[{"damage":2,"enemies":"Small Slimes","floor":1,"turns":4},{"damage":0,"enemies":"Jaw Worm","floor":2,"turns":4},{"damage":0,"enemies":"2 Louse","floor":4,"turns":2},{"damage":4,"enemies":"Gremlin Gang","floor":5,"turns":4},{"damage":8,"enemies":"3 Sentries","floor":8,"turns":5},{"damage":8,"enemies":"Gremlin Nob","floor":10,"turns":4},{"damage":1,"enemies":"Blue Slaver","floor":12,"turns":2},{"damage":0,"enemies":"2 Fungi Beasts","floor":14,"turns":1},{"damage":1,"enemies":"Hexaghost","floor":16,"turns":8},{"damage":0,"enemies":"2 Thieves","floor":18,"turns":3},{"damage":7,"enemies":"3 Byrds","floor":21,"turns":4},{"damage":0,"enemies":"Snecko","floor":24,"turns":5},{"damage":0,"enemies":"3 Cultists","floor":25,"turns":2},{"damage":0,"enemies":"Gremlin Leader","floor":28,"turns":5},{"damage":2,"enemies":"Slavers","floor":30,"turns":3},{"damage":3,"enemies":"Snake Plant","floor":31,"turns":3},{"damage":18,"enemies":"Champ","floor":33,"turns":6},{"damage":0,"enemies":"Orb Walker","floor":35,"turns":2},{"damage":10,"enemies":"3 Darklings","floor":39,"turns":3},{"damage":0,"enemies":"Sphere and 2 Shapes","floor":41,"turns":4},{"damage":0,"enemies":"Reptomancer","floor":42,"turns":6},{"damage":0,"enemies":"Jaw Worm Horde","floor":44,"turns":3},{"damage":0,"enemies":"Spire Growth","floor":47,"turns":3},{"damage":0,"enemies":"Nemesis","floor":48,"turns":5},{"damage":52,"enemies":"Time Eater","floor":50,"turns":11}],"seed_played":"-5734209021771115137","potions_obtained":[{"floor":1,"key":"Dexterity Potion"},{"floor":2,"key":"SkillPotion"},{"floor":14,"key":"Block Potion"},{"floor":21,"key":"PowerPotion"},{"floor":24,"key":"AttackPotion"},{"floor":30,"key":"Regen Potion"},{"floor":33,"key":"PowerPotion"},{"floor":35,"key":"SteroidPotion"},{"floor":39,"key":"Poison Potion"},{"floor":44,"key":"ColorlessPotion"},{"floor":47,"key":"Regen Potion"},{"floor":48,"key":"FearPotion"}],"is_trial":false,"path_per_floor":["M","M","?","M","M","R","$","E","T","E","R","M","R","M","R","B",null,"M","?","?","M","$","R","M","M","T","?","E","R","E","M","R","B",null,"M","$","?","$","M","R","M","E","T","M","?","R","M","E","R","B",null],"character_chosen":"THE_SILENT","items_purchased":["After Image","Trip"],"campfire_rested":0,"item_purchase_floors":[22,36],"current_hp_per_floor":[68,68,65,65,61,61,61,53,53,45,45,44,44,44,44,43,70,70,70,70,63,63,63,63,63,63,63,63,70,68,65,70,52,70,70,70,66,66,56,65,65,65,65,66,66,66,66,66,66,29],"gold":244,"neow_bonus":"BOSS_RELIC","is_daily":false,"chose_seed":false,"campfire_upgraded":10,"win_rate":0.0,"timestamp":1613150544,"path_taken":["M","M","?","M","M","R","$","E","T","E","R","M","R","M","R","BOSS","M","?","?","M","$","R","M","M","T","?","E","R","E","?","R","BOSS","M","$","?","$","M","R","M","E","T","M","?","R","M","E","R","BOSS"],"items_purchased_type":["Card","Card"],"build_version":"2020-12-22","purchased_purges":4,"victory":true,"max_hp_per_floor":[70,70,70,70,70,70,70,70,70,70,70,70,70,70,70,70,70,70,70,70,70,70,70,70,70,70,70,70,70,70,70,70,70,70,70,70,66,66,66,66,66,66,66,66,66,66,66,66,66,66],"card_choices":[{"not_picked":["All Out Attack","Dodge and Roll"],"picked":"Backflip","floor":1},{"not_picked":["Dash","Outmaneuver","Footwork"],"picked":"SKIP","floor":2},{"not_picked":["Dodge and Roll","Infinite Blades"],"picked":"Blade Dance","floor":4},{"not_picked":["Noxious Fumes","Bane","Deadly Poison"],"picked":"SKIP","floor":5},{"not_picked":["Sucker Punch","Underhanded Strike"],"picked":"Cloak And Dagger","floor":8},{"not_picked":["A Thousand Cuts","Dagger Spray"],"picked":"Well Laid Plans","floor":10},{"not_picked":["Poisoned Stab","Dagger Throw","Deflect"],"picked":"SKIP","floor":12},{"not_picked":["Setup","Slice","Deadly Poison"],"picked":"SKIP","floor":14},{"not_picked":["Die Die Die","Unload"],"picked":"Phantasmal Killer","floor":16},{"not_picked":["Dodge and Roll","Expertise","Sucker Punch"],"picked":"SKIP","floor":18},{"not_picked":["Flying Knee+1","Quick Slash"],"picked":"Acrobatics","floor":21},{"not_picked":["Crippling Poison","Dagger Throw+1"],"picked":"Escape Plan+1","floor":24},{"not_picked":["Reflex","Dodge and Roll"],"picked":"Masterful Stab","floor":25},{"not_picked":["Backflip","Predator","Leg Sweep"],"picked":"SKIP","floor":28},{"not_picked":["Acrobatics+1","Well Laid Plans","Tools of the Trade"],"picked":"SKIP","floor":30},{"not_picked":["Dagger Throw","Dodge and Roll","Quick Slash+1"],"picked":"SKIP","floor":31},{"not_picked":["Burst","After Image"],"picked":"Envenom","floor":33},{"not_picked":["Prepared+1","Deflect","Flechettes"],"picked":"SKIP","floor":35},{"not_picked":["Dodge and Roll","Outmaneuver+1"],"picked":"PiercingWail+1","floor":39},{"not_picked":["Endless Agony+1","Deflect"],"picked":"Tactician","floor":41},{"not_picked":["Deadly Poison","Sucker Punch","Quick Slash+1"],"picked":"SKIP","floor":42},{"not_picked":["Quick Slash","Deadly Poison+1","Prepared"],"picked":"SKIP","floor":44},{"not_picked":["Underhanded Strike","Dodge and Roll","Quick Slash+1"],"picked":"SKIP","floor":47},{"not_picked":["Heel Hook","Blade Dance","Concentrate+1"],"picked":"SKIP","floor":48}],"player_experience":631555,"relics_obtained":[{"floor":8,"key":"War Paint"},{"floor":9,"key":"Centennial Puzzle"},{"floor":10,"key":"HornCleat"},{"floor":26,"key":"Eternal Feather"},{"floor":28,"key":"StrikeDummy"},{"floor":30,"key":"Regal Pillow"},{"floor":42,"key":"CeramicFish"},{"floor":43,"key":"White Beast Statue"},{"floor":48,"key":"Art of War"}],"event_choices":[{"damage_healed":0,"gold_gain":0,"player_choice":"Success","damage_taken":3,"relics_obtained":["Akabeko"],"max_hp_gain":0,"max_hp_loss":0,"event_name":"Scrap Ooze","floor":3,"gold_loss":0},{"damage_healed":0,"gold_gain":0,"player_choice":"Ignored","damage_taken":0,"max_hp_gain":0,"max_hp_loss":0,"event_name":"Ghosts","floor":19,"gold_loss":0},{"damage_healed":0,"gold_gain":0,"cards_transformed":["Strike_G","Strike_G"],"player_choice":"Became Test Subject","damage_taken":0,"max_hp_gain":0,"max_hp_loss":0,"event_name":"Drug Dealer","floor":20,"gold_loss":0,"cards_obtained":["Concentrate","Bane"]},{"damage_healed":0,"gold_gain":200,"player_choice":"Gold","damage_taken":0,"max_hp_gain":0,"max_hp_loss":0,"event_name":"Wheel of Change","floor":27,"gold_loss":0},{"damage_healed":0,"gold_gain":0,"player_choice":"Max HP","damage_taken":0,"max_hp_gain":0,"max_hp_loss":4,"event_name":"Winding Halls","floor":37,"gold_loss":0},{"damage_healed":0,"gold_gain":0,"player_choice":"Ignored","damage_taken":0,"max_hp_gain":0,"max_hp_loss":0,"event_name":"Tomb of Lord Red Mask","floor":45,"gold_loss":0}],"is_beta":false,"boss_relics":[{"not_picked":["Fusion Hammer","Busted Crown"],"picked":"Empty Cage"},{"not_picked":["SlaversCollar","Astrolabe"],"picked":"Philosopher\u0027s Stone"}],"items_purged_floors":[7,22,36,38],"is_endless":false,"potions_floor_spawned":[1,2,14,21,24,30,33,35,39,44,47,48],"ascension_level":1}}