{"host":"fnndj664xgd3vavt","time":1613157072,"event":{"mods":["AchievementEnabler","BaseMod","Colored Powertips","DeckTracker","Downfall","Highlight Path","Infinite Spire","Marisa????????","Minty Spire (QoL Compilation)","Quick Restart","Random Character Button","Replay The Spire","StSLib","The Servant 0.9.4"],"gold_per_floor":[99,110,124,142,157,57,57,70,170,186,361,389,438,454,474,474,474,474],"floor_reached":16,"language":"ENG","playtime":647,"items_purged":[],"score":106,"play_id":"c35d6bc0-eaf3-406e-8d0b-145eb6f8dc55","local_time":"20210212141112","is_ascension_mode":false,"campfire_choices":[{"floor":1,"key":"RECALL"},{"data":"hexamod:Float","floor":6,"key":"SMITH"}],"circlet_count":0,"master_deck":["hexamod:Strike","hexamod:Strike","hexamod:Strike","hexamod:Strike","hexamod:Defend","hexamod:Defend","hexamod:Defend","hexamod:Defend","hexamod:Sear","hexamod:Float+1","hexamod:PowerFromBeyond","hexamod:HauntingEcho","hexamod:ChargedBarrage","hexamod:EmpoweredFlame","Doubt","hexamod:WildfireWeapon"],"relics":["hexamod:SpiritBrand","Strawberry","downfall:HeartBlessingRed","StrikeDummy","Bird Faced Urn","ReplayTheSpireMod:Lightbulb"],"acts_visited":["Exordium"],"potions_floor_usage":[16],"damage_taken":[{"damage":0,"enemies":"Cultist","floor":2,"turns":3},{"damage":1,"enemies":"Jaw Worm","floor":3,"turns":3},{"damage":0,"enemies":"2 Louse","floor":4,"turns":2},{"damage":0,"enemies":"Blue Slaver","floor":5,"turns":3},{"damage":0,"enemies":"3 Louse","floor":8,"turns":3},{"damage":0,"enemies":"Lots of Slimes","floor":10,"turns":4},{"damage":15,"enemies":"3 Sentries","floor":12,"turns":7},{"damage":7,"enemies":"2 Fungi Beasts","floor":14,"turns":4},{"damage":15,"enemies":"3 Louse","floor":15,"turns":3},{"damage":58,"enemies":"WA_ARCHETYPE_RETAIN","floor":16,"turns":6}],"seed_played":"-5935405953483376805","potions_obtained":[{"floor":5,"key":"champ:CounterPotion"},{"floor":8,"key":"Weak Potion"},{"floor":12,"key":"PowerPotion"}],"is_trial":false,"path_per_floor":["R","M","M","M","M","R","T","M","?","M","?","E","T","M","M","B"],"character_chosen":"THE_SPIRIT","items_purchased":[],"campfire_rested":0,"item_purchase_floors":[],"current_hp_per_floor":[77,77,76,76,76,76,76,76,76,76,76,61,61,56,45,0,0,0],"gold":474,"neow_bonus":"RANDOM_COMMON_RELIC","is_daily":false,"chose_seed":false,"campfire_upgraded":1,"win_rate":0.0,"timestamp":1613157072,"path_taken":["R","M","M","?","M","R","T","M","?","M","?","E","?","M","M","BOSS"],"items_purchased_type":[],"build_version":"2020-12-22","purchased_purges":0,"victory":false,"max_hp_per_floor":[77,77,77,77,77,77,77,77,77,77,77,77,77,77,77,77,77,77],"card_choices":[{"not_picked":["hexamod:Firestarter","hexamod:FastForward"],"picked":"hexamod:PowerFromBeyond","floor":2},{"not_picked":["hexamod:SwordOfDarkness","hexamod:GhostflameBarrier","hexamod:AdvancingGuard"],"picked":"SKIP","floor":3},{"not_picked":["hexamod:BacktrackSmack","hexamod:RainOfEmbers"],"picked":"hexamod:HauntingEcho","floor":4},{"not_picked":["hexamod:ThermalTransfer","hexamod:DynamicBlow","hexamod:FastForward"],"picked":"SKIP","floor":5},{"not_picked":["hexamod:SwordOfDarkness","hexamod:NightmareGuise"],"picked":"hexamod:ChargedBarrage","floor":8},{"not_picked":["hexamod:SpectersWail","hexamod:FastForward"],"picked":"hexamod:EmpoweredFlame","floor":10},{"not_picked":["hexamod:EtherealExpedition","hexamod:Haunt","hexamod:HeatShield"],"picked":"SKIP","floor":12},{"not_picked":["hexamod:EmpoweredFlame","hexamod:BurningTouch"],"picked":"hexamod:WildfireWeapon","floor":14},{"not_picked":["hexamod:BacktrackSmack","hexamod:ShieldOfDarkness","hexamod:DynamicBlow"],"picked":"SKIP","floor":15}],"player_experience":310361,"relics_obtained":[{"floor":7,"key":"StrikeDummy"},{"floor":12,"key":"Bird Faced Urn"},{"floor":13,"key":"ReplayTheSpireMod:Lightbulb"}],"event_choices":[],"is_beta":false,"boss_relics":[],"items_purged_floors":[],"is_endless":false,"potions_floor_spawned":[5,8,12],"killed_by":"WA_ARCHETYPE_RETAIN","ascension_level":0}}