{"host":"5inz41fcnifmg6v2","time":1613119461,"event":{"mods":["BaseMod","Downfall","Minty Spire (QoL Compilation)","Reliquary","Replay The Spire","StSLib"],"gold_per_floor":[111,186,40,60,11,43,55,80,80,109,109,37,37,53,53,53,53],"floor_reached":16,"language":"ZHS","playtime":812,"items_purged":[],"score":157,"play_id":"b9d7342d-2849-4204-8bb0-09b71b7dd8bc","local_time":"20210212164421","is_ascension_mode":true,"campfire_choices":[{"floor":13,"key":"REST"},{"floor":15,"key":"RECALL"}],"circlet_count":0,"master_deck":["Strike_R","Strike_R","Strike_R","Strike_R","Strike_R","Defend_R","Defend_R","Defend_R","Defend_R","Bash","Flex","Life Link","Iron Wave+1","Wild Strike","Hemogenesis","ReplayTheSpireMod:Muscle Training","Metallicize","Inflame","Armaments"],"relics":["Burning Blood","NeowsBlessing","Medical Kit","ReplayTheSpireMod:Ninjato","Darkstone Periapt","Regal Pillow"],"acts_visited":["Exordium"],"potions_floor_usage":[10,16,16],"damage_taken":[{"damage":0,"enemies":"Jaw Worm","floor":1,"turns":1},{"damage":0,"enemies":"Cultist","floor":4,"turns":1},{"damage":0,"enemies":"Lagavulin","floor":6,"turns":1},{"damage":13,"enemies":"2 Louse","floor":7,"turns":2},{"damage":26,"enemies":"Gremlin Nob","floor":8,"turns":4},{"damage":37,"enemies":"Lagavulin","floor":10,"turns":4},{"damage":8,"enemies":"Large Slime","floor":14,"turns":6},{"damage":67,"enemies":"Slime Boss","floor":16,"turns":9}],"seed_played":"-723749335684392295","potions_obtained":[{"floor":4,"key":"FearPotion"},{"floor":6,"key":"Elixir"},{"floor":10,"key":"Milkshake"}],"is_trial":false,"path_per_floor":["M","?","$","M","$","E","M","E","T","E","?","$","R","M","R","B"],"character_chosen":"IRONCLAD","items_purchased":["Medical Kit","Iron Wave","Inflame"],"campfire_rested":1,"item_purchase_floors":[3,5,12],"current_hp_per_floor":[80,69,69,75,75,80,73,53,53,22,22,22,61,59,59,0,0],"gold":53,"neow_bonus":"THREE_ENEMY_KILL","is_daily":false,"chose_seed":false,"campfire_upgraded":0,"win_rate":0.0,"timestamp":1613119461,"path_taken":["M","?","$","M","$","E","M","E","T","E","?","?","R","M","R","BOSS"],"items_purchased_type":["Relic","Card","Card"],"build_version":"2020-12-22","purchased_purges":0,"victory":false,"max_hp_per_floor":[80,80,80,80,80,80,80,80,80,80,80,80,80,80,80,80,80],"card_choices":[{"not_picked":["Twin Strike","Seeing Red"],"picked":"Flex","floor":1},{"not_picked":["Heavy Blade","Thunderclap"],"picked":"Life Link","floor":4},{"not_picked":["Warcry","Armaments"],"picked":"Wild Strike","floor":6},{"not_picked":["Metallicize","Twin Strike"],"picked":"Hemogenesis","floor":7},{"not_picked":["Burning Pact","Replay:Undeath\u0027s Touch"],"picked":"ReplayTheSpireMod:Muscle Training","floor":8},{"not_picked":["Abandon","Uppercut"],"picked":"Metallicize","floor":10},{"not_picked":["True Grit","Warcry"],"picked":"Armaments","floor":14}],"player_experience":87741,"relics_obtained":[{"floor":6,"key":"ReplayTheSpireMod:Ninjato"},{"floor":8,"key":"Darkstone Periapt"},{"floor":10,"key":"Regal Pillow"}],"event_choices":[{"damage_healed":0,"gold_gain":75,"player_choice":"Gather Gold","damage_taken":11,"max_hp_gain":0,"max_hp_loss":0,"event_name":"World of Goop","floor":2,"gold_loss":0}],"is_beta":false,"boss_relics":[],"items_purged_floors":[],"is_endless":false,"potions_floor_spawned":[4,6,10],"killed_by":"Slime Boss","ascension_level":2}}