{"host":"qrjxgo49ov8bsko8","time":1613167506,"event":{"mods":["BaseMod","Curses Come First","Downfall","Minty Spire (QoL Compilation)","Relic Stats","StSLib"],"gold_per_floor":[99,114,30,480,19,39,39,39,87,122,133,145,145,155,173,270,270,270,284,284,284,284],"floor_reached":20,"language":"ENG","playtime":1987,"items_purged":[],"score":174,"play_id":"539d43e8-698f-4643-bf06-5d6970b59bdb","local_time":"20210212170506","is_ascension_mode":false,"campfire_choices":[{"data":"bronze:Defend","floor":1.0,"key":"SMITH"},{"data":"downfall:Icky","floor":8.0,"key":"PURGE"},{"floor":13,"key":"REST"},{"data":"bronze:SpaghettiCode","floor":18,"key":"SMITH"}],"circlet_count":0,"master_deck":["bronze:Strike","bronze:Strike","bronze:Strike","bronze:Strike","bronze:Defend","bronze:Defend","bronze:Defend","bronze:Defend+1","bronze:Replicate","bronze:Goto","bronze:FineTuning","bronze:Repair","bronze:Optimize","downfall:Icky","downfall:Icky","bronze:FineTuning","bronze:Repulsor","Finesse","bronze:ClassDefault","bronze:Repair","bronze:ForceShield","bronze:FineTuning","bronze:BuggyMess","bronze:BronzeOrb","bronze:SpaghettiCode+1","bronze:Shield"],"relics":["bronze:BronzeCore","Peace Pipe","Blue Candle","Centennial Puzzle","Strawberry","Sozu"],"acts_visited":["Exordium","TheCity"],"potions_floor_usage":[16],"damage_taken":[{"damage":0.0,"enemies":"Cultist","floor":2.0,"turns":4.0},{"damage":0.0,"enemies":"downfall:FleeingMerchant","floor":3.0,"turns":4.0},{"damage":7.0,"enemies":"downfall:FleeingMerchant","floor":5.0,"turns":4.0},{"damage":7.0,"enemies":"Jaw Worm","floor":6.0,"turns":4.0},{"damage":55.0,"enemies":"Gremlin Nob","floor":10.0,"turns":6.0},{"damage":10,"enemies":"Small Slimes","floor":11,"turns":4},{"damage":25,"enemies":"Exordium Thugs","floor":12,"turns":8},{"damage":16,"enemies":"Exordium Wildlife","floor":14,"turns":7},{"damage":13,"enemies":"Blue Slaver","floor":15,"turns":6},{"damage":50,"enemies":"SI_SHIV_ARCHETYPE","floor":16,"turns":24},{"damage":38,"enemies":"3 Byrds","floor":19,"turns":10},{"damage":89,"enemies":"Cultist and Chosen","floor":20,"turns":10}],"seed_played":"-925005325854237673","potions_obtained":[{"floor":2.0,"key":"SteroidPotion"},{"floor":6.0,"key":"BlessingOfTheForge"},{"floor":11,"key":"SpeedPotion"}],"is_trial":false,"path_per_floor":["R","M","$","?","$","M","T","R","T","E","M","M","R","M","M","B",null,"R","M","M"],"character_chosen":"THE_AUTOMATON","items_purchased":["bronze:Optimize","Peace Pipe","bronze:Repulsor","Finesse"],"campfire_rested":1,"item_purchase_floors":[3,5,5,5],"current_hp_per_floor":[77,77,77,77,70,72,72,72,72,44,51,44,69,69,73,34,84,84,68,0,0,0],"gold":284,"neow_bonus":"TEN_PERCENT_HP_BONUS","is_daily":false,"chose_seed":false,"campfire_upgraded":2,"win_rate":0.0,"timestamp":1613167506,"path_taken":["R","M","?","?","?","M","T","R","?","E","M","M","R","M","M","BOSS","R","M","M"],"items_purchased_type":["Card","Relic","Card","Card"],"build_version":"2020-12-22","purchased_purges":0,"victory":false,"max_hp_per_floor":[77,77,77,77,77,77,77,77,77,84,84,84,84,84,84,84,84,84,84,84,84,84],"relic_stats":{"Peace Pipe":1,"Sozu":0,"Centennial Puzzle":[24],"counters":[12,91],"Blue Candle":[5],"obtain_stats":[{"Peace Pipe":5,"Sozu":17,"Centennial Puzzle":9,"bronze:BronzeCore":0,"Blue Candle":7,"Strawberry":10},{"Peace Pipe":3,"Sozu":10,"Centennial Puzzle":4,"bronze:BronzeCore":0,"Blue Candle":4,"Strawberry":5},{"Peace Pipe":12,"Sozu":71,"Centennial Puzzle":16,"bronze:BronzeCore":0,"Blue Candle":16,"Strawberry":22}]},"card_choices":[{"not_picked":["bronze:MaxOutput","bronze:NullPointer"],"picked":"bronze:FineTuning","floor":2.0},{"not_picked":["bronze:Allocate","bronze:Philosophize"],"picked":"bronze:Repair","floor":3.0},{"not_picked":["bronze:BitShift","bronze:Shield"],"picked":"bronze:FineTuning","floor":5.0},{"not_picked":["bronze:Deprecate","bronze:BuggyMess"],"picked":"bronze:ClassDefault","floor":6.0},{"not_picked":["bronze:DigitalCarnage","bronze:Backtrace"],"picked":"bronze:Repair","floor":10.0},{"not_picked":["bronze:Turbo","bronze:Overheat"],"picked":"bronze:ForceShield","floor":11},{"not_picked":["bronze:Shield","bronze:HardenedForm"],"picked":"bronze:FineTuning","floor":12},{"not_picked":["bronze:Flail","bronze:GetLatest"],"picked":"bronze:BuggyMess","floor":14},{"not_picked":["bronze:Branch","bronze:Turbo"],"picked":"bronze:BronzeOrb","floor":15},{"not_picked":["bronze:Break","bronze:FindAndReplace"],"picked":"bronze:SpaghettiCode","floor":16},{"not_picked":["bronze:Philosophize","bronze:BugBarrage"],"picked":"bronze:Shield","floor":19}],"player_experience":503921,"relics_obtained":[{"floor":7.0,"key":"Blue Candle"},{"floor":9.0,"key":"Centennial Puzzle"},{"floor":10.0,"key":"Strawberry"}],"event_choices":[],"is_beta":false,"boss_relics":[{"not_picked":["Cursed Key","Black Star"],"picked":"Sozu"}],"items_purged_floors":[],"is_endless":false,"potions_floor_spawned":[2,6,11,12,14],"killed_by":"Cultist and Chosen","ascension_level":0}}