{"host":"0rn20prxkpuv2e47","time":1613099790,"event":{"mods":["100% Spire Juice","ATMod(阿瑾Mod)","Act Like it!","Arknights","Aspiration","BaseMod","Challenge The Spire","Downfall","Friendly Minions","Gensokyo","Hermit","Koishi","KomeijiMod","Marisa（F雨　魔理沙）","Minty Spire (QoL Compilation)","Prisma Mod","Quick Restart","Reimu（博丽灵梦）","Relic Filter Mod","Remilia（蕾米莉亚）","Robot Space Explorer","StSLib","The Alterego","The Animator","The Construct","The Cursed","The Jungle","The Mystic","The Runesmith","The Senshi","The Servant 0.9.4","Wide Potions","Youmu（魂魄妖梦）","Yuyuko","[GremlinLeader]The Maniac","[功能]功能增强和修复MOD","noobMod","【功能Mod】聪明的最终Boss","【遗物卡牌】REMEMod"],"gold_per_floor":[110,122,2,2,2,2,2,33,59,78,78,38,38,38,38,143,23,36,36,16,27,12,12,12,12,12,12,12,12,12,27,27,122,122,139,4,4,4,4,14,14,148,199,79,91,91,91,191,191,391],"floor_reached":51,"language":"ZHS","playtime":1986,"items_purged":["Moonworks:Strike","Moonworks:Strike","Moonworks:Defend","Moonworks:Strike","Moonworks:Defend","Moonworks:Defend","Moonworks:Defend","Moonworks:Strike","Moonworks:MiracleWalker","Moonworks:LulusLuckyEgg","Moonworks:MixPhenomenon","Moonworks:LulusLuckyEgg","Moonworks:DeployBits+1","Moonworks:JonathanRush","Moonworks:JonathanRush+1","Moonworks:ExtendedPhotonRifle","Moonworks:CloudOfSeagulls","Moonworks:CloudOfSeagulls+1"],"score":813,"play_id":"9aa79fae-bf94-4fdd-ae59-d2bf4a9d12cd","local_time":"20210212111630","is_ascension_mode":false,"campfire_choices":[{"data":"Moonworks:DeployBits","floor":6,"key":"SMITH"},{"data":"Moonworks:CloudOfSeagulls","floor":11,"key":"SMITH"},{"data":"Enlightenment","floor":25,"key":"SMITH"},{"data":"Moonworks:CompletionReward","floor":27,"key":"SMITH"},{"data":"Moonworks:NicePresent","floor":29,"key":"SMITH"},{"data":"Moonworks:CloudOfSeagulls","floor":32,"key":"SMITH"},{"data":"REME_TwoStrings","floor":41,"key":"SMITH"},{"data":"Moonworks:TreasureThief","floor":46,"key":"SMITH"},{"data":"Moonworks:AnotherUltimateWeapon","floor":49,"key":"SMITH"}],"circlet_count":0,"master_deck":["Moonworks:LongDistanceShot","Moonworks:BigMagnum","REME_MagicPocketWatch","Moonworks:BigMagnum","Moonworks:RagingMadness","Moonworks:NicePresent+1","Moonworks:CloudOfSeagulls+1","REME_MagicPocketWatch","Moonworks:LuckyCharm","Moonworks:EvilSpyWorkPreparation+1","Enlightenment+1","Moonworks:CompletionReward+1","Moonworks:ExtendedPhotonRifle+1","Moonworks:AnotherUltimateWeapon+1","Moonworks:NicePresent+1","Moonworks:TreasureThief+1","REME_TwoStrings+1","Moonworks:NicePresent","Moonworks:Dash+1","Gensokyo:UnlikelyAid+1"],"relics":["Moonworks:SBBomb","Moonworks:Homemark","ice","AT_ATBox","REME_ComplimentaryCards","aspiration:Nostalgia","RobotSpaceExplorer:RoboCore","AT_EbonyIvory","PureWhite:ReiMu","Medical Kit","Happy Flower","Gensokyo:Justice","Gensokyo:PortableGap","AntiCross","RuthlessExorcism:ReiMu","AT_SunfireAegis","Sling","Oddly Smooth Stone","Orrery","DollysMirror","Bag of Marbles","aspiration:ArtOfWarUpgrade","Philosopher\u0027s Stone","REME_CardOfGreed","Moonworks:LittleGull","AT_GoldPhoenixTree","OrangePellets","Boot","Turnip","Strange Spoon","Matryoshka","Shuriken","Blood Vial","Bottled Flame","HandDrill","Bird Faced Urn","Singing Bowl","AT_TheCollector","Mummified Hand","Lee\u0027s Waffle","aspiration:StickyExplosives","AT_ChloranthyRing","Omamori","Moonworks:GoldenDie","FossilizedHelix","Orichalcum","ShirouKen"],"acts_visited":["Gensokyo:Gensokyo","Gensokyo:Gensokyoer","Gensokyo:Gensokyoest"],"potions_floor_usage":[],"damage_taken":[{"damage":4,"enemies":"Gensokyo:3_Fairies","floor":1,"turns":3},{"damage":3,"enemies":"Gensokyo:2_Kodama","floor":2,"turns":2},{"damage":18,"enemies":"Gensokyo:Mamizou","floor":8,"turns":7},{"damage":5,"enemies":"Gensokyo:Gryphon","floor":10,"turns":1},{"damage":28,"enemies":"Gensokyo:Reimu","floor":16,"turns":5},{"damage":5,"enemies":"Gensokyo:3_Dogs","floor":18,"turns":2},{"damage":14,"enemies":"Gensokyo:Chomper","floor":21,"turns":1},{"damage":7,"enemies":"Gensokyo:Monolith_and_Dog","floor":31,"turns":1},{"damage":35,"enemies":"Gensokyo:Eternal_Rivals","floor":33,"turns":3},{"damage":7,"enemies":"Gensokyo:3_Boulders","floor":35,"turns":2},{"damage":17,"enemies":"Gensokyo:AncientGuardian","floor":40,"turns":1},{"damage":21,"enemies":"Gensokyo:Kasen","floor":42,"turns":1},{"damage":7,"enemies":"Gensokyo:AtlasGolem","floor":45,"turns":1},{"damage":0,"enemies":"Gensokyo:AtlasGolem","floor":48,"turns":2},{"damage":7,"enemies":"Gensokyo:Shinki","floor":50,"turns":4}],"seed_played":"-8298732090793172768","potions_obtained":[{"floor":1,"key":"Explosive Potion"},{"floor":8,"key":"Swift Potion"}],"is_trial":false,"path_per_floor":["M","M","$","?","?","R","?","E","T","M","R","$","$","$","R","B",null,"M","?","$","M","$","R","$","R","T","R","COS","R","?","M","R","B",null,"M","$","?","$","?","M","R","E","T","$","M","R","?","?","R","B",null],"character_chosen":"THE_STARBREAKER","items_purchased":["AT_EbonyIvory","PureWhite:ReiMu","Medical Kit","Moonworks:BigMagnum","Moonworks:LulusLuckyEgg","REME_MagicPocketWatch","AT_SunfireAegis","Sling","Oddly Smooth Stone","Moonworks:BigMagnum","Moonworks:RagingMadness","Orrery","DollysMirror","Bag of Marbles","Art of War","Moonworks:LuckyCharm","REME_CardOfGreed","Moonworks:LittleGull","AT_GoldPhoenixTree","Moonworks:ExtendedPhotonRifle","Enlightenment","OrangePellets","Boot","Turnip","Strange Spoon","Matryoshka","Shuriken","Moonworks:CompletionReward","HandDrill","Bird Faced Urn","Singing Bowl","AT_TheCollector","Mummified Hand","Lee\u0027s Waffle","Moonworks:TreasureThief","REME_TwoStrings","Moonworks:GoldenDie","FossilizedHelix","Orichalcum"],"campfire_rested":0,"item_purchase_floors":[3,3,3,3,3,3,12,12,12,12,12,13,14,14,14,14,20,20,20,20,20,22,22,22,24,24,24,24,36,36,36,38,38,38,38,38,44,44,44],"current_hp_per_floor":[56,53,53,53,53,53,53,35,35,30,30,30,30,30,30,51,51,46,53,53,39,39,39,39,39,39,39,39,39,39,34,34,50,50,43,43,34,57,57,44,44,27,27,27,26,26,1,1,1,59],"gold":391,"neow_bonus":"NOSTALGIA","is_daily":false,"chose_seed":false,"campfire_upgraded":9,"win_rate":0.0,"timestamp":1613099790,"path_taken":["M","M","$","?","?","R","?","E","T","M","R","?","$","$","R","BOSS","M","?","$","M","$","R","$","R","T","R","COS","R","?","M","R","BOSS","M","$","?","$","?","?","R","E","T","$","M","R","?","?","R","BOSS"],"items_purchased_type":["Relic","Relic","Relic","Card","Card","Card","Relic","Relic","Relic","Card","Card","Relic","Relic","Relic","Relic","Card","Relic","Relic","Relic","Card","Card","Relic","Relic","Relic","Relic","Relic","Relic","Card","Relic","Relic","Relic","Relic","Relic","Relic","Card","Card","Relic","Relic","Relic"],"build_version":"2020-12-22","purchased_purges":18,"victory":true,"max_hp_per_floor":[60,60,60,60,60,60,54,54,54,54,54,54,51,51,51,51,51,53,53,53,53,53,50,50,50,50,50,50,50,50,50,50,50,50,50,50,50,57,57,57,57,57,57,57,59,59,59,59,59,59],"card_choices":[{"not_picked":["Moonworks:LulusLuckyEgg","Moonworks:IndiscriminateFireSupport"],"picked":"Moonworks:DeployBits","floor":1},{"not_picked":["Moonworks:Bloodlust","Moonworks:x16BigRocket"],"picked":"Moonworks:JonathanRush","floor":2},{"not_picked":["Moonworks:Poppoformation","Moonworks:IndiscriminateFireSupport"],"picked":"Moonworks:LulusLuckyEgg","floor":8},{"not_picked":["Moonworks:RocketCannon","Moonworks:BigMagnum"],"picked":"Moonworks:CloudOfSeagulls","floor":10},{"not_picked":["Moonworks:CompletionReward","Moonworks:FinalSurgery"],"picked":"Moonworks:CloudOfSeagulls","floor":13},{"not_picked":["Moonworks:EvilMastermind","Moonworks:ExtendedPhotonRifle"],"picked":"Moonworks:MixPhenomenon","floor":13},{"not_picked":["Moonworks:ImOnFire","Moonworks:LulusLuckyEgg"],"picked":"Moonworks:NicePresent","floor":13},{"not_picked":["Moonworks:FinalSurgery","Moonworks:IndiscriminateFireSupport"],"picked":"Moonworks:CloudOfSeagulls","floor":13},{"not_picked":["Moonworks:LulusLuckyEgg","Moonworks:ImOnFire"],"picked":"Moonworks:MiracleWalker","floor":13},{"not_picked":["Moonworks:SakisCookie","Moonworks:LulusLuckyEgg+1"],"picked":"Moonworks:EvilSpyWorkPreparation+1","floor":18},{"not_picked":["Moonworks:SakisCookie","Moonworks:Assault+1"],"picked":"Moonworks:JonathanRush+1","floor":21},{"not_picked":["Moonworks:Poppoformation","Moonworks:SakisCookie"],"picked":"Moonworks:ExtendedPhotonRifle+1","floor":31},{"not_picked":["Moonworks:StarBlastingFuse","Moonworks:Accelerator"],"picked":"Moonworks:AnotherUltimateWeapon","floor":33},{"not_picked":["Moonworks:IndiscriminateFireSupport+1","Moonworks:StiffCrystal"],"picked":"Moonworks:NicePresent+1","floor":35},{"not_picked":["Moonworks:Dinner","Moonworks:EvilSpyWorkPreparation+1"],"picked":"Moonworks:NicePresent","floor":40},{"not_picked":["Moonworks:CompletionReward","Moonworks:TacticalRetreat+1"],"picked":"Moonworks:Dash+1","floor":42},{"not_picked":["Moonworks:CookingTime+1","Moonworks:SelfDestruct","Moonworks:TreasureThief"],"picked":"Singing Bowl","floor":45},{"not_picked":["Gensokyo:MorningStar+1","Gensokyo:RainbowDanmaku+1"],"picked":"Gensokyo:UnlikelyAid+1","floor":48}],"player_experience":180495,"relics_obtained":[{"floor":8,"key":"AntiCross"},{"floor":9,"key":"RuthlessExorcism:ReiMu"},{"floor":26,"key":"Blood Vial"},{"floor":26,"key":"Bottled Flame"},{"floor":42,"key":"aspiration:StickyExplosives"},{"floor":43,"key":"AT_ChloranthyRing"},{"floor":43,"key":"Omamori"}],"event_choices":[],"is_beta":false,"boss_relics":[{"not_picked":["SacredBark","Velvet Choker"],"picked":"Philosopher\u0027s Stone"},{"not_picked":["Fusion Hammer","RedLine:ReiMu"],"picked":"Moonworks:SBBomb"}],"items_purged_floors":[12,12,12,12,12,12,12,12,20,20,20,20,22,22,22,36,36,36],"is_endless":false,"potions_floor_spawned":[1,1,2,8,10,10,10,16,18,21,21,21,31,35,35,40,42,42,45],"ascension_level":0}}