{"host":"5mo0809oo9tcrmpl","time":1613173779,"event":{"mods":["BaseMod","Highlight Path","Minty Spire (QoL Compilation)","Relic Stats","Slay the Relics Exporter"],"gold_per_floor":[114,129,144,144,22,52,52,67,142,157,172,187,202,217,217,317,317,332,347,347,362,377,377,392,422,422,452,452,1,1,31,31,131,181,196,211,226,576,591,621,621,83,83,98,48,78,78,108,108,108],"floor_reached":51,"language":"ENG","playtime":3499,"items_purged":["Strike_R","Strike_G","Strike_B+1"],"score":853,"play_id":"3af72075-444a-46a0-961e-7128006f08c8","local_time":"20210212174939","daily_mods":["Chimera","Purple Cards","DeadlyEvents"],"is_ascension_mode":false,"campfire_choices":[{"data":"Footwork","floor":7.0,"key":"SMITH"},{"data":"Deadly Poison","floor":15.0,"key":"SMITH"},{"data":"After Image","floor":23.0,"key":"SMITH"},{"floor":28.0,"key":"REST"},{"data":"Blade Dance","floor":30.0,"key":"SMITH"},{"floor":32.0,"key":"REST"},{"floor":41.0,"key":"REST"},{"floor":47.0,"key":"REST"},{"floor":49.0,"key":"REST"}],"circlet_count":0,"master_deck":["Bash","Survivor","Zap","Eruption","Defend_R","Defend_G","Defend_P","Quick Slash","CutThroughFate","Judgement","Deadly Poison+1","Footwork+1","DeceiveReality","Dodge and Roll","ThirdEye","Predator","Leg Sweep","Backflip","After Image+1","RitualDagger","All Out Attack","Bouncing Flask+1","Blade Dance+1","Blade Dance+1","Well Laid Plans+1","Infinite Blades+1","Corpse Explosion","PiercingWail","Deadly Poison+1","Leg Sweep+1","WaveOfTheHand","Noxious Fumes+1","Blade Dance+1"],"relics":["Ring of the Snake","Unceasing Top","Sundial","Philosopher\u0027s Stone","Frozen Egg 2","StrikeDummy","Molten Egg 2","Dead Branch","Smiling Mask","Tiny House","Old Coin","Oddly Smooth Stone","Pantograph","Akabeko","Girya","Lizard Tail","Gremlin Horn"],"acts_visited":["Exordium","TheCity","TheBeyond"],"potions_floor_usage":[50,50,50],"damage_taken":[{"damage":2.0,"enemies":"Small Slimes","floor":1.0,"turns":4.0},{"damage":4.0,"enemies":"Cultist","floor":2.0,"turns":4.0},{"damage":0.0,"enemies":"2 Louse","floor":3.0,"turns":2.0},{"damage":34.0,"enemies":"Lagavulin","floor":6.0,"turns":7.0},{"damage":1.0,"enemies":"Exordium Wildlife","floor":8.0,"turns":6.0},{"damage":0.0,"enemies":"3 Louse","floor":10.0,"turns":2.0},{"damage":0.0,"enemies":"Blue Slaver","floor":11.0,"turns":4.0},{"damage":0.0,"enemies":"Red Slaver","floor":12.0,"turns":1.0},{"damage":4.0,"enemies":"Large Slime","floor":13.0,"turns":6.0},{"damage":0.0,"enemies":"Blue Slaver","floor":14.0,"turns":4.0},{"damage":3.0,"enemies":"Hexaghost","floor":16.0,"turns":13.0},{"damage":0.0,"enemies":"Shell Parasite","floor":18.0,"turns":7.0},{"damage":0.0,"enemies":"Chosen","floor":19.0,"turns":5.0},{"damage":3.0,"enemies":"Centurion and Healer","floor":21.0,"turns":8.0},{"damage":15.0,"enemies":"Snake Plant","floor":22.0,"turns":6.0},{"damage":4.0,"enemies":"3 Cultists","floor":24.0,"turns":6.0},{"damage":24.0,"enemies":"Slavers","floor":25.0,"turns":2.0},{"damage":0.0,"enemies":"Book of Stabbing","floor":27.0,"turns":6.0},{"damage":21.0,"enemies":"Slavers","floor":31.0,"turns":5.0},{"damage":8.0,"enemies":"Automaton","floor":33.0,"turns":10.0},{"damage":7.0,"enemies":"3 Darklings","floor":35.0,"turns":7.0},{"damage":3.0,"enemies":"Orb Walker","floor":36.0,"turns":5.0},{"damage":5.0,"enemies":"4 Shapes","floor":37.0,"turns":5.0},{"damage":0.0,"enemies":"Mind Bloom Boss Battle","floor":38.0,"turns":4.0},{"damage":0.0,"enemies":"Spire Growth","floor":39.0,"turns":7.0},{"damage":36.0,"enemies":"Giant Head","floor":40.0,"turns":11.0},{"damage":8.0,"enemies":"3 Darklings","floor":44.0,"turns":4.0},{"damage":24.0,"enemies":"Reptomancer","floor":46.0,"turns":6.0},{"damage":13.0,"enemies":"Giant Head","floor":48.0,"turns":11.0},{"damage":38,"enemies":"Time Eater","floor":50,"turns":10}],"seed_played":"-8399458303924539785","potions_obtained":[{"floor":2.0,"key":"EssenceOfSteel"},{"floor":6.0,"key":"ColorlessPotion"},{"floor":11.0,"key":"PowerPotion"},{"floor":19.0,"key":"CunningPotion"},{"floor":24.0,"key":"DistilledChaos"},{"floor":25.0,"key":"Strength Potion"},{"floor":34.0,"key":"AttackPotion"},{"floor":35.0,"key":"Energy Potion"},{"floor":37.0,"key":"DistilledChaos"},{"floor":44.0,"key":"FearPotion"},{"floor":46.0,"key":"Ancient Potion"}],"is_trial":false,"path_per_floor":["M","M","M","?","$","E","R","M","T","M","M","M","M","M","R","B",null,"M","M","?","M","M","R","M","E","T","E","R","$","R","E","R","B",null,"M","M","M","?","M","E","R","$","T","M","$","E","R","E","R","B",null],"character_chosen":"THE_SILENT","items_purchased":["Footwork","SteroidPotion","Well Laid Plans+1","Dead Branch","Noxious Fumes+1","Pantograph","Akabeko","Poison Potion"],"campfire_rested":5,"item_purchase_floors":[5,5,29,29,42,42,42,42],"current_hp_per_floor":[68,64,64,64,64,30,30,29,29,29,29,29,25,25,25,22,70,70,70,64,61,46,46,42,18,18,18,39,39,39,18,39,31,75,68,65,60,60,60,24,46,46,46,38,38,14,36,23,45,32],"gold":108,"neow_bonus":"","is_daily":true,"chose_seed":false,"campfire_upgraded":4,"win_rate":0.0,"timestamp":1613173779,"path_taken":["M","M","M","?","?","E","R","M","T","M","M","?","M","M","R","BOSS","M","M","?","?","M","R","M","E","T","E","R","$","R","?","R","BOSS","M","M","M","?","M","E","R","$","T","M","?","?","R","E","R","BOSS"],"items_purchased_type":["Card","Potion","Card","Relic","Card","Relic","Relic","Potion"],"build_version":"2020-12-22","purchased_purges":3,"victory":true,"max_hp_per_floor":[70,70,70,70,70,70,70,70,70,70,70,70,70,70,70,70,70,70,70,70,70,70,70,70,70,70,70,70,70,70,70,70,70,75,75,75,75,75,75,75,75,75,75,75,75,75,75,75,75,75],"relic_stats":{"Lizard Tail":0,"Gremlin Horn":[0,0],"counters":[30,178],"Sundial":[16],"Dead Branch":[187],"Pantograph":25,"Smiling Mask":125,"obtain_stats":[{"Girya":43,"Tiny House":34,"Gremlin Horn":48,"Dead Branch":29,"Oddly Smooth Stone":40,"Frozen Egg 2":25,"Smiling Mask":31,"Akabeko":42,"Old Coin":38,"Lizard Tail":46,"Sundial":9,"Pantograph":42,"Philosopher\u0027s Stone":17,"Molten Egg 2":27,"StrikeDummy":26,"Unceasing Top":6,"Ring of the Snake":0},{"Girya":26,"Tiny House":20,"Gremlin Horn":29,"Dead Branch":18,"Oddly Smooth Stone":26,"Frozen Egg 2":17,"Smiling Mask":19,"Akabeko":26,"Old Coin":24,"Lizard Tail":28,"Sundial":5,"Pantograph":26,"Philosopher\u0027s Stone":11,"Molten Egg 2":18,"StrikeDummy":17,"Unceasing Top":4,"Ring of the Snake":0},{"Girya":147,"Tiny House":108,"Gremlin Horn":168,"Dead Branch":93,"Oddly Smooth Stone":147,"Frozen Egg 2":87,"Smiling Mask":98,"Akabeko":147,"Old Coin":129,"Lizard Tail":157,"Sundial":23,"Pantograph":147,"Philosopher\u0027s Stone":53,"Molten Egg 2":93,"StrikeDummy":87,"Unceasing Top":17,"Ring of the Snake":0}],"Unceasing Top":[0],"Ring of the Snake":[60]},"card_choices":[{"not_picked":["PiercingWail","Outmaneuver"],"picked":"Quick Slash","floor":1.0},{"not_picked":["Collect","CrushJoints"],"picked":"CutThroughFate","floor":2.0},{"not_picked":["ThirdEye","Sucker Punch"],"picked":"Judgement","floor":3.0},{"not_picked":["Accuracy","Poisoned Stab"],"picked":"DeceiveReality","floor":6.0},{"not_picked":["Evaluate","ClearTheMind"],"picked":"Dodge and Roll","floor":8.0},{"not_picked":["JustLucky","Slice"],"picked":"ThirdEye","floor":10.0},{"not_picked":["CrushJoints","Setup"],"picked":"Predator","floor":11.0},{"not_picked":["Acrobatics","Halt","PathToVictory"],"picked":"SKIP","floor":12.0},{"not_picked":["CrushJoints","Vengeance"],"picked":"Leg Sweep","floor":13.0},{"not_picked":["BattleHymn","Pray"],"picked":"Backflip","floor":14.0},{"not_picked":["ConjureBlade","Brilliance"],"picked":"After Image","floor":16.0},{"not_picked":["Underhanded Strike","Distraction","CrushJoints"],"picked":"SKIP","floor":18.0},{"not_picked":["ReachHeaven","Quick Slash","EmptyMind"],"picked":"SKIP","floor":19.0},{"not_picked":["ThirdEye","SashWhip+1"],"picked":"All Out Attack","floor":21.0},{"not_picked":["SashWhip+1","Distraction","Dagger Spray"],"picked":"SKIP","floor":22.0},{"not_picked":["Acrobatics","Riddle With Holes"],"picked":"Bouncing Flask+1","floor":24.0},{"not_picked":["Calculated Gamble","Terror"],"picked":"Blade Dance+1","floor":25.0},{"not_picked":["Scrawl","ReachHeaven+1"],"picked":"Blade Dance","floor":27.0},{"not_picked":["Vault","Flechettes+1"],"picked":"Infinite Blades+1","floor":31.0},{"not_picked":["DevaForm+1","Devotion+1"],"picked":"Corpse Explosion","floor":33.0},{"not_picked":["SashWhip+1","Riddle With Holes+1"],"picked":"PiercingWail","floor":35.0},{"not_picked":["Outmaneuver+1","Poisoned Stab+1"],"picked":"Deadly Poison+1","floor":36.0},{"not_picked":["Consecrate+1","Wireheading+1"],"picked":"Leg Sweep+1","floor":37.0},{"not_picked":["Consecrate+1","Halt+1","Underhanded Strike+1"],"picked":"SKIP","floor":39.0},{"not_picked":["Deadly Poison+1","Glass Knife+1"],"picked":"WaveOfTheHand","floor":40.0},{"not_picked":["Blade Dance","CrushJoints+1","EmptyFist+1"],"picked":"SKIP","floor":44.0},{"not_picked":["Deadly Poison","EmptyBody"],"picked":"Blade Dance+1","floor":46.0},{"not_picked":["Phantasmal Killer","PathToVictory+1","Flechettes+1"],"picked":"SKIP","floor":48.0}],"player_experience":1273632,"relics_obtained":[{"floor":6.0,"key":"Unceasing Top"},{"floor":9.0,"key":"Sundial"},{"floor":25.0,"key":"Frozen Egg 2"},{"floor":26.0,"key":"StrikeDummy"},{"floor":27.0,"key":"Molten Egg 2"},{"floor":31.0,"key":"Smiling Mask"},{"floor":38.0,"key":"Old Coin"},{"floor":40.0,"key":"Oddly Smooth Stone"},{"floor":43.0,"key":"Girya"},{"floor":46.0,"key":"Lizard Tail"},{"floor":48.0,"key":"Gremlin Horn"}],"event_choices":[{"damage_healed":0.0,"max_hp_gain":0.0,"max_hp_loss":0.0,"gold_gain":0.0,"event_name":"Match and Keep!","player_choice":"1 cards matched","floor":4.0,"gold_loss":0.0,"damage_taken":0.0,"cards_obtained":["Deadly Poison"]},{"damage_healed":0.0,"max_hp_gain":0.0,"max_hp_loss":0.0,"gold_gain":0.0,"event_name":"Nest","player_choice":"Joined the Cult","floor":20.0,"gold_loss":0.0,"damage_taken":6.0,"cards_obtained":["RitualDagger"]},{"damage_healed":0.0,"max_hp_gain":0.0,"max_hp_loss":0.0,"gold_gain":0.0,"event_name":"MindBloom","player_choice":"Fight","floor":38.0,"gold_loss":0.0,"damage_taken":0.0}],"is_beta":false,"boss_relics":[{"not_picked":["Black Star","Empty Cage"],"picked":"Philosopher\u0027s Stone"},{"not_picked":["Snecko Eye","Velvet Choker"],"picked":"Tiny House"}],"items_purged_floors":[29,42,45],"is_endless":false,"potions_floor_spawned":[2,6,10,11,19,24,25,35,37,44,46],"ascension_level":0}}