{"host":"kr40xqsmov1kh7zv","time":1613120610,"event":{"mods":["AchievementEnabler","Act Like it!","BaseMod","Downfall","Highlight Path","Minty Spire (QoL Compilation)","StSLib"],"gold_per_floor":[99,115,133,146,159,159,159,159,172,6,21,171,171,171,186,291,291,291,310,327,327,327,327,407,407,407,407],"floor_reached":25,"language":"ENG","playtime":1142,"items_purged":["hexamod:Strike"],"score":193,"play_id":"9a1ce010-1ef2-41ee-b568-9c0de336ed0b","local_time":"20210212200330","is_ascension_mode":false,"campfire_choices":[{"data":"hexamod:Float","floor":1,"key":"SMITH"},{"data":"hexamod:Firestarter","floor":6,"key":"SMITH"},{"data":"hexamod:AdvancingGuard","floor":8,"key":"SMITH"},{"data":"hexamod:ExtraCrispy","floor":13,"key":"SMITH"},{"data":"hexamod:VolcanoVisage","floor":18,"key":"SMITH"}],"circlet_count":0,"master_deck":["hexamod:Strike","hexamod:Strike","hexamod:Defend+1","hexamod:Defend","hexamod:Defend+1","hexamod:Defend+1","hexamod:Sear","hexamod:Float+1","hexamod:Firestarter+1","hexamod:AdvancingGuard+1","hexamod:FastForward+1","hexamod:Incineration","hexamod:ExtraCrispy+1","hexamod:SixthSeal","hexamod:FourthSeal","hexamod:VolcanoVisage+1","hexamod:PhantomCloak","hexamod:ExtraCrispy"],"relics":["hexamod:SpiritBrand","Toxic Egg 2","Empty Cage","Sundial","HornCleat"],"acts_visited":["Exordium","TheCity"],"potions_floor_usage":[16,16,16,25,25],"damage_taken":[{"damage":0,"enemies":"Cultist","floor":2,"turns":3},{"damage":0,"enemies":"2 Louse","floor":3,"turns":3},{"damage":1,"enemies":"Jaw Worm","floor":4,"turns":3},{"damage":15,"enemies":"Lots of Slimes","floor":5,"turns":5},{"damage":0,"enemies":"Large Slime","floor":9,"turns":3},{"damage":0,"enemies":"downfall:FleeingMerchant","floor":10,"turns":4},{"damage":20,"enemies":"Gremlin Gang","floor":11,"turns":5},{"damage":17,"enemies":"3 Louse","floor":15,"turns":4},{"damage":20,"enemies":"IC_STATUS_ARCHETYPE","floor":16,"turns":8},{"damage":14,"enemies":"Spheric Guardian","floor":19,"turns":5},{"damage":25,"enemies":"3 Byrds","floor":20,"turns":6},{"damage":57,"enemies":"3 Cultists","floor":25,"turns":6}],"seed_played":"-7590014638615076369","potions_obtained":[{"floor":4,"key":"hexamod:EctoCoolerPotion"},{"floor":5,"key":"EssenceOfSteel"},{"floor":9,"key":"bronze:BurnAndBuffPotion"},{"floor":11,"key":"hexamod:SoulburnPotion"},{"floor":19,"key":"SpeedPotion"},{"floor":20,"key":"Regen Potion"}],"is_trial":false,"path_per_floor":["R","M","M","M","M","R","T","R","M","$","M","?","R","?","M","B",null,"R","M","M","?","?","T","T","M"],"character_chosen":"THE_SPIRIT","items_purchased":["hexamod:ExtraCrispy"],"campfire_rested":0,"item_purchase_floors":[10],"current_hp_per_floor":[77,77,77,76,61,61,61,61,61,61,41,41,41,41,24,4,77,77,63,38,38,38,38,38,0,0,0],"gold":407,"neow_bonus":"TEN_PERCENT_HP_BONUS","is_daily":false,"chose_seed":false,"campfire_upgraded":5,"win_rate":0.0,"timestamp":1613120610,"path_taken":["R","M","M","M","M","R","T","R","M","?","M","?","R","?","M","BOSS","R","M","M","?","?","?","T","?"],"items_purchased_type":["Card"],"build_version":"2020-12-22","purchased_purges":1,"victory":false,"max_hp_per_floor":[77,77,77,77,77,77,77,77,77,77,77,77,77,77,77,77,77,77,77,77,77,77,77,77,77,77,77],"card_choices":[{"not_picked":["hexamod:ShieldOfDarkness","hexamod:NecessarySacrifice"],"picked":"hexamod:HauntingEcho","floor":2},{"not_picked":["hexamod:BacktrackSmack","hexamod:GhostLash"],"picked":"hexamod:Firestarter","floor":3},{"not_picked":["hexamod:SwordOfDarkness","hexamod:NightmareStrike"],"picked":"hexamod:AdvancingGuard","floor":4},{"not_picked":["hexamod:NightmareStrike","hexamod:RecurringNightmare","hexamod:HeatMetal"],"picked":"SKIP","floor":5},{"not_picked":["hexamod:BacktrackSmack","hexamod:GhostflameBarrier+1"],"picked":"hexamod:FastForward+1","floor":9},{"not_picked":["hexamod:NightmareGuise+1","hexamod:GhostLash"],"picked":"hexamod:Incineration","floor":10},{"not_picked":["hexamod:DynamicBlow","hexamod:NightmareStrike"],"picked":"hexamod:SixthSeal","floor":11},{"not_picked":["hexamod:Haunt+1","hexamod:FastForward+1"],"picked":"hexamod:FourthSeal","floor":15},{"not_picked":["hexamod:SixthSeal","hexamod:TimeOfNeed+1"],"picked":"hexamod:VolcanoVisage","floor":16},{"not_picked":["hexamod:HauntingEcho","hexamod:EtherealExpedition+1"],"picked":"hexamod:PhantomCloak","floor":19},{"not_picked":["hexamod:HeatMetal","hexamod:Rewind+1"],"picked":"hexamod:ExtraCrispy","floor":20}],"player_experience":220113,"relics_obtained":[{"floor":7,"key":"Toxic Egg 2"},{"floor":23,"key":"Sundial"},{"floor":24,"key":"HornCleat"}],"event_choices":[],"is_beta":false,"boss_relics":[{"not_picked":["Snecko Eye","Black Star"],"picked":"Empty Cage"}],"items_purged_floors":[10],"is_endless":false,"potions_floor_spawned":[4,5,9,11,15],"killed_by":"3 Cultists","ascension_level":0}}