{"host":"6r762osam2bvfm66","time":1613134453,"event":{"mods":["BaseMod","Bestiary","Colored Map","Highlight Path","Minty Spire (QoL Compilation)","Relic Stats"],"gold_per_floor":[113,128,147,147,147,176,187,187,214,224,244,276,80,93,93,188,188,204,221,235,20,20,20,47,47,74,109,120,120,120,120],"floor_reached":30,"language":"ENG","playtime":1896,"items_purged":["Strike_B","Strike_B"],"score":398,"play_id":"1557bc40-b565-44df-aa78-0729a757ac0e","local_time":"20210212065413","is_ascension_mode":true,"campfire_choices":[{"data":"Tempest","floor":8,"key":"SMITH"},{"data":"Consume","floor":15,"key":"SMITH"},{"data":"Glacier","floor":23,"key":"SMITH"},{"data":"Capacitor","floor":25,"key":"SMITH"},{"floor":29,"key":"REST"}],"circlet_count":0,"master_deck":["Defend_B","Defend_B","Defend_B","Defend_B","Zap","Dualcast","Tempest+1","Rebound","Sweeping Beam","BootSequence","Biased Cognition","Rip and Tear","Loop","Static Discharge","Capacitor+1","Coolheaded","Leap","Consume+1","Hyperbeam","Steam","Ball Lightning+1","Chill","Electrodynamics","Glacier+1","Leap","Aggregate+1","Creative AI","BootSequence+1"],"relics":["Cracked Core","Boot","Pen Nib","Dream Catcher","Prayer Wheel","Nuclear Battery","Peace Pipe","Nunchaku","Toxic Egg 2"],"acts_visited":["Exordium","TheCity"],"potions_floor_usage":[12,16,18,27,28],"damage_taken":[{"damage":0,"enemies":"2 Louse","floor":1,"turns":2},{"damage":1,"enemies":"Cultist","floor":2,"turns":3},{"damage":0,"enemies":"Small Slimes","floor":3,"turns":2},{"damage":20,"enemies":"3 Sentries","floor":6,"turns":7},{"damage":1,"enemies":"Looter","floor":7,"turns":2},{"damage":5,"enemies":"Gremlin Gang","floor":10,"turns":3},{"damage":0,"enemies":"Large Slime","floor":11,"turns":2},{"damage":20,"enemies":"Lagavulin","floor":12,"turns":4},{"damage":0,"enemies":"Looter","floor":14,"turns":2},{"damage":0,"enemies":"Hexaghost","floor":16,"turns":8},{"damage":19,"enemies":"Spheric Guardian","floor":18,"turns":4},{"damage":7,"enemies":"3 Byrds","floor":19,"turns":3},{"damage":6,"enemies":"Snecko","floor":20,"turns":5},{"damage":15,"enemies":"Slavers","floor":24,"turns":2},{"damage":43,"enemies":"Book of Stabbing","floor":27,"turns":5},{"damage":6,"enemies":"Centurion and Healer","floor":28,"turns":7},{"damage":34,"enemies":"Shelled Parasite and Fungi","floor":30,"turns":5}],"seed_played":"-1853799395970580429","potions_obtained":[{"floor":1,"key":"ColorlessPotion"},{"floor":3,"key":"FocusPotion"},{"floor":10,"key":"BlessingOfTheForge"},{"floor":18,"key":"PowerPotion"},{"floor":20,"key":"FearPotion"}],"is_trial":false,"path_per_floor":["M","M","M","?","?","E","M","R","T","M","M","E","$","M","R","B",null,"M","M","M","$","?","R","E","R","T","E","M","R","M"],"character_chosen":"DEFECT","items_purchased":["Capacitor","Coolheaded","Glacier","Fire Potion"],"campfire_rested":1,"item_purchase_floors":[13,13,21,21],"current_hp_per_floor":[75,74,74,56,56,36,35,35,35,30,30,10,10,10,10,10,75,56,49,43,43,75,75,60,60,60,17,11,33,0,0],"gold":120,"neow_bonus":"TRANSFORM_CARD","is_daily":false,"chose_seed":false,"campfire_upgraded":4,"win_rate":0.0,"timestamp":1613134453,"path_taken":["M","M","M","?","?","E","?","R","T","?","M","E","$","M","R","BOSS","M","M","M","$","?","R","E","R","T","E","M","R","M"],"items_purchased_type":["Card","Card","Card","Potion"],"build_version":"2020-12-22","purchased_purges":2,"victory":false,"max_hp_per_floor":[75,75,75,75,75,75,75,75,75,75,75,75,75,75,75,75,75,75,75,75,75,75,75,75,75,75,75,75,75,75,75],"relic_stats":{"Peace Pipe":0,"Dream Catcher":1,"Nunchaku":[1],"counters":[17,66],"Prayer Wheel":5,"Pen Nib":[5],"Boot":[17],"obtain_stats":[{"Peace Pipe":24,"Dream Catcher":9,"Nunchaku":26,"Prayer Wheel":12,"Pen Nib":6,"Toxic Egg 2":27,"Cracked Core":0,"Boot":4,"Nuclear Battery":17},{"Peace Pipe":14,"Dream Catcher":5,"Nunchaku":14,"Prayer Wheel":8,"Pen Nib":4,"Toxic Egg 2":15,"Cracked Core":0,"Boot":3,"Nuclear Battery":10},{"Peace Pipe":49,"Dream Catcher":16,"Nunchaku":49,"Prayer Wheel":25,"Pen Nib":14,"Toxic Egg 2":54,"Cracked Core":0,"Boot":7,"Nuclear Battery":35}]},"card_choices":[{"not_picked":["Reprogram","Coolheaded"],"picked":"Rebound","floor":1},{"not_picked":["Rip and Tear","Leap"],"picked":"Sweeping Beam","floor":2},{"not_picked":["Beam Cell","Compile Driver"],"picked":"BootSequence","floor":3},{"not_picked":["Hologram","Seek"],"picked":"Biased Cognition","floor":6},{"not_picked":["Blizzard","Compile Driver"],"picked":"Rip and Tear","floor":7},{"not_picked":["Conserve Battery","Scrape"],"picked":"Loop","floor":10},{"not_picked":["Go for the Eyes","Heatsinks","Aggregate"],"picked":"SKIP","floor":11},{"not_picked":["Coolheaded","Compile Driver"],"picked":"Static Discharge","floor":12},{"not_picked":["Steam","Hologram"],"picked":"Leap","floor":14},{"not_picked":["Lockon","Steam"],"picked":"Consume","floor":14},{"not_picked":["Rainbow","Amplify"],"picked":"Hyperbeam","floor":16},{"not_picked":["Gash","Turbo+1"],"picked":"Steam","floor":18},{"not_picked":["Turbo","Compile Driver"],"picked":"Ball Lightning+1","floor":18},{"not_picked":["Rebound","BootSequence"],"picked":"Chill","floor":19},{"not_picked":["Coolheaded","Sweeping Beam+1","Stack"],"picked":"SKIP","floor":19},{"not_picked":["Glacier+1","Fusion+1"],"picked":"Electrodynamics","floor":20},{"not_picked":["Beam Cell","Compile Driver","Barrage"],"picked":"SKIP","floor":20},{"not_picked":["Chill","Beam Cell"],"picked":"Leap","floor":24},{"not_picked":["Beam Cell+1","Barrage+1"],"picked":"Aggregate+1","floor":27},{"not_picked":["Go for the Eyes","Beam Cell"],"picked":"Creative AI","floor":28},{"not_picked":["Sweeping Beam","Steam+1","Darkness+1"],"picked":"SKIP","floor":28},{"not_picked":["Ball Lightning","Streamline+1"],"picked":"BootSequence+1","floor":29}],"player_experience":80338,"relics_obtained":[{"floor":6,"key":"Pen Nib"},{"floor":9,"key":"Dream Catcher"},{"floor":12,"key":"Prayer Wheel"},{"floor":24,"key":"Peace Pipe"},{"floor":26,"key":"Nunchaku"},{"floor":27,"key":"Toxic Egg 2"}],"event_choices":[{"damage_healed":0,"gold_gain":0,"player_choice":"Success","damage_taken":18,"relics_obtained":["Boot"],"max_hp_gain":0,"max_hp_loss":0,"event_name":"Scrap Ooze","floor":4,"gold_loss":0},{"cards_removed":["Strike_B"],"damage_healed":0,"gold_gain":0,"player_choice":"Purged","damage_taken":0,"max_hp_gain":0,"max_hp_loss":0,"event_name":"Purifier","floor":5,"gold_loss":0},{"damage_healed":32,"gold_gain":0,"player_choice":"Full Heal","damage_taken":0,"max_hp_gain":0,"max_hp_loss":0,"event_name":"Wheel of Change","floor":22,"gold_loss":0}],"is_beta":false,"boss_relics":[{"not_picked":["SlaversCollar","FrozenCore"],"picked":"Nuclear Battery"}],"items_purged_floors":[13,21],"is_endless":false,"potions_floor_spawned":[1,3,10,18,20,24],"killed_by":"Shelled Parasite and Fungi","ascension_level":4}}