{"host":"k0cm6nn9mnmji9h1","time":1613145037,"event":{"mods":["100% Spire Juice","2.2 Compatiblity","AchievementEnabler","BaseMod","Colored Map","DeckTracker","Gremlin Skip","Highlight Path","Lobotomy","Minty Spire (QoL Compilation)","Permanent Neow","Shade Mod","StSLib","The Dragon Tamer","The Marked","Waifu the Spire"],"gold_per_floor":[113,131,142,154,11,11,28,28,28,41,216,216,251,261,261,357,357,369,369,384,213,228,228,143,143,217,235,43,56,56,16,16,111,111,130,130,130,0,14,14,24,24,50,50,67,67,67,80,80,80,80],"floor_reached":50,"language":"KOR","playtime":2462,"items_purged":["SnowQueen","Doubt","SilentOrchestra"],"score":469,"play_id":"cb98ba7f-c101-422a-9bc1-7993a21f8f21","local_time":"20210213005037","is_ascension_mode":false,"campfire_choices":[{"data":"Corpse Explosion","floor":6,"key":"SMITH"},{"floor":12,"key":"REST"},{"data":"Caltrops","floor":15,"key":"SMITH"},{"floor":23,"key":"REST"},{"data":"LittlePrince","floor":25,"key":"PURGE"},{"data":"MeatLantern","floor":32,"key":"PURGE"},{"data":"QueenBee","floor":40,"key":"PURGE"},{"data":"Strike_G","floor":42,"key":"PURGE"},{"data":"Strike_G","floor":44,"key":"PURGE"},{"data":"All Out Attack","floor":46,"key":"PURGE"},{"data":"Defend_G","floor":49,"key":"PURGE"}],"circlet_count":0,"master_deck":["Strike_G","Strike_G","Strike_G","Defend_G","Defend_G","Defend_G","Defend_G","Survivor","Neutralize","Dagger Spray","Bloodbath","Deadly Poison","CherryBlossoms","Quick Slash","Corpse Explosion+1","OSAHOGD","Crippling Poison","Caltrops+1","Die Die Die","Poisoned Stab","Adrenaline","Backflip","Wellcheers","PiercingWail+1","Noxious Fumes","Blur","Footwork+1","BlueStar","Footwork+1","ShyLook","Bullet Time","DespairKnight","Adrenaline","Dramatic Entrance","HereticApostle","UniverseFragment","Flying Knee","Laetitia","DreamingCurrent"],"relics":["Ring of the Serpent","CogitoBucket","Gremlin Horn","BehaviorAdjustment","Boot","LuminousBracelet","Peace Pipe","Frozen Egg 2","SacredBark","FleshIdol","AtMidnight","Red Mask","Akabeko"],"acts_visited":["Exordium","TheCity","TheBeyond"],"potions_floor_usage":[13,16,16,33,35,48,50],"damage_taken":[{"damage":0,"enemies":"Cultist","floor":1,"turns":5},{"damage":0,"enemies":"Small Slimes","floor":2,"turns":3},{"damage":0,"enemies":"Jaw Worm","floor":3,"turns":4},{"damage":13,"enemies":"Blue Slaver","floor":4,"turns":5},{"damage":9,"enemies":"Red Slaver","floor":7,"turns":5},{"damage":9,"enemies":"Large Slime","floor":10,"turns":2},{"damage":21,"enemies":"3 Sentries","floor":13,"turns":3},{"damage":11,"enemies":"Blue Slaver","floor":14,"turns":4},{"damage":25,"enemies":"Hexaghost","floor":16,"turns":9},{"damage":7,"enemies":"3 Byrds","floor":18,"turns":2},{"damage":19,"enemies":"2 Thieves","floor":20,"turns":2},{"damage":23,"enemies":"Shelled Parasite and Fungi","floor":22,"turns":5},{"damage":3,"enemies":"Sentry and Sphere","floor":27,"turns":4},{"damage":8,"enemies":"3 Cultists","floor":29,"turns":4},{"damage":48,"enemies":"Collector","floor":33,"turns":9},{"damage":42,"enemies":"Orb Walker","floor":35,"turns":15},{"damage":13,"enemies":"3 Shapes","floor":39,"turns":3},{"damage":25,"enemies":"Jaw Worm Horde","floor":41,"turns":4},{"damage":28,"enemies":"3 Darklings","floor":45,"turns":3},{"damage":96,"enemies":"Maw","floor":48,"turns":9},{"damage":122,"enemies":"Donu and Deca","floor":50,"turns":18}],"seed_played":"-7027083008275483538","potions_obtained":[{"floor":4,"key":"Explosive Potion"},{"floor":7,"key":"Strength Potion"},{"floor":10,"key":"SteroidPotion"},{"floor":13,"key":"Block Potion"},{"floor":20,"key":"CultistPotion"},{"floor":29,"key":"DistilledChaos"},{"floor":33,"key":"EssenceOfSteel"},{"floor":35,"key":"Energy Potion"},{"floor":48,"key":"Block Potion"}],"is_trial":false,"path_per_floor":["M","M","M","M","$","R","M","$","T","M","?","R","E","M","R","B",null,"M","?","M","$","M","R","?","R","T","M","$","M","?","$","R","B",null,"M","?","?","?","M","R","M","R","T","R","M","R","?","M","R","B"],"character_chosen":"THE_SILENT","items_purchased":["Corpse Explosion","Noxious Fumes","Footwork+1","Footwork+1"],"campfire_rested":2,"item_purchase_floors":[5,21,28,31],"current_hp_per_floor":[70,70,70,60,60,60,53,53,53,45,45,66,48,41,41,18,70,63,63,59,59,49,74,74,74,74,74,74,70,70,70,70,41,85,85,85,81,81,70,70,79,79,79,79,81,81,81,50,50,81,81],"gold":80,"neow_bonus":"","is_daily":false,"chose_seed":false,"campfire_upgraded":2,"win_rate":0.0,"timestamp":1613145037,"path_taken":["M","M","M","M","?","R","M","$","T","?","?","R","E","M","R","BOSS","M","?","M","$","?","R","?","R","T","M","$","M","?","?","R","BOSS","M","?","?","?","M","R","M","R","T","R","M","R","?","?","R","BOSS"],"items_purchased_type":["Card","Card","Card","Card"],"build_version":"2020-12-22","purchased_purges":3,"victory":false,"max_hp_per_floor":[70,70,70,70,70,70,70,70,70,70,70,70,70,70,70,70,70,70,70,85,85,85,85,85,85,85,85,85,85,85,85,85,85,85,85,85,81,81,81,81,81,81,81,81,81,81,81,81,81,81,81],"card_choices":[{"not_picked":["Scorched","CrumblingArmor"],"picked":"SnowQueen","floor":1},{"not_picked":["Bane","Blade Dance"],"picked":"Dagger Spray","floor":1},{"not_picked":["WallGazer","Rudolta"],"picked":"FairyFestival","floor":2},{"not_picked":["Bane","Blade Dance","Catalyst"],"picked":"SKIP","floor":2},{"not_picked":["Yin","PunishingBird"],"picked":"Bloodbath","floor":3},{"not_picked":["Choke","Backstab"],"picked":"Deadly Poison","floor":3},{"not_picked":["Scorched","LaLuna"],"picked":"CherryBlossoms","floor":4},{"not_picked":["Distraction","Deflect"],"picked":"Quick Slash","floor":4},{"not_picked":["MeatLantern","SpiderBud"],"picked":"OSAHOGD","floor":7},{"not_picked":["Outmaneuver","Acrobatics"],"picked":"Crippling Poison","floor":7},{"not_picked":["Scorched","Murderer"],"picked":"WallGazer","floor":10},{"not_picked":["Deadly Poison","All Out Attack"],"picked":"Caltrops","floor":10},{"not_picked":["Dagger Spray","Slice"],"picked":"Die Die Die","floor":13},{"not_picked":["Murderer","Scorched"],"picked":"QueenBee","floor":14},{"not_picked":["Deadly Poison","Finisher"],"picked":"Poisoned Stab","floor":14},{"not_picked":["OldLady","Wellcheers"],"picked":"SilentOrchestra","floor":16},{"not_picked":["Grand Finale","Glass Knife"],"picked":"Adrenaline","floor":16},{"not_picked":["OldLady","Scorched"],"picked":"LittlePrince","floor":18},{"not_picked":["Blade Dance","Calculated Gamble"],"picked":"Backflip","floor":18},{"not_picked":["BigBadWolf","ShyLook"],"picked":"Wellcheers","floor":20},{"not_picked":["Setup","Poisoned Stab+1"],"picked":"PiercingWail+1","floor":20},{"not_picked":["VoidDream","FieryBird"],"picked":"MeatLantern","floor":22},{"not_picked":["Burst","Cloak And Dagger","Deflect"],"picked":"SKIP","floor":22},{"not_picked":["Dodge and Roll+1","Poisoned Stab+1"],"picked":"Blur","floor":27},{"not_picked":["PunishingBird","LaLuna"],"picked":"BlueStar","floor":29},{"not_picked":["Quick Slash","Dagger Spray","Deadly Poison"],"picked":"SKIP","floor":29},{"not_picked":["BlackArmy","MHz","HeroicMonk"],"picked":"Singing Bowl","floor":33},{"not_picked":["HeroicMonk","CrumblingArmor"],"picked":"ShyLook","floor":33},{"not_picked":["Storm of Steel","Doppelganger"],"picked":"Bullet Time","floor":33},{"not_picked":["Mercenary","LittlePrince"],"picked":"DespairKnight","floor":35},{"not_picked":["Backflip","Sucker Punch"],"picked":"Adrenaline","floor":35},{"not_picked":["Forethought","Magnetism+1"],"picked":"Dramatic Entrance","floor":36},{"not_picked":["BlackSwan","BigBird"],"picked":"WhiteNight","floor":39},{"not_picked":["Outmaneuver+1","Dagger Throw+1","Flying Knee"],"picked":"SKIP","floor":39},{"not_picked":["Outmaneuver+1","Dagger Throw+1","Flying Knee"],"picked":"SKIP","floor":39},{"not_picked":["QueenOfHatred","GreedKing"],"picked":"UniverseFragment","floor":41},{"not_picked":["Masterful Stab","Accuracy+1"],"picked":"Flying Knee","floor":41},{"not_picked":["MeatLantern","Funeral"],"picked":"Laetitia","floor":45},{"not_picked":["Bouncing Flask+1","Leg Sweep+1"],"picked":"All Out Attack","floor":45},{"not_picked":["LittlePrince","HappyTeddy"],"picked":"DreamingCurrent","floor":48},{"not_picked":["Masterful Stab","Well Laid Plans+1","Flying Knee"],"picked":"SKIP","floor":48}],"player_experience":508652,"relics_obtained":[{"floor":9,"key":"Gremlin Horn"},{"floor":13,"key":"Boot"},{"floor":26,"key":"Frozen Egg 2"},{"floor":35,"key":"AtMidnight"},{"floor":43,"key":"Akabeko"}],"event_choices":[{"damage_healed":0,"gold_gain":175,"player_choice":"AGREE","damage_taken":0,"max_hp_gain":0,"max_hp_loss":0,"event_name":"Liars Game","floor":11,"gold_loss":0,"cards_obtained":["Doubt"]},{"cards_removed":["FairyFestival"],"damage_healed":0,"gold_gain":0,"player_choice":"Elegance","damage_taken":0,"max_hp_gain":0,"max_hp_loss":0,"event_name":"Back to Basics","floor":19,"gold_loss":0},{"damage_healed":0,"gold_gain":0,"player_choice":"Obtained Relic","damage_taken":0,"relics_obtained":["Peace Pipe"],"max_hp_gain":0,"max_hp_loss":0,"event_name":"Addict","floor":24,"gold_loss":85},{"damage_healed":0,"gold_gain":0,"player_choice":"Ignored","damage_taken":0,"max_hp_gain":0,"max_hp_loss":0,"event_name":"Ghosts","floor":30,"gold_loss":0},{"damage_healed":0,"gold_gain":0,"player_choice":"Memory 1","damage_taken":0,"max_hp_gain":0,"max_hp_loss":0,"event_name":"SensoryStone","floor":36,"gold_loss":0},{"damage_healed":0,"gold_gain":0,"player_choice":"Max HP","damage_taken":0,"max_hp_gain":0,"max_hp_loss":4,"event_name":"Winding Halls","floor":37,"gold_loss":0},{"damage_healed":0,"gold_gain":0,"player_choice":"Paid","damage_taken":0,"relics_obtained":["Red Mask"],"max_hp_gain":0,"max_hp_loss":0,"event_name":"Tomb of Lord Red Mask","floor":38,"gold_loss":130},{"damage_healed":0,"gold_gain":0,"player_choice":"Ignored","damage_taken":0,"max_hp_gain":0,"max_hp_loss":0,"event_name":"Mysterious Sphere","floor":47,"gold_loss":0}],"is_beta":false,"boss_relics":[{"not_picked":["Tiny House","HoveringKite"],"picked":"Ring of the Serpent"},{"not_picked":["Black Star","Cursed Key"],"picked":"SacredBark"}],"items_purged_floors":[5,21,28],"is_endless":false,"potions_floor_spawned":[4,7,10,13,20,29,33,35,48],"killed_by":"Donu and Deca","ascension_level":0}}