{"host":"17trt2gvjgnh9jmc","time":1613100662,"event":{"mods":["AchievementEnabler","BaseMod","Bestiary","Colored Map","Minty Spire (QoL Compilation)","Relic Stats"],"gold_per_floor":[115,133,150,167,179,213,213,246,270,48,68,68,100,100,100,200,200,220,135,135,149,12,46,46,73,73,107,107,107,107,120,120,223,223,236,236,255,270,270,270,302,302,350,350,383,396,421,434,434,434],"floor_reached":51,"language":"ENG","playtime":9049,"items_purged":["Defend_P","Defend_P"],"score":956,"play_id":"6af072d3-957b-4ac8-bf89-df73e3050492","local_time":"20210212043102","is_ascension_mode":true,"campfire_choices":[{"data":"Eruption","floor":15,"key":"SMITH"},{"data":"Meditate","floor":24,"key":"SMITH"},{"data":"BattleHymn","floor":29,"key":"SMITH"},{"data":"Adaptation","floor":32,"key":"SMITH"},{"data":"Establishment","floor":40,"key":"SMITH"},{"data":"1","floor":42,"key":"LIFT"},{"data":"2","floor":44,"key":"LIFT"},{"data":"3","floor":49,"key":"LIFT"}],"circlet_count":0,"master_deck":["Defend_P","Eruption+1","Vigilance","Protect","FollowUp","FlyingSleeves","EmptyFist+1","CarveReality","FlyingSleeves+1","EmptyMind","Adaptation+1","ReachHeaven+1","Meditate+1","MentalFortress","Scrawl","EmptyFist+1","Bite+1","Bite+1","Bite+1","Bite+1","Bite+1","BattleHymn+1","MentalFortress","DeceiveReality","FollowUp+1","Shame","InnerPeace","Vengeance","Establishment+1","Vengeance+1","ClearTheMind+1","Normality","Vengeance+1","Doubt","Vault","BattleHymn","Crescendo+1","FollowUp+1"],"relics":["PureWater","Molten Egg 2","Mummified Hand","MealTicket","Bronze Scales","Cursed Key","Kunai","Orichalcum","Oddly Smooth Stone","Girya","Black Star","InkBottle","Shuriken","Nunchaku","Happy Flower","Centennial Puzzle","Meat on the Bone","Eternal Feather","Darkstone Periapt"],"acts_visited":["Exordium","TheCity","TheBeyond"],"potions_floor_usage":[11,13,23,31,47],"damage_taken":[{"damage":0,"enemies":"Cultist","floor":1,"turns":2},{"damage":9,"enemies":"Jaw Worm","floor":2,"turns":3},{"damage":0,"enemies":"2 Louse","floor":3,"turns":2},{"damage":7,"enemies":"Blue Slaver","floor":4,"turns":3},{"damage":4,"enemies":"Large Slime","floor":5,"turns":7},{"damage":16,"enemies":"Lagavulin","floor":6,"turns":8},{"damage":0,"enemies":"Gremlin Nob","floor":8,"turns":2},{"damage":0,"enemies":"Looter","floor":11,"turns":2},{"damage":10,"enemies":"3 Sentries","floor":13,"turns":4},{"damage":0,"enemies":"Slime Boss","floor":16,"turns":7},{"damage":1,"enemies":"Spheric Guardian","floor":18,"turns":3},{"damage":5,"enemies":"2 Thieves","floor":21,"turns":3},{"damage":13,"enemies":"Gremlin Leader","floor":23,"turns":4},{"damage":6,"enemies":"Book of Stabbing","floor":25,"turns":3},{"damage":16,"enemies":"Gremlin Leader","floor":27,"turns":7},{"damage":10,"enemies":"Snake Plant","floor":31,"turns":3},{"damage":50,"enemies":"Collector","floor":33,"turns":8},{"damage":12,"enemies":"Orb Walker","floor":35,"turns":3},{"damage":0,"enemies":"3 Shapes","floor":37,"turns":2},{"damage":17,"enemies":"Sphere and 2 Shapes","floor":38,"turns":4},{"damage":2,"enemies":"Reptomancer","floor":41,"turns":3},{"damage":33,"enemies":"Nemesis","floor":45,"turns":3},{"damage":17,"enemies":"4 Shapes","floor":46,"turns":4},{"damage":0,"enemies":"Giant Head","floor":47,"turns":6},{"damage":14,"enemies":"Transient","floor":48,"turns":5},{"damage":55,"enemies":"Time Eater","floor":50,"turns":7}],"seed_played":"-6915751414213740525","potions_obtained":[{"floor":2,"key":"LiquidBronze"},{"floor":4,"key":"ColorlessPotion"},{"floor":8,"key":"SteroidPotion"},{"floor":11,"key":"EntropicBrew"},{"floor":16,"key":"Weak Potion"},{"floor":18,"key":"DuplicationPotion"},{"floor":25,"key":"FairyPotion"},{"floor":33,"key":"Swift Potion"},{"floor":45,"key":"Strength Potion"}],"is_trial":false,"path_per_floor":["M","M","M","M","M","E","?","E","T","$","M","$","E","?","R","B",null,"M","?","?","M","$","E","R","E","T","E","?","R","?","M","R","B",null,"M","?","M","M","T","R","E","R","T","R","E","M","E","M","R","B",null],"character_chosen":"WATCHER","items_purchased":["Adaptation","ReachHeaven+1","MentalFortress"],"campfire_rested":0,"item_purchase_floors":[10,10,22],"current_hp_per_floor":[79,70,70,63,59,43,43,43,43,43,45,45,37,34,34,36,79,78,78,78,79,79,78,78,79,79,78,78,78,78,75,75,38,79,67,67,67,68,68,68,75,75,75,75,51,43,61,56,77,43],"gold":434,"neow_bonus":"TEN_PERCENT_HP_BONUS","is_daily":false,"chose_seed":false,"campfire_upgraded":5,"win_rate":0.0,"timestamp":1613100662,"path_taken":["M","M","M","M","?","E","?","E","T","?","M","$","E","?","R","BOSS","M","?","?","M","$","E","R","E","T","E","?","R","?","M","R","BOSS","M","?","M","M","?","R","E","R","T","R","E","M","E","?","R","BOSS"],"items_purchased_type":["Card","Card","Card"],"build_version":"2020-12-22","purchased_purges":2,"victory":true,"max_hp_per_floor":[79,79,79,79,79,79,79,79,79,79,79,79,79,79,79,79,79,79,79,79,79,79,79,79,79,79,79,79,79,79,79,79,79,79,79,79,79,79,79,79,79,79,79,79,79,79,79,79,79,79],"relic_stats":{"Darkstone Periapt":0,"Happy Flower":[8],"counters":[26,108],"Eternal Feather":21,"Orichalcum":[114],"Cursed Key":3,"Nunchaku":[7],"Centennial Puzzle":[9],"Mummified Hand":[70],"Shuriken":[16],"Bronze Scales":[159],"MealTicket":0,"Black Star":3,"Kunai":[47],"obtain_stats":[{"Darkstone Periapt":47,"Girya":27,"Happy Flower":43,"Oddly Smooth Stone":25,"Eternal Feather":47,"Orichalcum":23,"Cursed Key":17,"Blood Vial":9,"Nunchaku":41,"Centennial Puzzle":45,"Mummified Hand":8,"Shuriken":41,"Bronze Scales":14,"Molten Egg 2":6,"MealTicket":13,"Black Star":34,"Kunai":19,"PureWater":0,"InkBottle":39,"Meat on the Bone":45},{"Darkstone Periapt":24,"Girya":15,"Happy Flower":21,"Oddly Smooth Stone":14,"Eternal Feather":24,"Orichalcum":13,"Cursed Key":10,"Blood Vial":7,"Nunchaku":21,"Centennial Puzzle":22,"Mummified Hand":7,"Shuriken":21,"Bronze Scales":9,"Molten Egg 2":6,"MealTicket":9,"Black Star":17,"Kunai":11,"PureWater":0,"InkBottle":20,"Meat on the Bone":22},{"Darkstone Periapt":96,"Girya":60,"Happy Flower":83,"Oddly Smooth Stone":53,"Eternal Feather":96,"Orichalcum":50,"Cursed Key":40,"Blood Vial":27,"Nunchaku":83,"Centennial Puzzle":86,"Mummified Hand":27,"Shuriken":83,"Bronze Scales":33,"Molten Egg 2":25,"MealTicket":33,"Black Star":71,"Kunai":43,"PureWater":0,"InkBottle":80,"Meat on the Bone":86}],"InkBottle":[15],"Meat on the Bone":12},"card_choices":[{"not_picked":["CrushJoints","SashWhip"],"picked":"Protect","floor":1},{"not_picked":["CutThroughFate","Swivel"],"picked":"FollowUp","floor":2},{"not_picked":["ReachHeaven","Prostrate"],"picked":"FlyingSleeves","floor":3},{"not_picked":["Halt","LikeWater"],"picked":"EmptyFist","floor":4},{"not_picked":["BowlingBash","Protect"],"picked":"CarveReality","floor":5},{"not_picked":["CrushJoints+1","PathToVictory"],"picked":"FlyingSleeves+1","floor":6},{"not_picked":["JustLucky+1","EmptyBody"],"picked":"EmptyMind","floor":8},{"not_picked":["SashWhip+1","Pray"],"picked":"Meditate","floor":11},{"not_picked":["Alpha","WindmillStrike+1"],"picked":"MentalFortress","floor":13},{"not_picked":["Alpha","SpiritShield"],"picked":"Scrawl","floor":16},{"not_picked":["ThirdEye+1","Study"],"picked":"EmptyFist+1","floor":18},{"not_picked":["ReachHeaven+1","ForeignInfluence"],"picked":"BattleHymn","floor":21},{"not_picked":["Conclude+1","ForeignInfluence"],"picked":"DeceiveReality","floor":23},{"not_picked":["FearNoEvil+1","EmptyBody"],"picked":"FollowUp+1","floor":25},{"not_picked":["PathToVictory","WreathOfFlame+1"],"picked":"InnerPeace","floor":27},{"not_picked":["Perseverance","Swivel"],"picked":"Vengeance","floor":31},{"not_picked":["Brilliance+1","Blasphemy"],"picked":"Establishment","floor":33},{"not_picked":["CutThroughFate+1","FlurryOfBlows+1"],"picked":"Vengeance+1","floor":35},{"not_picked":["Consecrate+1","PathToVictory"],"picked":"ClearTheMind+1","floor":37},{"not_picked":["PathToVictory","FlurryOfBlows+1","SashWhip+1"],"picked":"SKIP","floor":38},{"not_picked":["Evaluate","SashWhip+1"],"picked":"Vengeance+1","floor":41},{"not_picked":["BattleHymn","Prostrate+1"],"picked":"Vault","floor":45},{"not_picked":["EmptyMind","LikeWater"],"picked":"BattleHymn","floor":46},{"not_picked":["Collect","InnerPeace"],"picked":"Crescendo+1","floor":47},{"not_picked":["Crescendo","Evaluate"],"picked":"FollowUp+1","floor":48}],"player_experience":446634,"relics_obtained":[{"floor":6,"key":"Molten Egg 2"},{"floor":8,"key":"Mummified Hand"},{"floor":9,"key":"Blood Vial"},{"floor":13,"key":"MealTicket"},{"floor":23,"key":"Orichalcum"},{"floor":25,"key":"Oddly Smooth Stone"},{"floor":27,"key":"Girya"},{"floor":39,"key":"InkBottle"},{"floor":41,"key":"Shuriken"},{"floor":41,"key":"Nunchaku"},{"floor":43,"key":"Happy Flower"},{"floor":45,"key":"Centennial Puzzle"},{"floor":45,"key":"Meat on the Bone"},{"floor":47,"key":"Eternal Feather"},{"floor":47,"key":"Darkstone Periapt"}],"event_choices":[{"damage_healed":0,"gold_gain":0,"player_choice":"Upgraded","damage_taken":0,"max_hp_gain":0,"max_hp_loss":0,"event_name":"Upgrade Shrine","floor":7,"gold_loss":0,"cards_upgraded":["EmptyFist"]},{"damage_healed":0,"gold_gain":0,"player_choice":"Success","damage_taken":3,"relics_obtained":["Bronze Scales"],"max_hp_gain":0,"max_hp_loss":0,"event_name":"Scrap Ooze","floor":14,"gold_loss":0},{"damage_healed":0,"gold_gain":0,"player_choice":"Obtained Relic","damage_taken":0,"relics_obtained":["Kunai"],"max_hp_gain":0,"max_hp_loss":0,"event_name":"Addict","floor":19,"gold_loss":85},{"damage_healed":0,"gold_gain":0,"player_choice":"Became a vampire (Vial)","damage_taken":0,"max_hp_gain":0,"max_hp_loss":0,"event_name":"Vampires","floor":20,"relics_lost":["Blood Vial"],"gold_loss":0,"cards_obtained":["Bite","Bite","Bite","Bite","Bite"]},{"cards_removed":["Defend_P"],"damage_healed":0,"gold_gain":0,"player_choice":"Elegance","damage_taken":0,"max_hp_gain":0,"max_hp_loss":0,"event_name":"Back to Basics","floor":28,"gold_loss":0},{"damage_healed":0,"gold_gain":0,"player_choice":"Ignored","damage_taken":0,"max_hp_gain":0,"max_hp_loss":0,"event_name":"Ghosts","floor":30,"gold_loss":0},{"damage_healed":0,"gold_gain":0,"player_choice":"Ignored","damage_taken":0,"max_hp_gain":0,"max_hp_loss":0,"event_name":"Tomb of Lord Red Mask","floor":36,"gold_loss":0}],"is_beta":false,"boss_relics":[{"not_picked":["Snecko Eye","SacredBark"],"picked":"Cursed Key"},{"not_picked":["Busted Crown","Tiny House"],"picked":"Black Star"}],"items_purged_floors":[10,22],"is_endless":false,"potions_floor_spawned":[2,4,8,11,16,18,25,33,37,38,45],"ascension_level":1}}