{"host":"x7u3amoxy3d4heu5","time":1613164982,"event":{"mods":["BaseMod","Colored Map","DeckTracker","Hermit","Hubris","Infinite Spire","Marisa????????","Minty Spire (QoL Compilation)","Quick Restart","Replay The Spire","StSLib","The Cursed","The IronCluck","The Jungle","The Servant 0.9.4","The Wild Card","Unceasing Turn Reminder","slay the spire mod where everything is the same but ironclad has a cowboy hat"],"gold_per_floor":[115,115,115,130,149,183,183,212,239,258,258,278,278,289,289,289,289],"floor_reached":16,"language":"ENG","playtime":575,"items_purged":[],"score":123,"play_id":"393f95b6-3521-4f7c-a444-6a7f605f24f8","local_time":"20210212142302","is_ascension_mode":true,"campfire_choices":[{"floor":7,"key":"REST"},{"floor":13,"key":"REST"},{"data":"hermit:Grudge","floor":15,"key":"SMITH"}],"circlet_count":0,"master_deck":["hermit:Strike_Hermit+1","hermit:Strike_Hermit","hermit:Strike_Hermit","hermit:Defend_Hermit+1","hermit:Defend_Hermit","hermit:Defend_Hermit","hermit:Defend_Hermit","hermit:Snapshot","hermit:Covet","hermit:FromBeyond","hermit:HighCaliber","hermit:BodyArmor","hermit:WideOpen","hermit:BigShot","hermit:Grudge+1","hermit:Desperado","hermit:HighCaliber","hermit:BodyArmor"],"relics":["hermit:Momento","Blue Doll","infinitespire:Eraser","Replay:Wax Seal"],"acts_visited":["Exordium"],"potions_floor_usage":[16],"damage_taken":[{"damage":0,"enemies":"Small Slimes","floor":1,"turns":3},{"damage":0,"enemies":"2 Louse","floor":4,"turns":2},{"damage":0,"enemies":"Cultist","floor":5,"turns":3},{"damage":22,"enemies":"3 Sentries","floor":6,"turns":8},{"damage":25,"enemies":"Gremlin Nob","floor":8,"turns":4},{"damage":0,"enemies":"Large Slime","floor":10,"turns":4},{"damage":10,"enemies":"Gremlin Gang","floor":12,"turns":4},{"damage":1,"enemies":"Lots of Slimes","floor":14,"turns":3},{"damage":47,"enemies":"Slime Boss","floor":16,"turns":8}],"seed_played":"-8539634386041137600","potions_obtained":[{"floor":1,"key":"DuplicationPotion"},{"floor":8,"key":"Weak Potion"},{"floor":10,"key":"Dexterity Potion"},{"floor":11,"key":"hermit:Tonic"}],"is_trial":false,"path_per_floor":["M","?","?","M","M","E","R","E","T","M","?","M","R","M","R","B"],"character_chosen":"HERMIT","items_purchased":[],"campfire_rested":2,"item_purchase_floors":[],"current_hp_per_floor":[75,60,60,60,60,38,60,35,35,35,35,25,47,46,46,0,0],"gold":289,"neow_bonus":"ONE_RANDOM_RARE_CARD","is_daily":false,"chose_seed":false,"campfire_upgraded":1,"win_rate":0.0,"timestamp":1613164982,"path_taken":["M","?","?","M","?","E","R","E","T","M","?","M","R","?","R","BOSS"],"items_purchased_type":[],"build_version":"2020-12-22","purchased_purges":0,"victory":false,"max_hp_per_floor":[75,75,75,75,75,75,75,75,75,75,75,75,75,75,75,75,75],"card_choices":[{"not_picked":["hermit:TakeAim","hermit:Glare"],"picked":"hermit:HighCaliber","floor":1},{"not_picked":["hermit:Vantage","hermit:HighCaliber"],"picked":"hermit:BodyArmor","floor":4},{"not_picked":["hermit:HoleUp","hermit:BigShot"],"picked":"hermit:WideOpen","floor":5},{"not_picked":["hermit:ItchyTrigger","hermit:CursedWeapon"],"picked":"hermit:BigShot","floor":6},{"not_picked":["hermit:Roulette","hermit:HeroicBravado"],"picked":"hermit:Grudge","floor":8},{"not_picked":["hermit:Snipe","hermit:NoHoldsBarred"],"picked":"hermit:Desperado","floor":10},{"not_picked":["hermit:Manifest","hermit:Vantage"],"picked":"hermit:HighCaliber","floor":12},{"not_picked":["hermit:LowProfile","hermit:Glare"],"picked":"hermit:BodyArmor","floor":14}],"player_experience":609178,"relics_obtained":[{"floor":6,"key":"Blue Doll"},{"floor":8,"key":"infinitespire:Eraser"},{"floor":9,"key":"Replay:Wax Seal"}],"event_choices":[{"damage_healed":0,"gold_gain":0,"player_choice":"Entered Light","damage_taken":15,"max_hp_gain":0,"max_hp_loss":0,"event_name":"Shining Light","floor":2,"gold_loss":0,"cards_upgraded":["hermit:Strike_Hermit","hermit:Defend_Hermit"]},{"cards_removed":["hermit:Strike_Hermit"],"damage_healed":0,"gold_gain":0,"player_choice":"Offered Basic","damage_taken":0,"max_hp_gain":0,"max_hp_loss":0,"event_name":"Bonfire Elementals","floor":3,"gold_loss":0},{"damage_healed":0,"gold_gain":0,"player_choice":"Got Potions","damage_taken":0,"max_hp_gain":0,"max_hp_loss":0,"event_name":"Lab","floor":11,"gold_loss":0}],"is_beta":false,"boss_relics":[],"items_purged_floors":[],"is_endless":false,"potions_floor_spawned":[1,8,10],"killed_by":"Slime Boss","ascension_level":2}}