{"host":"vpaavrwbmey593fx","time":1613173706,"event":{"mods":["AchievementEnabler","BaseMod","Bestiary","Colored Map","Colored Powertips","DeckTracker","Minty Spire (QoL Compilation)","Relic Sorter"],"gold_per_floor":[118,118,139,154,179,218,218,257,325,345,59,59,77,97,97,216,216,235,19,32,32,46,77,77,77,77,92,92,107,107,128,128,249,249,274,274,287,305,329,329,329,365,365,290,290,323,323,342,342,342,342,342,31,65,65],"floor_reached":56,"language":"ENG","playtime":6044,"items_purged":["Defend_G"],"score":1614,"play_id":"efe3ab9f-39ff-4878-8d5a-1139f2b80d85","local_time":"20210212154826","is_ascension_mode":true,"campfire_choices":[{"floor":7.0,"key":"REST"},{"data":"Bouncing Flask","floor":15.0,"key":"SMITH"},{"floor":24.0,"key":"REST"},{"data":"Wraith Form v2","floor":28.0,"key":"SMITH"},{"floor":30.0,"key":"REST"},{"floor":32,"key":"REST"},{"data":"Wraith Form v2","floor":40,"key":"SMITH"},{"data":"Venomology","floor":45,"key":"SMITH"},{"floor":47,"key":"RECALL"},{"data":"Neutralize","floor":49,"key":"SMITH"},{"data":"Sucker Punch","floor":52,"key":"SMITH"}],"circlet_count":0,"master_deck":["Strike_G","Strike_G","Strike_G","Strike_G","Defend_G","Defend_G","Defend_G","Defend_G","Survivor","Neutralize+1","Poisoned Stab","Backflip","Sucker Punch+1","Infinite Blades","Unload+1","Bouncing Flask+1","Venomology+1","Backstab+1","Well Laid Plans+1","Wraith Form v2+1","Prepared","Bane+1","Blur","Noxious Fumes","Noxious Fumes","Noxious Fumes","Deflect+1","Wraith Form v2+1","PiercingWail","Madness","PiercingWail","PanicButton","Caltrops+1"],"relics":["Ring of the Snake","InkBottle","Pen Nib","Golden Idol","Ginger","StrikeDummy","Gambling Chip","HoveringKite","Orrery","Bronze Scales","Enchiridion","Mango","Coffee Dripper","PreservedInsect","Medical Kit","Pocketwatch"],"acts_visited":["Exordium","TheCity","TheBeyond","TheEnding"],"potions_floor_usage":[33,33,38,38,39,42,42,46,46,48,50,54,55,55,55],"damage_taken":[{"damage":10.0,"enemies":"Small Slimes","floor":1.0,"turns":7.0},{"damage":3.0,"enemies":"2 Louse","floor":3.0,"turns":4.0},{"damage":0.0,"enemies":"Cultist","floor":4.0,"turns":4.0},{"damage":1.0,"enemies":"Blue Slaver","floor":5.0,"turns":6.0},{"damage":34.0,"enemies":"Lagavulin","floor":6.0,"turns":10.0},{"damage":13.0,"enemies":"Gremlin Nob","floor":8.0,"turns":4.0},{"damage":3.0,"enemies":"Large Slime","floor":10.0,"turns":5.0},{"damage":4.0,"enemies":"Red Slaver","floor":13.0,"turns":3.0},{"damage":0.0,"enemies":"Exordium Wildlife","floor":14.0,"turns":2.0},{"damage":5.0,"enemies":"The Guardian","floor":16.0,"turns":9.0},{"damage":3.0,"enemies":"Chosen","floor":18.0,"turns":3.0},{"damage":4.0,"enemies":"2 Thieves","floor":20.0,"turns":2.0},{"damage":8.0,"enemies":"Cultist and Chosen","floor":22.0,"turns":6.0},{"damage":16.0,"enemies":"Book of Stabbing","floor":23.0,"turns":6.0},{"damage":13.0,"enemies":"Centurion and Healer","floor":27.0,"turns":5.0},{"damage":14.0,"enemies":"Shelled Parasite and Fungi","floor":29.0,"turns":6.0},{"damage":5.0,"enemies":"3 Cultists","floor":31.0,"turns":4.0},{"damage":28,"enemies":"Automaton","floor":33,"turns":9},{"damage":0,"enemies":"3 Shapes","floor":35,"turns":5},{"damage":0,"enemies":"Orb Walker","floor":37,"turns":4},{"damage":11,"enemies":"Maw","floor":38,"turns":7},{"damage":3,"enemies":"Spire Growth","floor":39,"turns":5},{"damage":6,"enemies":"Nemesis","floor":42,"turns":7},{"damage":0,"enemies":"Giant Head","floor":46,"turns":9},{"damage":7,"enemies":"Transient","floor":48,"turns":5},{"damage":29,"enemies":"Donu and Deca","floor":50,"turns":9},{"damage":4,"enemies":"Shield and Spear","floor":54,"turns":5},{"damage":51,"enemies":"The Heart","floor":55,"turns":10}],"seed_played":"-1759649950964935463","potions_obtained":[{"floor":0.0,"key":"Ancient Potion"},{"floor":0.0,"key":"SneckoOil"},{"floor":0.0,"key":"GhostInAJar"},{"floor":1.0,"key":"Explosive Potion"},{"floor":4.0,"key":"Explosive Potion"},{"floor":6.0,"key":"AttackPotion"},{"floor":13.0,"key":"PowerPotion"},{"floor":27.0,"key":"PowerPotion"},{"floor":38,"key":"AttackPotion"},{"floor":39,"key":"BlessingOfTheForge"},{"floor":42,"key":"Energy Potion"},{"floor":54,"key":"SkillPotion"}],"is_trial":false,"path_per_floor":["M","?","M","M","M","E","R","E","T","M","$","?","M","M","R","B",null,"M","$","M","?","M","E","R","?","T","M","R","M","R","M","R","B",null,"M","?","M","M","M","R","?","E","T","$","R","E","R","M","R","B",null,"R","$","E","B",null],"character_chosen":"THE_SILENT","items_purchased":["Gambling Chip","Orrery","Blur","Ancient Potion","PanicButton","Medical Kit"],"campfire_rested":4,"item_purchase_floors":[11,19,19,53,53,53],"current_hp_per_floor":[53,53,50,50,49,15,34,21,21,18,18,18,14,14,14,9,51,48,48,44,44,36,20,39,23,37,24,24,10,33,28,51,23,65,65,65,65,54,51,51,79,73,73,73,73,73,73,66,66,37,69,69,69,65,29],"gold":65,"neow_bonus":"THREE_SMALL_POTIONS","is_daily":false,"chose_seed":false,"campfire_upgraded":6,"win_rate":0.0,"timestamp":1613173706,"path_taken":["M","?","M","M","M","E","R","E","T","M","$","?","M","M","R","BOSS","M","$","M","?","?","E","R","?","T","M","R","M","R","M","R","BOSS","M","?","?","M","M","R","?","E","T","$","R","E","R","?","R","BOSS","R","$","E","BOSS"],"items_purchased_type":["Relic","Relic","Card","Potion","Card","Relic"],"build_version":"2020-12-22","purchased_purges":1,"victory":true,"max_hp_per_floor":[70,65,65,65,65,65,65,65,65,65,65,65,65,65,65,65,65,65,65,65,65,65,65,65,65,79,79,79,79,79,79,79,79,79,79,79,79,79,79,79,79,79,79,79,79,79,79,79,79,79,79,79,79,79,79],"card_choices":[{"not_picked":["Outmaneuver","Cloak And Dagger"],"picked":"Poisoned Stab","floor":1.0},{"not_picked":["Eviscerate","Sucker Punch"],"picked":"Backflip","floor":3.0},{"not_picked":["Underhanded Strike","Reflex"],"picked":"Sucker Punch","floor":4.0},{"not_picked":["Deadly Poison","Setup"],"picked":"Infinite Blades","floor":5.0},{"not_picked":["Endless Agony","Dagger Throw","Deadly Poison"],"picked":"SKIP","floor":6.0},{"not_picked":["Riddle With Holes","Backflip","Poisoned Stab"],"picked":"SKIP","floor":8.0},{"not_picked":["Masterful Stab","Predator"],"picked":"Unload","floor":10.0},{"not_picked":["Acrobatics","Predator","Dodge and Roll"],"picked":"SKIP","floor":13.0},{"not_picked":["Tactician","Blade Dance"],"picked":"Bouncing Flask","floor":14.0},{"not_picked":["Envenom","A Thousand Cuts"],"picked":"Venomology","floor":16.0},{"not_picked":["Skewer","Sucker Punch"],"picked":"Backstab+1","floor":18.0},{"not_picked":["Quick Slash","Cloak And Dagger+1"],"picked":"Well Laid Plans+1","floor":19.0},{"not_picked":["Terror","Dodge and Roll"],"picked":"Wraith Form v2","floor":19.0},{"not_picked":["Masterful Stab","Tactician"],"picked":"Prepared","floor":19.0},{"not_picked":["Slice","Concentrate"],"picked":"Bane+1","floor":19.0},{"not_picked":["Backflip","Grand Finale"],"picked":"Noxious Fumes","floor":20.0},{"not_picked":["Sucker Punch","Dash","Bane"],"picked":"SKIP","floor":22.0},{"not_picked":["Backstab","Concentrate"],"picked":"Noxious Fumes","floor":23.0},{"not_picked":["Blade Dance","Noxious Fumes","Choke+1"],"picked":"SKIP","floor":27.0},{"not_picked":["Prepared+1","Dagger Throw"],"picked":"Deflect+1","floor":29.0},{"not_picked":["Dagger Spray+1","Accuracy+1","Expertise"],"picked":"SKIP","floor":31.0},{"not_picked":["Glass Knife","Grand Finale"],"picked":"Wraith Form v2","floor":33},{"not_picked":["Poisoned Stab+1","Dodge and Roll"],"picked":"PiercingWail","floor":35},{"not_picked":["Quick Slash+1","Well Laid Plans+1"],"picked":"PiercingWail","floor":37},{"not_picked":["Heel Hook+1","Crippling Poison","Die Die Die"],"picked":"SKIP","floor":38},{"not_picked":["Dodge and Roll+1","Flying Knee+1","Masterful Stab+1"],"picked":"SKIP","floor":39},{"not_picked":["Flying Knee+1","Prepared+1","Endless Agony+1"],"picked":"SKIP","floor":42},{"not_picked":["Outmaneuver+1","Blade Dance","Terror"],"picked":"SKIP","floor":46},{"not_picked":["PiercingWail","Sucker Punch","Unload"],"picked":"SKIP","floor":48},{"not_picked":["Blade Dance+1","Dagger Throw"],"picked":"Caltrops+1","floor":54}],"player_experience":351962,"relics_obtained":[{"floor":6.0,"key":"Pen Nib"},{"floor":8.0,"key":"Ginger"},{"floor":9.0,"key":"StrikeDummy"},{"floor":23.0,"key":"Bronze Scales"},{"floor":25.0,"key":"Enchiridion"},{"floor":26.0,"key":"Mango"},{"floor":42,"key":"InkBottle"},{"floor":46,"key":"PreservedInsect"},{"floor":54,"key":"Pocketwatch"}],"event_choices":[{"damage_healed":0.0,"max_hp_gain":0.0,"max_hp_loss":5.0,"gold_gain":0.0,"event_name":"Golden Idol","player_choice":"Lose Max HP","floor":2.0,"gold_loss":0.0,"damage_taken":0.0,"relics_obtained":["Golden Idol"]},{"damage_healed":0.0,"max_hp_gain":0.0,"max_hp_loss":0.0,"gold_gain":0.0,"event_name":"Living Wall","player_choice":"Grow","floor":12.0,"gold_loss":0.0,"damage_taken":0.0,"cards_upgraded":["Unload"]},{"damage_healed":0.0,"max_hp_gain":0.0,"max_hp_loss":0.0,"gold_gain":0.0,"cards_transformed":["Strike_G"],"event_name":"Transmorgrifier","player_choice":"Transformed","floor":21.0,"gold_loss":0.0,"damage_taken":0.0,"cards_obtained":["Noxious Fumes"]},{"damage_healed":0.0,"max_hp_gain":0.0,"max_hp_loss":0.0,"gold_gain":0.0,"event_name":"Cursed Tome","player_choice":"Obtained Book","floor":25.0,"gold_loss":0.0,"damage_taken":16.0},{"damage_healed":0,"gold_gain":0,"player_choice":"1 cards matched","damage_taken":0,"max_hp_gain":0,"max_hp_loss":0,"event_name":"Match and Keep!","floor":36,"gold_loss":0,"cards_obtained":["Madness"]},{"damage_healed":28,"gold_gain":0,"player_choice":"Full Heal","damage_taken":0,"max_hp_gain":0,"max_hp_loss":0,"event_name":"Wheel of Change","floor":41,"gold_loss":0}],"is_beta":false,"boss_relics":[{"not_picked":["Runic Dome","Busted Crown"],"picked":"HoveringKite"},{"not_picked":["WristBlade","Sozu"],"picked":"Coffee Dripper"}],"items_purged_floors":[44],"is_endless":false,"potions_floor_spawned":[1,4,6,13,18,27,38,39,42,54],"ascension_level":9}}