{"host":"uv5ws9rdk87e8i5k","time":1613093294,"event":{"mods":["AchievementEnabler","BaseMod","Colored Map","Minty Spire (QoL Compilation)","Permanent Neow","Quick Restart","StSLib","SuperFastMode","The Necromancer"],"gold_per_floor":[13,25,37,49,69,104,166,183,230,230,230],"floor_reached":10,"language":"ENG","playtime":273,"items_purged":[],"score":79,"play_id":"e4230bea-af00-41fb-8f22-ea3cb52b6cc9","local_time":"20210211192814","is_ascension_mode":true,"campfire_choices":[],"circlet_count":0,"master_deck":["Strike_B","Strike_B","Strike_B","Strike_B","Defend_B","Defend_B","Defend_B","Defend_B","Zap","Dualcast","Electrodynamics","Coolheaded","Streamline","Tempest","Genetic Algorithm","Defragment","Glacier","Defragment"],"relics":["Cracked Core","Letter Opener","Gremlin Horn","Smiling Mask"],"acts_visited":["Exordium"],"potions_floor_usage":[],"damage_taken":[{"damage":12.0,"enemies":"Small Slimes","floor":1.0,"turns":3.0},{"damage":0.0,"enemies":"2 Louse","floor":2.0,"turns":1.0},{"damage":2.0,"enemies":"Jaw Worm","floor":3.0,"turns":4.0},{"damage":8.0,"enemies":"3 Louse","floor":4.0,"turns":3.0},{"damage":9.0,"enemies":"Blue Slaver","floor":5.0,"turns":5.0},{"damage":20.0,"enemies":"Lagavulin","floor":6.0,"turns":6.0},{"damage":7.0,"enemies":"Lagavulin Event","floor":7.0,"turns":5.0},{"damage":0.0,"enemies":"Exordium Thugs","floor":8.0,"turns":3.0},{"damage":20,"enemies":"Gremlin Nob","floor":10,"turns":3}],"seed_played":"-7086731075401678685","potions_obtained":[{"floor":2.0,"key":"DuplicationPotion"},{"floor":6.0,"key":"SkillPotion"}],"is_trial":false,"path_per_floor":["M","M","M","M","M","E","?","M","T","E"],"character_chosen":"DEFECT","items_purchased":[],"campfire_rested":0,"item_purchase_floors":[],"current_hp_per_floor":[63,63,61,53,44,24,17,17,17,0,0],"gold":230,"neow_bonus":"THREE_RARE_CARDS","is_daily":false,"chose_seed":false,"campfire_upgraded":0,"win_rate":0.0,"timestamp":1613093294,"path_taken":["M","M","M","M","M","E","?","M","T","E"],"items_purchased_type":[],"build_version":"2020-12-22","purchased_purges":0,"victory":false,"max_hp_per_floor":[75,75,75,75,75,75,75,75,75,75,75],"card_choices":[{"not_picked":["Core Surge","Seek"],"picked":"Electrodynamics","floor":0.0},{"not_picked":["Compile Driver","Go for the Eyes"],"picked":"Coolheaded","floor":1.0},{"not_picked":["Static Discharge","Barrage"],"picked":"Streamline","floor":2.0},{"not_picked":["Fusion","Compile Driver"],"picked":"Tempest","floor":3.0},{"not_picked":["Compile Driver","Seek"],"picked":"Genetic Algorithm","floor":4.0},{"not_picked":["FTL","Steam"],"picked":"Defragment","floor":5.0},{"not_picked":["Hello World","Meteor Strike"],"picked":"Glacier","floor":6.0},{"not_picked":["Barrage","Compile Driver"],"picked":"Defragment","floor":7.0},{"not_picked":["Genetic Algorithm","Gash","Leap"],"picked":"SKIP","floor":8}],"player_experience":154159,"relics_obtained":[{"floor":6.0,"key":"Letter Opener"},{"floor":7.0,"key":"Gremlin Horn"},{"floor":9,"key":"Smiling Mask"}],"event_choices":[{"damage_healed":0.0,"max_hp_gain":0.0,"max_hp_loss":0.0,"gold_gain":0.0,"event_name":"Dead Adventurer","player_choice":"Searched \u00272\u0027 times","floor":7.0,"gold_loss":0.0,"damage_taken":0.0}],"is_beta":false,"boss_relics":[],"items_purged_floors":[],"is_endless":false,"potions_floor_spawned":[2,6],"killed_by":"Gremlin Nob","ascension_level":2}}