{"host":"Vegetablebread","time":1613155050,"event":{"mods":["BaseMod","Bestiary","Minty Spire (QoL Compilation)","Relic Stats","Slay the Relics Exporter"],"gold_per_floor":[114,134,134,134,153,153,186,186,235,269,269,283,302,316,316,390,390,408,323,323,333,333,333,366,366,420,445,457,467,19,48,48,48,48],"floor_reached":33,"language":"ENG","playtime":7417,"items_purged":["Strike_R"],"score":630,"play_id":"c9233117-98bd-47c6-a682-124ef50e8ff4","local_time":"20210212103730","is_ascension_mode":true,"campfire_choices":[{"data":"Cleave","floor":6,"key":"SMITH"},{"data":"Cleave","floor":8,"key":"SMITH"},{"data":"Feed","floor":11,"key":"SMITH"},{"data":"Dark Embrace","floor":15,"key":"SMITH"},{"data":"Ghostly","floor":23,"key":"SMITH"},{"floor":32,"key":"REST"}],"circlet_count":0,"master_deck":["AscendersBane","Defend_R","Defend_R","Defend_R","Defend_R","Bash","Sword Boomerang","Cleave+1","Dark Embrace+1","Anger","Cleave+1","Feed+1","Rage","Offering","Power Through","Ghostly+1","Ghostly","Ghostly","Spot Weakness","Second Wind","Warcry","Flame Barrier","Seeing Red","Feel No Pain"],"relics":["Burning Blood","Tiny Chest","Toy Ornithopter","Kunai","Black Star","Bronze Scales","Darkstone Periapt","Red Skull","Oddly Smooth Stone","Nunchaku","Letter Opener","Cauldron","The Courier","Centennial Puzzle"],"acts_visited":["Exordium","TheCity"],"potions_floor_usage":[7,10,18,21,24,28,30,33,33],"damage_taken":[{"damage":1,"enemies":"Cultist","floor":1,"turns":3},{"damage":4,"enemies":"Jaw Worm","floor":2,"turns":4},{"damage":5,"enemies":"Small Slimes","floor":5,"turns":4},{"damage":8,"enemies":"Gremlin Nob","floor":7,"turns":3},{"damage":9,"enemies":"3 Sentries","floor":10,"turns":4},{"damage":12,"enemies":"Exordium Wildlife","floor":12,"turns":3},{"damage":1,"enemies":"2 Fungi Beasts","floor":13,"turns":3},{"damage":9,"enemies":"3 Louse","floor":14,"turns":2},{"damage":53,"enemies":"The Guardian","floor":16,"turns":16},{"damage":21,"enemies":"Spheric Guardian","floor":18,"turns":4},{"damage":9,"enemies":"Shell Parasite","floor":21,"turns":4},{"damage":13,"enemies":"Book of Stabbing","floor":24,"turns":4},{"damage":44,"enemies":"Gremlin Leader","floor":27,"turns":8},{"damage":2,"enemies":"Shelled Parasite and Fungi","floor":28,"turns":4},{"damage":28,"enemies":"Snecko","floor":29,"turns":6},{"damage":6,"enemies":"Book of Stabbing","floor":31,"turns":4},{"damage":55,"enemies":"Champ","floor":33,"turns":13}],"seed_played":"-4823090775961659549","potions_obtained":[{"floor":2,"key":"Strength Potion"},{"floor":7,"key":"Dexterity Potion"},{"floor":12,"key":"Ancient Potion"},{"floor":16,"key":"ElixirPotion"},{"floor":18,"key":"Energy Potion"},{"floor":21,"key":"Strength Potion"},{"floor":30,"key":"ElixirPotion"},{"floor":30,"key":"ColorlessPotion"}],"is_trial":false,"path_per_floor":["M","M","?","?","M","R","E","R","T","E","R","M","M","M","R","B",null,"M","?","?","M","?","R","E","T","T","E","M","M","$","E","R","B"],"character_chosen":"IRONCLAD","items_purchased":["Feel No Pain","Fruit Juice","Cauldron"],"campfire_rested":1,"item_purchase_floors":[30,30,30],"current_hp_per_floor":[80,82,82,75,76,76,74,74,74,76,76,74,83,84,84,37,80,74,74,49,53,53,53,51,51,51,17,30,12,22,22,43,0,0],"gold":48,"neow_bonus":"TEN_PERCENT_HP_BONUS","is_daily":false,"chose_seed":false,"campfire_upgraded":5,"win_rate":0.0,"timestamp":1613155050,"path_taken":["M","M","?","?","M","R","E","R","T","E","R","M","M","M","R","BOSS","M","?","?","M","?","R","E","?","T","E","M","?","$","E","R","BOSS"],"items_purchased_type":["Card","Potion","Relic"],"build_version":"2020-12-18","purchased_purges":1,"victory":false,"max_hp_per_floor":[82,82,82,82,82,82,82,82,82,82,82,86,90,94,94,94,94,98,98,49,53,53,53,53,53,53,57,61,65,70,70,70,70,70],"relic_stats":{"Darkstone Periapt":0,"Nunchaku":[4],"Centennial Puzzle":[3],"counters":[17,89],"Bronze Scales":[126],"Tiny Chest":1,"Black Star":3,"Kunai":[24],"Letter Opener":[40],"obtain_stats":[{"Darkstone Periapt":24,"Oddly Smooth Stone":26,"The Courier":31,"Letter Opener":27,"Burning Blood":0,"Cauldron":30,"Nunchaku":27,"Centennial Puzzle":31,"Bronze Scales":19,"Tiny Chest":7,"Black Star":17,"Kunai":10,"Toy Ornithopter":9,"Red Skull":24},{"Darkstone Periapt":12,"Oddly Smooth Stone":12,"The Courier":16,"Letter Opener":13,"Burning Blood":0,"Cauldron":15,"Nunchaku":13,"Centennial Puzzle":16,"Bronze Scales":10,"Tiny Chest":4,"Black Star":9,"Kunai":5,"Toy Ornithopter":4,"Red Skull":12},{"Darkstone Periapt":54,"Oddly Smooth Stone":54,"The Courier":76,"Letter Opener":62,"Burning Blood":0,"Cauldron":72,"Nunchaku":62,"Centennial Puzzle":76,"Bronze Scales":46,"Tiny Chest":14,"Black Star":42,"Kunai":18,"Toy Ornithopter":14,"Red Skull":54}],"Burning Blood":94,"Toy Ornithopter":40},"card_choices":[{"not_picked":["True Grit","Twin Strike"],"picked":"Sword Boomerang","floor":1},{"not_picked":["Heavy Blade","Rampage"],"picked":"Cleave","floor":2},{"not_picked":["Shrug It Off","Battle Trance"],"picked":"Anger","floor":5},{"not_picked":["Sword Boomerang","Twin Strike"],"picked":"Cleave","floor":7},{"not_picked":["Warcry","Flex"],"picked":"Feed","floor":10},{"not_picked":["Clash","Flex","Bloodletting"],"picked":"SKIP","floor":12},{"not_picked":["Clash","Body Slam","Pommel Strike"],"picked":"SKIP","floor":13},{"not_picked":["Body Slam","Uppercut"],"picked":"Rage","floor":14},{"not_picked":["Brutality","Feed"],"picked":"Offering","floor":16},{"not_picked":["Headbutt","Wild Strike"],"picked":"Power Through","floor":18},{"not_picked":["Headbutt","True Grit"],"picked":"Spot Weakness","floor":21},{"not_picked":["Inflame","Sever Soul"],"picked":"Flame Barrier","floor":24},{"not_picked":["Pummel","Carnage+1"],"picked":"Seeing Red","floor":27},{"not_picked":["Pommel Strike","Headbutt","Shrug It Off"],"picked":"SKIP","floor":28},{"not_picked":["Body Slam","Flex+1","Perfected Strike"],"picked":"SKIP","floor":29},{"not_picked":["Havoc","Clash","Body Slam"],"picked":"SKIP","floor":31}],"player_experience":10505387,"relics_obtained":[{"floor":7,"key":"Tiny Chest"},{"floor":9,"key":"Toy Ornithopter"},{"floor":10,"key":"Kunai"},{"floor":24,"key":"Darkstone Periapt"},{"floor":24,"key":"Red Skull"},{"floor":26,"key":"Oddly Smooth Stone"},{"floor":27,"key":"Nunchaku"},{"floor":27,"key":"Letter Opener"},{"floor":31,"key":"The Courier"},{"floor":31,"key":"Centennial Puzzle"}],"event_choices":[{"damage_healed":0,"gold_gain":0,"cards_transformed":["Strike_R"],"player_choice":"Change","damage_taken":0,"max_hp_gain":0,"max_hp_loss":0,"event_name":"Living Wall","floor":3,"gold_loss":0,"cards_obtained":["Dark Embrace"]},{"cards_removed":["Strike_R"],"damage_healed":0,"gold_gain":0,"player_choice":"Card Removal","damage_taken":7,"max_hp_gain":0,"max_hp_loss":0,"event_name":"Golden Wing","floor":4,"gold_loss":0},{"damage_healed":0,"gold_gain":0,"player_choice":"Obtained Relic","damage_taken":0,"relics_obtained":["Bronze Scales"],"max_hp_gain":0,"max_hp_loss":0,"event_name":"Addict","floor":19,"gold_loss":85},{"damage_healed":0,"gold_gain":0,"player_choice":"Became a Ghost","damage_taken":0,"max_hp_gain":0,"max_hp_loss":49,"event_name":"Ghosts","floor":20,"gold_loss":0,"cards_obtained":["Ghostly","Ghostly","Ghostly"]},{"damage_healed":0,"gold_gain":0,"cards_transformed":["Strike_R","Strike_R"],"player_choice":"Became Test Subject","damage_taken":0,"max_hp_gain":0,"max_hp_loss":0,"event_name":"Drug Dealer","floor":22,"gold_loss":0,"cards_obtained":["Second Wind","Warcry"]}],"is_beta":true,"boss_relics":[{"not_picked":["Coffee Dripper","Snecko Eye"],"picked":"Black Star"}],"items_purged_floors":[30],"is_endless":false,"potions_floor_spawned":[2,7,12,16,18,21,31],"killed_by":"Champ","ascension_level":20}}