{"host":"uiabnm26t0ss3jkq","time":1613151669,"event":{"mods":["BaseMod","Better Note","Better Skull","Better Third Choice","Colored Powertips","Curses Come First","Minty Spire (QoL Compilation)","Relic Stats","Robot Space Explorer","StSLib","SuperFastMode","The Marked","Waifu the Spire"],"gold_per_floor":[216,216,71,71,71,110,110,146,146,171,171,209,223,238,238,238,238],"floor_reached":16,"language":"ENG","playtime":802,"items_purged":[],"score":251,"play_id":"be15c0f7-6030-452a-b43b-d2b68de4196b","local_time":"20210212204109","is_ascension_mode":true,"campfire_choices":[{"data":"Corruption","floor":7,"key":"SMITH"},{"data":"Dual Wield","floor":11,"key":"SMITH"},{"data":"Burning Pact","floor":15,"key":"SMITH"}],"circlet_count":0,"master_deck":["Strike_R","Strike_R","Strike_R","Strike_R","Defend_R","Defend_R","Defend_R","Defend_R","Bash","Corruption+1","Dropkick","Dual Wield+1","Warcry","Burning Pact+1"],"relics":["Dead Branch","Golden Idol","Red Skull","Smiling Mask","Frozen Egg 2","White Beast Statue","Paper Frog","Molten Egg 2"],"acts_visited":["Exordium"],"potions_floor_usage":[14,16,16],"damage_taken":[{"damage":14,"enemies":"Small Slimes","floor":1,"turns":5},{"damage":32,"enemies":"Gremlin Nob","floor":6,"turns":4},{"damage":0,"enemies":"3 Sentries","floor":8,"turns":2},{"damage":1,"enemies":"2 Louse","floor":10,"turns":2},{"damage":0,"enemies":"Lagavulin","floor":12,"turns":5},{"damage":10,"enemies":"Jaw Worm","floor":13,"turns":3},{"damage":10,"enemies":"Gremlin Gang","floor":14,"turns":3},{"damage":35,"enemies":"The Guardian","floor":16,"turns":7}],"seed_played":"-2823578423888178316","potions_obtained":[{"floor":6,"key":"PowerPotion"},{"floor":10,"key":"Ancient Potion"},{"floor":12,"key":"LiquidMemories"},{"floor":13,"key":"FairyPotion"},{"floor":14,"key":"SneckoOil"}],"is_trial":false,"path_per_floor":["M","?","$","?","T","E","R","E","T","M","R","E","M","M","R","B"],"character_chosen":"IRONCLAD","items_purchased":["Red Skull"],"campfire_rested":0,"item_purchase_floors":[3],"current_hp_per_floor":[58,58,58,58,58,26,26,26,26,25,25,25,15,5,5,0,0],"gold":238,"neow_bonus":"HUNDRED_GOLD","is_daily":false,"chose_seed":false,"campfire_upgraded":3,"win_rate":0.0,"timestamp":1613151669,"path_taken":["M","?","$","?","?","E","R","E","T","?","R","E","M","M","R","BOSS"],"items_purchased_type":["Relic"],"build_version":"2020-12-22","purchased_purges":0,"victory":false,"max_hp_per_floor":[80,74,74,74,74,74,74,74,74,74,74,74,74,74,74,74,74],"relic_stats":{"counters":[8,31],"Golden Idol":34,"Dead Branch":[98],"Smiling Mask":0,"obtain_stats":[{"Golden Idol":2,"Dead Branch":0,"Molten Egg 2":12,"Frozen Egg 2":6,"Smiling Mask":5,"Burning Blood":0,"Red Skull":3,"White Beast Statue":8,"Paper Frog":9},{"Golden Idol":1,"Dead Branch":0,"Molten Egg 2":5,"Frozen Egg 2":2,"Smiling Mask":1,"Burning Blood":0,"Red Skull":1,"White Beast Statue":3,"Paper Frog":3},{"Golden Idol":5,"Dead Branch":0,"Molten Egg 2":18,"Frozen Egg 2":9,"Smiling Mask":5,"Burning Blood":0,"Red Skull":5,"White Beast Statue":11,"Paper Frog":11}]},"card_choices":[{"not_picked":["Iron Wave","Cleave"],"picked":"Dropkick","floor":1},{"not_picked":["Sword Boomerang","Heavy Blade","Body Slam"],"picked":"SKIP","floor":6},{"not_picked":["Sword Boomerang","Heavy Blade","Body Slam"],"picked":"SKIP","floor":6},{"not_picked":["Reckless Charge","Cleave","Anger"],"picked":"SKIP","floor":8},{"not_picked":["Intimidate","Evolve+1"],"picked":"Dual Wield","floor":10},{"not_picked":["Rampage+1","Havoc"],"picked":"Warcry","floor":12},{"not_picked":["Sever Soul+1","Bludgeon+1","Clothesline+1"],"picked":"SKIP","floor":13},{"not_picked":["Twin Strike+1","Shrug It Off"],"picked":"Burning Pact","floor":14}],"player_experience":415077,"relics_obtained":[{"floor":5,"key":"Smiling Mask"},{"floor":6,"key":"Frozen Egg 2"},{"floor":8,"key":"White Beast Statue"},{"floor":9,"key":"Paper Frog"},{"floor":12,"key":"Molten Egg 2"}],"event_choices":[{"damage_healed":0,"gold_gain":0,"player_choice":"Lose Max HP","damage_taken":0,"relics_obtained":["Golden Idol"],"max_hp_gain":0,"max_hp_loss":6,"event_name":"Golden Idol","floor":2,"gold_loss":0},{"cards_removed":["Strike_R"],"damage_healed":0,"gold_gain":0,"player_choice":"Forget","damage_taken":0,"max_hp_gain":0,"max_hp_loss":0,"event_name":"Living Wall","floor":4,"gold_loss":0}],"is_beta":false,"boss_relics":[],"items_purged_floors":[],"is_endless":false,"potions_floor_spawned":[6,10,12,13,14],"killed_by":"The Guardian","ascension_level":6}}