{"host":"yx5rao87132cy5xq","time":1613166358,"event":{"mods":["2.2 Compatiblity","AchievementEnabler","BaseMod","Bestiary","Colored Map","Colored Powertips","Minty Spire (QoL Compilation)","Quick Restart","Relic Stats","Slay-I","SuperFastMode"],"gold_per_floor":[114,12,12,12,12,55,55,55,55,55,98,111,154,178,178,272,272,290,290,310,331,344,344,379,397,397,433,452,487,487,522,522,601,601,615,632,126,136,181,181,0,29,29,29,47,47,47,47,47,47],"floor_reached":51,"language":"ENG","playtime":8349,"items_purged":["Searing Blow"],"score":1548,"play_id":"ce93f7ed-8309-4df0-b352-58cd1e011811","local_time":"20210212224558","is_ascension_mode":true,"campfire_choices":[{"data":"Armaments","floor":8.0,"key":"SMITH"},{"data":"Bash","floor":10.0,"key":"SMITH"},{"data":"Iron Wave","floor":15.0,"key":"SMITH"},{"floor":23.0,"key":"REST"},{"floor":32.0,"key":"REST"},{"data":"Barricade","floor":40,"key":"SMITH"},{"data":"Offering","floor":46,"key":"SMITH"},{"data":"Body Slam","floor":49,"key":"SMITH"}],"circlet_count":0,"master_deck":["AscendersBane","Bash+1","Cleave+1","Finesse+1","Injury","Armaments+1","Iron Wave","Power Through","Iron Wave+1","Offering+1","Feel No Pain","Body Slam+1","Searing Blow","Feel No Pain","Immolate","Fire Breathing","Carnage","Disarm+1","Iron Wave+1","Seeing Red+1","Spot Weakness","Disarm","True Grit","Fire Breathing","Barricade+1","Entrench","Disarm","Feel No Pain","Disarm+1","Panacea"],"relics":["Burning Blood","NeowsBlessing","Bloody Idol","Singing Bowl","Meat on the Bone","Sundial","Happy Flower","Lantern","Pandora\u0027s Box","Unceasing Top","War Paint","Oddly Smooth Stone","Toy Ornithopter","White Beast Statue","Mark of Pain","Kunai","Centennial Puzzle","FossilizedHelix","Red Mask","Gremlin Horn","Eternal Feather"],"acts_visited":["Exordium","TheCity","TheBeyond"],"potions_floor_usage":[33,35,39,44,47,50],"damage_taken":[{"damage":0.0,"enemies":"Jaw Worm","floor":1.0,"turns":1.0},{"damage":0.0,"enemies":"3 Sentries","floor":6.0,"turns":1.0},{"damage":0.0,"enemies":"Gremlin Nob","floor":11.0,"turns":1.0},{"damage":7.0,"enemies":"Small Slimes","floor":12.0,"turns":3.0},{"damage":34.0,"enemies":"Lagavulin","floor":13.0,"turns":8.0},{"damage":6.0,"enemies":"Cultist","floor":14.0,"turns":4.0},{"damage":31.0,"enemies":"The Guardian","floor":16.0,"turns":13.0},{"damage":13.0,"enemies":"3 Byrds","floor":18.0,"turns":4.0},{"damage":39.0,"enemies":"Shell Parasite","floor":20.0,"turns":4.0},{"damage":34.0,"enemies":"Sentry and Sphere","floor":21.0,"turns":8.0},{"damage":6.0,"enemies":"Chosen and Byrds","floor":22.0,"turns":5.0},{"damage":6.0,"enemies":"Slavers","floor":24.0,"turns":4.0},{"damage":22.0,"enemies":"Snake Plant","floor":25.0,"turns":4.0},{"damage":29.0,"enemies":"Gremlin Leader","floor":27.0,"turns":6.0},{"damage":10.0,"enemies":"Sentry and Sphere","floor":28.0,"turns":4.0},{"damage":11.0,"enemies":"Book of Stabbing","floor":29.0,"turns":7.0},{"damage":33.0,"enemies":"Gremlin Leader","floor":31.0,"turns":9.0},{"damage":69,"enemies":"Champ","floor":33,"turns":15},{"damage":38,"enemies":"3 Darklings","floor":35,"turns":3},{"damage":21,"enemies":"Orb Walker","floor":36,"turns":5},{"damage":15,"enemies":"Writhing Mass","floor":38,"turns":7},{"damage":55,"enemies":"2 Orb Walkers","floor":39,"turns":5},{"damage":32,"enemies":"Nemesis","floor":42,"turns":7},{"damage":27,"enemies":"Spire Growth","floor":45,"turns":7},{"damage":0,"enemies":"3 Darklings","floor":47,"turns":1},{"damage":29,"enemies":"Donu and Deca","floor":50,"turns":8}],"seed_played":"-7386577924629427949","potions_obtained":[{"floor":1.0,"key":"Explosive Potion"},{"floor":12.0,"key":"Strength Potion"},{"floor":18.0,"key":"ElixirPotion"},{"floor":20.0,"key":"Swift Potion"},{"floor":29.0,"key":"SmokeBomb"},{"floor":31.0,"key":"Energy Potion"},{"floor":33,"key":"BloodPotion"},{"floor":35,"key":"DuplicationPotion"},{"floor":39,"key":"SteroidPotion"},{"floor":42,"key":"Strength Potion"},{"floor":44,"key":"Fruit Juice"},{"floor":44,"key":"Swift Potion"}],"is_trial":false,"path_per_floor":["M","$","?","$","?","E","T","R","T","R","E","M","E","M","R","B",null,"M","?","M","M","M","R","E","M","T","E","M","E","?","E","R","B",null,"M","M","$","M","?","R","?","E","T","?","M","R","M","?","R","B",null],"character_chosen":"IRONCLAD","items_purchased":["Finesse","Kunai","Centennial Puzzle"],"campfire_rested":2,"item_purchase_floors":[2,37,37],"current_hp_per_floor":[74,74,51,51,51,57,57,57,57,57,63,62,46,46,46,33,65,60,60,41,25,37,60,62,60,60,49,57,52,52,44,69,28,71,66,56,56,64,37,37,37,30,30,40,38,53,64,64,82,64],"gold":47,"neow_bonus":"THREE_ENEMY_KILL","is_daily":false,"chose_seed":false,"campfire_upgraded":6,"win_rate":0.0,"timestamp":1613166358,"path_taken":["M","$","?","$","?","E","?","R","T","R","E","M","E","M","R","BOSS","M","?","?","M","M","R","E","M","T","E","M","E","?","E","R","BOSS","M","M","$","M","?","R","?","E","T","?","M","R","?","?","R","BOSS"],"items_purchased_type":["Card","Relic","Relic"],"build_version":"2020-12-22","purchased_purges":1,"victory":true,"max_hp_per_floor":[75,75,75,75,75,75,75,75,75,75,75,75,75,75,75,75,75,77,77,79,79,79,79,81,83,83,83,83,83,83,85,85,85,85,85,85,85,85,85,85,85,87,87,92,94,94,94,94,94,94],"relic_stats":{"Singing Bowl":14,"Happy Flower":[47],"Gremlin Horn":[1,1],"counters":[26,144],"Eternal Feather":33,"War Paint":["Disarm","Finesse"],"Burning Blood":156,"Centennial Puzzle":[15],"Sundial":[16],"Bloody Idol":40,"Pandora\u0027s Box":["Feel No Pain","Body Slam","Searing Blow","Feel No Pain","Immolate","Searing Blow","Fire Breathing","Carnage","Disarm"],"Kunai":[5],"obtain_stats":[{"Lantern":13,"NeowsBlessing":0,"Singing Bowl":6,"Happy Flower":11,"Gremlin Horn":42,"Golden Idol":5,"Oddly Smooth Stone":27,"Eternal Feather":43,"War Paint":26,"Burning Blood":0,"White Beast Statue":31,"Centennial Puzzle":37,"Sundial":9,"Bloody Idol":30,"Pandora\u0027s Box":17,"Mark of Pain":34,"Red Mask":41,"Kunai":37,"Unceasing Top":24,"Toy Ornithopter":29,"FossilizedHelix":39,"Meat on the Bone":7},{"Lantern":5,"NeowsBlessing":0,"Singing Bowl":2,"Happy Flower":3,"Gremlin Horn":23,"Golden Idol":1,"Oddly Smooth Stone":14,"Eternal Feather":23,"War Paint":13,"Burning Blood":0,"White Beast Statue":17,"Centennial Puzzle":20,"Sundial":2,"Bloody Idol":16,"Pandora\u0027s Box":7,"Mark of Pain":18,"Red Mask":22,"Kunai":20,"Unceasing Top":12,"Toy Ornithopter":16,"FossilizedHelix":22,"Meat on the Bone":2},{"Lantern":14,"NeowsBlessing":0,"Singing Bowl":2,"Happy Flower":3,"Gremlin Horn":128,"Golden Idol":1,"Oddly Smooth Stone":66,"Eternal Feather":128,"War Paint":60,"Burning Blood":0,"White Beast Statue":86,"Centennial Puzzle":109,"Sundial":2,"Bloody Idol":77,"Pandora\u0027s Box":31,"Mark of Pain":101,"Red Mask":121,"Kunai":109,"Unceasing Top":56,"Toy Ornithopter":77,"FossilizedHelix":121,"Meat on the Bone":2}],"Unceasing Top":[2],"Toy Ornithopter":30,"Meat on the Bone":168},"card_choices":[{"not_picked":["Clothesline","Clash"],"picked":"Cleave","floor":1.0},{"not_picked":["Sword Boomerang","Fire Breathing"],"picked":"Armaments","floor":6.0},{"not_picked":["Pommel Strike","Perfected Strike"],"picked":"Iron Wave","floor":12.0},{"not_picked":["Wild Strike","Ghostly Armor"],"picked":"Power Through","floor":13.0},{"not_picked":["Anger","Headbutt"],"picked":"Iron Wave","floor":14.0},{"not_picked":["Fiend Fire","Demon Form"],"picked":"Offering","floor":16.0},{"not_picked":["Headbutt","Blood for Blood+1","Body Slam"],"picked":"Singing Bowl","floor":18.0},{"not_picked":["Hemokinesis","Dropkick","Clothesline"],"picked":"Singing Bowl","floor":20.0},{"not_picked":["Wild Strike","Carnage"],"picked":"Seeing Red+1","floor":21.0},{"not_picked":["Headbutt","Uppercut"],"picked":"Spot Weakness","floor":22.0},{"not_picked":["Combust","Armaments","Body Slam"],"picked":"Singing Bowl","floor":24.0},{"not_picked":["Headbutt+1","Cleave","Iron Wave"],"picked":"Singing Bowl","floor":25.0},{"not_picked":["Combust","Corruption"],"picked":"Disarm","floor":27.0},{"not_picked":["Battle Trance","Ghostly Armor"],"picked":"True Grit","floor":28.0},{"not_picked":["Pommel Strike","Sword Boomerang"],"picked":"Fire Breathing","floor":29.0},{"not_picked":["Body Slam","Sword Boomerang","Sentinel"],"picked":"Singing Bowl","floor":31.0},{"not_picked":["Bludgeon","Brutality"],"picked":"Barricade","floor":33},{"not_picked":["Ghostly Armor+1","Anger"],"picked":"Entrench","floor":35},{"not_picked":["Battle Trance","Cleave"],"picked":"Disarm","floor":36},{"not_picked":["Havoc","Anger"],"picked":"Feel No Pain","floor":38},{"not_picked":["Feed","Pommel Strike"],"picked":"Disarm+1","floor":39},{"not_picked":["Disarm+1","Reckless Charge","Seeing Red+1"],"picked":"Singing Bowl","floor":42},{"not_picked":["Sentinel","Twin Strike","Dropkick"],"picked":"Singing Bowl","floor":45},{"not_picked":["Swift Strike","Blind"],"picked":"Panacea","floor":48}],"player_experience":1000924,"relics_obtained":[{"floor":6.0,"key":"Singing Bowl"},{"floor":7.0,"key":"Meat on the Bone"},{"floor":9.0,"key":"Sundial"},{"floor":11.0,"key":"Happy Flower"},{"floor":13.0,"key":"Lantern"},{"floor":24.0,"key":"Unceasing Top"},{"floor":26.0,"key":"War Paint"},{"floor":27.0,"key":"Oddly Smooth Stone"},{"floor":29.0,"key":"Toy Ornithopter"},{"floor":31.0,"key":"White Beast Statue"},{"floor":39,"key":"FossilizedHelix"},{"floor":42,"key":"Gremlin Horn"},{"floor":43,"key":"Eternal Feather"}],"event_choices":[{"damage_healed":0.0,"max_hp_gain":0.0,"max_hp_loss":0.0,"gold_gain":0.0,"event_name":"Shining Light","player_choice":"Entered Light","floor":3.0,"gold_loss":0.0,"damage_taken":23.0,"cards_upgraded":["Strike_R","Cleave"]},{"damage_healed":0.0,"max_hp_gain":0.0,"max_hp_loss":0.0,"gold_gain":0.0,"event_name":"Golden Idol","player_choice":"Take Wound","floor":5.0,"gold_loss":0.0,"damage_taken":0.0,"relics_obtained":["Golden Idol"],"cards_obtained":["Injury"]},{"damage_healed":0.0,"max_hp_gain":0.0,"max_hp_loss":0.0,"gold_gain":0.0,"event_name":"Duplicator","player_choice":"Copied","floor":19.0,"gold_loss":0.0,"damage_taken":0.0,"cards_obtained":["Iron Wave"]},{"damage_healed":0.0,"max_hp_gain":0.0,"max_hp_loss":0.0,"gold_gain":0.0,"event_name":"Forgotten Altar","player_choice":"Gave Idol","floor":30.0,"relics_lost":["Golden Idol"],"gold_loss":0.0,"damage_taken":0.0,"relics_obtained":["Bloody Idol"]},{"damage_healed":0,"gold_gain":0,"player_choice":"Fight","damage_taken":0,"max_hp_gain":0,"max_hp_loss":0,"event_name":"Mysterious Sphere","floor":39,"gold_loss":0},{"damage_healed":0,"gold_gain":0,"player_choice":"Paid","damage_taken":0,"relics_obtained":["Red Mask"],"max_hp_gain":0,"max_hp_loss":0,"event_name":"Tomb of Lord Red Mask","floor":41,"gold_loss":181},{"damage_healed":0,"gold_gain":0,"player_choice":"Got Potions","damage_taken":0,"max_hp_gain":0,"max_hp_loss":0,"event_name":"Lab","floor":44,"gold_loss":0},{"damage_healed":0,"gold_gain":0,"player_choice":"Memory 1","damage_taken":0,"max_hp_gain":0,"max_hp_loss":0,"event_name":"SensoryStone","floor":48,"gold_loss":0}],"is_beta":false,"boss_relics":[{"not_picked":["Ectoplasm","Tiny House"],"picked":"Pandora\u0027s Box"},{"not_picked":["Black Star","Runic Cube"],"picked":"Mark of Pain"}],"items_purged_floors":[37],"is_endless":false,"potions_floor_spawned":[1,12,14,18,20,29,31,33,35,36,38,39,42,45,47],"ascension_level":17}}