{"host":"ex9ev9v5sog028vn","time":1613113752,"event":{"mods":["Act Like it!","BaseMod","Block Reminder","Hallownest","Minty Spire (QoL Compilation)","Quick Restart","Relic Stats","StSLib","The Bug Knight"],"gold_per_floor":[118,135,135,151,151,151,178,178,178,203,203,203,6,37,37,138,138,156,175,175,452,5,38,65,65,65,85,85,119,119,119,119,215,215,226,246,257,272,289,289,318,318,318,24,24,41,57,86,86,86],"floor_reached":51,"language":"ENG","playtime":4578,"items_purged":["Hallownest:curseDreamersLament","HollowMod:NailStrikeStart","HollowMod:NailStrikeStart"],"score":844,"play_id":"adb3ad5f-5f6d-4fd2-80f9-a534bfec26f4","local_time":"20210212040912","is_ascension_mode":true,"campfire_choices":[{"data":"HollowMod:HowlingWraiths","floor":6.0,"key":"SMITH"},{"data":"HollowMod:HeavyBlow","floor":8.0,"key":"SMITH"},{"data":"HollowMod:SoulSplash","floor":15.0,"key":"SMITH"},{"floor":25.0,"key":"REST"},{"data":"Hallownest:attackAdjustingAction","floor":30.0,"key":"SMITH"},{"data":"HollowMod:QuirrelsAssistance","floor":32.0,"key":"SMITH"},{"data":"HollowMod:CloakDash","floor":40.0,"key":"SMITH"},{"data":"HollowMod:CrystalDash","floor":45.0,"key":"SMITH"},{"data":"HollowMod:GoodIntentions","floor":49,"key":"SMITH"}],"circlet_count":0,"master_deck":["HollowMod:QuickDashStart+1","HollowMod:QuickDashStart","HollowMod:QuickDashStart","HollowMod:QuickDashStart","HollowMod:FocusHealStart","HollowMod:PogoStrike","HollowMod:HowlingWraiths+1","HollowMod:QuirrelsAssistance+1","HollowMod:HeavyBlow+1","HollowMod:CrystalDash+1","HollowMod:CoiledNail","HollowMod:DashSlash","HollowMod:SoulSplash+1","HollowMod:InfectedCysts","HollowMod:DesolateDive+1","HollowMod:InfectionAssault","HollowMod:GoodIntentions+1","HollowMod:Hiveblood+1","HollowMod:HerrahsAnger","HollowMod:SharpenedNail","HollowMod:GoodIntentions+1","HollowMod:AwokenDreamNail+1","HollowMod:CloakDash+1","Hallownest:attackAdjustingAction+1","HollowMod:SiblingsSouls+1","HollowMod:HuntersJournal+1","HollowMod:BaldurShell+1","HollowMod:CornifersMapStart+1","HollowMod:CloakDash+1","HollowMod:BaldurShell+1","HollowMod:HuntersJournal+1","HollowMod:SoulSplash+1","HollowMod:SiblingsSouls+1"],"relics":["HollowMod:VesselMask","TungstenRod","Hallownest:TeacherSealRelic","The Courier","Question Card","Dream Catcher","Hallownest:DreamNailRelic","Orrery","Busted Crown","WingedGreaves","War Paint","Whetstone","Toxic Egg 2","Pen Nib","Coffee Dripper","Ornamental Fan","Shuriken","DollysMirror","Gremlin Horn"],"acts_visited":["Exordium","Hallownest:Greenpath","Hallownest:CityofTears"],"potions_floor_usage":[50,50],"damage_taken":[{"damage":0.0,"enemies":"Hallownest:monsterHuskGuard","floor":1.0,"turns":4.0},{"damage":0.0,"enemies":"Hallownest:monsterHuskWarrior","floor":2.0,"turns":5.0},{"damage":0.0,"enemies":"Hallownest:monsterMarmu","floor":3.0,"turns":1.0},{"damage":0.0,"enemies":"Hallownest:2_Tiktiks_and_1_Crawlid","floor":4.0,"turns":2.0},{"damage":3.0,"enemies":"Hallownest:eliteVengeflyKing","floor":7.0,"turns":8.0},{"damage":5.0,"enemies":"Hallownest:eliteCrystalGuardian","floor":10.0,"turns":5.0},{"damage":0.0,"enemies":"Hallownest:monsterAspidMother","floor":12.0,"turns":3.0},{"damage":10.0,"enemies":"Hallownest:eliteVengeflyKing","floor":14.0,"turns":5.0},{"damage":59.0,"enemies":"Hallownest:BossFalseKnight","floor":16.0,"turns":7.0},{"damage":0.0,"enemies":"Hallownest:2_Mistakes","floor":18.0,"turns":4.0},{"damage":0.0,"enemies":"Hallownest:Flukemon_and_Top","floor":19.0,"turns":3.0},{"damage":26.0,"enemies":"Hallownest:eliteSoulWarrior","floor":23.0,"turns":8.0},{"damage":50.0,"enemies":"Hallownest:eliteWatcherKnight","floor":24.0,"turns":14.0},{"damage":8.0,"enemies":"Hallownest:Warrior_and_Youth","floor":27.0,"turns":5.0},{"damage":37.0,"enemies":"Hallownest:monsterMisterMushroom","floor":28.0,"turns":9.0},{"damage":18.0,"enemies":"Hallownest:Nosk","floor":29.0,"turns":9.0},{"damage":35.0,"enemies":"Hallownest:BossMantisLord","floor":33.0,"turns":8.0},{"damage":10.0,"enemies":"Hallownest:Shield_Heavy","floor":35.0,"turns":5.0},{"damage":33.0,"enemies":"Hallownest:2_Littles","floor":36.0,"turns":8.0},{"damage":26.0,"enemies":"Hallownest:2_Soldiers_and_1_Guardian","floor":37.0,"turns":5.0},{"damage":0.0,"enemies":"Hallownest:2_Great","floor":38.0,"turns":4.0},{"damage":32.0,"enemies":"Hallownest:Slobbering_and_Violent","floor":39.0,"turns":8.0},{"damage":0.0,"enemies":"Hallownest:StalkingDevout","floor":41.0,"turns":4.0},{"damage":17.0,"enemies":"Hallownest:monsterPrimalAspid","floor":46.0,"turns":3.0},{"damage":21,"enemies":"Hallownest:Shield_Sturdy","floor":47,"turns":4},{"damage":13,"enemies":"Hallownest:eliteHiveKnight","floor":48,"turns":5},{"damage":41,"enemies":"Hallownest:BossHollowKnight","floor":50,"turns":9}],"seed_played":"1056834477244710537","potions_obtained":[{"floor":2.0,"key":"SmokeBomb"},{"floor":10.0,"key":"SpeedPotion"},{"floor":14.0,"key":"SmokeBomb"},{"floor":23.0,"key":"SkillPotion"},{"floor":24.0,"key":"Fruit Juice"},{"floor":27.0,"key":"SteroidPotion"},{"floor":29.0,"key":"Fire Potion"},{"floor":38.0,"key":"Ancient Potion"}],"is_trial":false,"path_per_floor":["M","M","?","M","?","R","E","R","T","E","?","M","$","E","R","B",null,"M","M","?","?","$","E","E","R","T","M","M","E","R","?","R","B",null,"M","M","M","M","M","R","E","?","T","$","R","M","M","E","R","B",null],"character_chosen":"THE_BUGKNIGHT","items_purchased":["Orrery","HollowMod:GoodIntentions","HollowMod:AwokenDreamNail","WingedGreaves","DollysMirror","HollowMod:SoulSplash+1","DistilledChaos"],"campfire_rested":1,"item_purchase_floors":[13,13,22,22,44,44,44],"current_hp_per_floor":[68,68,68,68,68,68,65,65,65,60,60,60,60,50,50,5,68,68,68,68,68,68,42,30,56,56,54,72,73,73,73,73,38,73,69,73,72,73,73,73,73,68,68,68,68,60,52,67,67,49],"gold":86,"neow_bonus":"ONE_RARE_RELIC","is_daily":false,"chose_seed":false,"campfire_upgraded":8,"win_rate":0.0,"timestamp":1613113752,"path_taken":["M","M","?","M","?","R","E","R","T","E","?","M","$","E","R","BOSS","M","M","?","?","?","E","E","R","T","?","M","E","R","?","R","BOSS","M","M","?","M","M","R","E","?","T","$","R","M","?","E","R","BOSS"],"items_purchased_type":["Relic","Card","Card","Relic","Relic","Card","Potion"],"build_version":"2020-12-22","purchased_purges":3,"victory":true,"max_hp_per_floor":[68,68,68,68,68,68,68,68,68,68,68,68,68,68,68,68,68,68,68,68,68,68,68,68,73,73,73,73,73,73,73,73,73,73,73,73,73,73,73,73,73,68,68,68,68,68,68,68,68,68],"relic_stats":{"Dream Catcher":1,"Busted Crown":42,"Gremlin Horn":[0,0],"counters":[27,155],"Ornamental Fan":[48],"Shuriken":[12],"Pen Nib":[15],"Whetstone":["HollowMod:AwokenDreamNail","HollowMod:DesolateDive"],"War Paint":["HollowMod:QuickDashStart","HollowMod:Hiveblood"],"Question Card":30,"obtain_stats":[{"Gremlin Horn":48,"HollowMod:VesselMask":0,"The Courier":7,"Pen Nib":29,"Hallownest:DreamNailRelic":11,"Whetstone":24,"War Paint":23,"Question Card":9,"Dream Catcher":10,"Busted Crown":17,"Ornamental Fan":41,"Shuriken":43,"DollysMirror":44,"Bronze Scales":14,"Orrery":13,"WingedGreaves":22,"Coffee Dripper":34,"Toxic Egg 2":26,"TungstenRod":0,"Hallownest:TeacherSealRelic":5},{"Gremlin Horn":26,"HollowMod:VesselMask":0,"The Courier":5,"Pen Nib":16,"Hallownest:DreamNailRelic":6,"Whetstone":13,"War Paint":12,"Question Card":5,"Dream Catcher":6,"Busted Crown":9,"Ornamental Fan":23,"Shuriken":23,"DollysMirror":23,"Bronze Scales":8,"Orrery":7,"WingedGreaves":11,"Coffee Dripper":17,"Toxic Egg 2":13,"TungstenRod":0,"Hallownest:TeacherSealRelic":4},{"Gremlin Horn":146,"HollowMod:VesselMask":0,"The Courier":20,"Pen Nib":92,"Hallownest:DreamNailRelic":25,"Whetstone":69,"War Paint":55,"Question Card":20,"Dream Catcher":25,"Busted Crown":40,"Ornamental Fan":134,"Shuriken":134,"DollysMirror":134,"Bronze Scales":33,"Orrery":28,"WingedGreaves":47,"Coffee Dripper":100,"Toxic Egg 2":69,"TungstenRod":0,"Hallownest:TeacherSealRelic":12}],"TungstenRod":90},"card_choices":[{"not_picked":["HollowMod:TaintedHusks","HollowMod:MonomonsArchive"],"picked":"HollowMod:HowlingWraiths","floor":1.0},{"not_picked":["HollowMod:DoubleDash","HollowMod:GoodIntentions"],"picked":"HollowMod:QuirrelsAssistance","floor":2.0},{"not_picked":["HollowMod:RecoilStrike","HollowMod:NewGlowingWomb"],"picked":"HollowMod:HeavyBlow","floor":4.0},{"not_picked":["HollowMod:CoiledNail","HollowMod:NewJinnsSoul","HollowMod:SoulShaman"],"picked":"SKIP","floor":7.0},{"not_picked":["HollowMod:SoulSplash","HollowMod:ElderbugsWisdom","HollowMod:FastStrike"],"picked":"HollowMod:CrystalDash","floor":10.0},{"not_picked":["HollowMod:HeavyBlow","HollowMod:InfectedAttack","HollowMod:GoodIntentions"],"picked":"HollowMod:CoiledNail","floor":12.0},{"not_picked":["HollowMod:InfectedAttack","HollowMod:LifebloodCocoon","HollowMod:CornifersMapStart"],"picked":"HollowMod:DashSlash","floor":13.0},{"not_picked":["HollowMod:BrokenVessel","HollowMod:MawleksShell","HollowMod:VengefulVoid"],"picked":"HollowMod:SoulSplash","floor":13.0},{"not_picked":["HollowMod:SiblingsSouls","HollowMod:CycloneSlash","HollowMod:DoubleDash"],"picked":"HollowMod:InfectedCysts","floor":13.0},{"not_picked":["HollowMod:HowlingWraiths","HollowMod:GreatSlash","HollowMod:CycloneSlash"],"picked":"HollowMod:DesolateDive","floor":13.0},{"not_picked":["HollowMod:ShadowDash","HollowMod:MawleksShell","HollowMod:InfectedCysts"],"picked":"HollowMod:InfectionAssault","floor":13.0},{"not_picked":["HollowMod:InfectedCysts","HollowMod:VengefulVoid","HollowMod:LifebloodCocoon"],"picked":"HollowMod:Hiveblood","floor":14.0},{"not_picked":["HollowMod:LifebloodCore","HollowMod:ZotesMagnificence","HollowMod:VoidDash"],"picked":"HollowMod:HerrahsAnger","floor":16.0},{"not_picked":["HollowMod:MawleksShell"],"picked":"HollowMod:SharpenedNail","floor":18.0},{"not_picked":["HollowMod:SiblingsSouls"],"picked":"HollowMod:GoodIntentions+1","floor":19.0},{"not_picked":["HollowMod:MawleksShell","HollowMod:InfectedCysts"],"picked":"SKIP","floor":23.0},{"not_picked":["HollowMod:AwokenDreamNail"],"picked":"HollowMod:CloakDash","floor":24.0},{"not_picked":["HollowMod:WraithStrike","HollowMod:DescendingDark"],"picked":"SKIP","floor":27.0},{"not_picked":["HollowMod:SiblingsShadow+1"],"picked":"HollowMod:SiblingsSouls+1","floor":28.0},{"not_picked":["HollowMod:InfectedCysts","HollowMod:ShadowDash+1"],"picked":"SKIP","floor":29.0},{"not_picked":["HollowMod:ChannelNail+1"],"picked":"HollowMod:HuntersJournal+1","floor":35.0},{"not_picked":["HollowMod:CycloneSlash+1"],"picked":"HollowMod:BaldurShell+1","floor":36.0},{"not_picked":["HollowMod:WraithStrike+1","HollowMod:NewJinnsSoul+1"],"picked":"SKIP","floor":37.0},{"not_picked":["HollowMod:ShadowDash+1"],"picked":"HollowMod:CornifersMapStart+1","floor":38.0},{"not_picked":["HollowMod:RecoilStrike+1"],"picked":"HollowMod:CloakDash+1","floor":39.0},{"not_picked":["HollowMod:NewJinnsSoul+1"],"picked":"HollowMod:BaldurShell+1","floor":41.0},{"not_picked":["HollowMod:ShadowDash+1","HollowMod:SiblingsShadow+1"],"picked":"SKIP","floor":46.0},{"not_picked":["HollowMod:SoulStrike+1"],"picked":"HollowMod:SiblingsSouls+1","floor":47},{"not_picked":["HollowMod:FallenFury+1","HollowMod:ZotesMagnificence"],"picked":"SKIP","floor":48}],"player_experience":724383,"relics_obtained":[{"floor":7.0,"key":"The Courier"},{"floor":9.0,"key":"Question Card"},{"floor":10.0,"key":"Dream Catcher"},{"floor":14.0,"key":"Bronze Scales"},{"floor":23.0,"key":"War Paint"},{"floor":24.0,"key":"Whetstone"},{"floor":26.0,"key":"Toxic Egg 2"},{"floor":29.0,"key":"Pen Nib"},{"floor":41.0,"key":"Ornamental Fan"},{"floor":43.0,"key":"Shuriken"},{"floor":48,"key":"Gremlin Horn"}],"event_choices":[],"is_beta":false,"boss_relics":[{"not_picked":["Runic Dome","Tiny House"],"picked":"Busted Crown"},{"not_picked":["Fusion Hammer","Black Star"],"picked":"Coffee Dripper"}],"items_purged_floors":[13,22,44],"is_endless":false,"potions_floor_spawned":[2,10,14,23,24,27,29,33,35,37,38,39,48],"ascension_level":2}}