{"host":"345erzjf9duan0fh","time":1613131295,"event":{"mods":["BaseMod","Bestiary","Colored Powertips","Conspire","Curses Come First","Dark Map","Downfall","Minty Spire (QoL Compilation)","Reliquary","Replay The Spire","StSLib","The Cursed"],"gold_per_floor":[119,44,44,44,44,79,93,133,133,45,45,64,64,80,80,206,206,229,229,254,275,26,26,39,39,39,39,60,73,86,101,101,222,222,242,9,9,9,9,47,47,2,29,52,66,66,66,0,0,0,0],"floor_reached":50,"language":"ENG","playtime":11242,"items_purged":[],"score":705,"play_id":"ebeddae3-7db9-43c1-a5b9-4a3ddb19e51c","local_time":"20210212130135","is_ascension_mode":false,"campfire_choices":[{"data":"Iron Wave","floor":11,"key":"SMITH"},{"data":"Berserk","floor":13,"key":"SMITH"},{"data":"Twin Strike","floor":15,"key":"SMITH"},{"data":"Heavy Blade","floor":23,"key":"SMITH"},{"data":"Inflame","floor":25,"key":"SMITH"},{"floor":32,"key":"REST"},{"floor":41,"key":"REST"},{"floor":49,"key":"REST"}],"circlet_count":0,"master_deck":["Strike_R","Strike_R","Strike_R","Strike_R","Strike_R","Defend_R+1","Defend_R","Defend_R","Bash","Iron Wave+1","Twin Strike+1","Warcry","Intimidate","Inflame+1","ReplayTheSpireMod:Stacked","Warcry+1","Clothesline","Berserk+1","Pommel Strike","Bludgeon","Pummel+1","Heavy Blade+1","Armaments+1","Iron Wave","Perfected Strike+1","Inflame","Twin Strike","Pommel Strike","Demonic Infusion","ReplayTheSpireMod:Stacked+1","Inflame","Twin Strike","Pommel Strike","Armaments","conspire:HitWhereItHurts","ReplayReversal+1","Shrug It Off+1","Thunderclap"],"relics":["Burning Blood","NeowsBlessing","Golden Idol","reliquary:BallBearing","Divine Protection","Quantum Egg","reliquary:RedCape","Mirror","Meat on the Bone","conspire:BottledYoYo","Snecko Eye","Lee\u0027s Waffle","reliquary:SharkskinSheath","reliquary:Crutches","Blue Doll","MawBank"],"acts_visited":["Exordium","TheCity","TheBeyond"],"potions_floor_usage":[16,16,20,24,33,40,45,50],"damage_taken":[{"damage":0.0,"enemies":"conspire:RoseBush","floor":1.0,"turns":1.0},{"damage":0,"enemies":"Gremlin Nob","floor":6,"turns":1},{"damage":0,"enemies":"2 Louse","floor":7,"turns":1},{"damage":11,"enemies":"Replay:BlueRogue","floor":8,"turns":7},{"damage":0,"enemies":"Small Slimes","floor":12,"turns":4},{"damage":0,"enemies":"Red Slaver","floor":14,"turns":4},{"damage":32,"enemies":"Fading Forest","floor":16,"turns":11},{"damage":0,"enemies":"3 Byrds","floor":18,"turns":6},{"damage":14,"enemies":"2 Thieves","floor":20,"turns":4},{"damage":0,"enemies":"Chosen and Byrds","floor":21,"turns":4},{"damage":0,"enemies":"Sentry and Sphere","floor":24,"turns":4},{"damage":12,"enemies":"Snake Plant","floor":28,"turns":5},{"damage":25,"enemies":"Shelled Parasite and Fungi","floor":29,"turns":4},{"damage":0,"enemies":"Snecko","floor":30,"turns":3},{"damage":15,"enemies":"Centurion and Healer","floor":31,"turns":5},{"damage":57,"enemies":"Pondfish","floor":33,"turns":9},{"damage":64,"enemies":"3 Darklings","floor":35,"turns":7},{"damage":36,"enemies":"Nemesis","floor":40,"turns":8},{"damage":6,"enemies":"3 Shapes","floor":44,"turns":4},{"damage":18,"enemies":"Spire Growth","floor":45,"turns":3},{"damage":109,"enemies":"conspire:OrnateMirror","floor":50,"turns":5}],"seed_played":"-2675385879949464362","potions_obtained":[{"floor":6,"key":"Energy Potion"},{"floor":14,"key":"ElixirPotion"},{"floor":16,"key":"ColorlessPotion"},{"floor":18,"key":"Slimebound:ThreeZeroPotion"},{"floor":30,"key":"Dexterity Potion"},{"floor":31,"key":"hexamod:SoulburnPotion"},{"floor":40,"key":"SteroidPotion"},{"floor":45,"key":"Reflective Coating"}],"is_trial":false,"path_per_floor":["M","$","?","?","?","E","M","E","T","$","R","M","R","M","R","B",null,"M","?","M","M","$","R","M","R","T","T","M","M","M","M","R","B",null,"M","$","?","$","?","E","R","$","T","M","M","T","T","$","R","B"],"character_chosen":"IRONCLAD","items_purchased":["Twin Strike","Warcry","Warcry+1","Clothesline","Mirror","Lee\u0027s Waffle","Inflame","Twin Strike","Armaments","Shrug It Off+1","Thunderclap"],"campfire_rested":3,"item_purchase_floors":[2,2,10,10,22,36,36,36,42,48,48],"current_hp_per_floor":[80,80,80,74,74,74,74,69,69,69,69,74,74,74,74,48,74,74,74,66,72,72,72,74,74,74,74,68,49,55,46,68,29,74,28,81,81,81,81,51,75,75,75,75,63,63,63,63,81,0,0],"gold":0,"neow_bonus":"THREE_ENEMY_KILL","is_daily":false,"chose_seed":false,"campfire_upgraded":5,"win_rate":0.0,"timestamp":1613131295,"path_taken":["M","$","?","?","?","E","M","E","T","?","R","M","R","M","R","BOSS","M","?","M","M","$","R","?","R","T","?","M","M","M","M","R","BOSS","M","$","?","?","?","E","R","?","T","M","?","?","?","?","R","BOSS"],"items_purchased_type":["Card","Card","Card","Card","Relic","Relic","Card","Card","Card","Card","Card"],"build_version":"2020-12-22","purchased_purges":0,"victory":false,"max_hp_per_floor":[80,80,80,74,74,74,74,74,74,74,74,74,74,74,74,74,74,74,74,74,74,74,74,74,74,74,74,74,74,74,74,74,74,74,74,81,81,81,81,81,81,81,81,81,81,81,81,81,81,81,81],"card_choices":[{"not_picked":["Thunderclap","Perfected Strike"],"picked":"Iron Wave","floor":1.0},{"not_picked":["Spot Weakness","Replay:Undeath\u0027s Touch"],"picked":"Intimidate","floor":6},{"not_picked":["ReplayTheSpireMod:Strike From Hell","Rupture"],"picked":"Inflame","floor":7},{"not_picked":["Seeing Red","Reckless Charge"],"picked":"ReplayTheSpireMod:Stacked","floor":8},{"not_picked":["Clothesline","Pommel Strike"],"picked":"Berserk","floor":12},{"not_picked":["Intimidate","Reckless Charge"],"picked":"Pommel Strike","floor":14},{"not_picked":["Replay:Many Hands","conspire:Purge"],"picked":"Bludgeon","floor":16},{"not_picked":["Dual Wield","ReplayTheSpireMod:LeadingStrike"],"picked":"Pummel","floor":18},{"not_picked":["Iron Wave","Headbutt"],"picked":"Heavy Blade","floor":20},{"not_picked":["True Grit+1","Inflame"],"picked":"Armaments+1","floor":21},{"not_picked":["Thunderclap+1","Clothesline"],"picked":"Iron Wave","floor":24},{"not_picked":["Warcry+1","Dropkick"],"picked":"Perfected Strike+1","floor":28},{"not_picked":["Rupture","Heavy Blade+1"],"picked":"Inflame","floor":29},{"not_picked":["Bloodletting","Cleave"],"picked":"Twin Strike","floor":30},{"not_picked":["Clash","Flex+1"],"picked":"Pommel Strike","floor":31},{"not_picked":["conspire:Purge","Feed"],"picked":"Demonic Infusion","floor":33},{"not_picked":["Armaments","Carnage"],"picked":"ReplayTheSpireMod:Stacked+1","floor":35},{"not_picked":["ReplayTheSpireMod:Strike From Hell+1","Battle Trance+1"],"picked":"Pommel Strike","floor":40},{"not_picked":["Heavy Blade","Pommel Strike+1"],"picked":"conspire:HitWhereItHurts","floor":44},{"not_picked":["Shrug It Off+1","Iron Wave+1"],"picked":"ReplayReversal+1","floor":45}],"player_experience":21669,"relics_obtained":[{"floor":6,"key":"reliquary:BallBearing"},{"floor":8,"key":"Divine Protection"},{"floor":9,"key":"Quantum Egg"},{"floor":26,"key":"Meat on the Bone"},{"floor":27,"key":"conspire:BottledYoYo"},{"floor":40,"key":"reliquary:SharkskinSheath"},{"floor":43,"key":"reliquary:Crutches"},{"floor":46,"key":"Blue Doll"},{"floor":47,"key":"MawBank"}],"event_choices":[{"damage_healed":0.0,"max_hp_gain":0.0,"max_hp_loss":6.0,"gold_gain":0.0,"event_name":"Golden Idol","player_choice":"Lose Max HP","floor":4.0,"gold_loss":0.0,"damage_taken":0.0,"relics_obtained":["Golden Idol"]},{"damage_healed":0,"gold_gain":0,"player_choice":"Disagree","damage_taken":0,"max_hp_gain":0,"max_hp_loss":0,"event_name":"conspire:LoneGhost","floor":5,"gold_loss":0},{"damage_healed":0,"gold_gain":0,"player_choice":"Upgraded","damage_taken":0,"max_hp_gain":0,"max_hp_loss":0,"event_name":"Upgrade Shrine","floor":19,"gold_loss":0,"cards_upgraded":["Pummel"]},{"damage_healed":0,"gold_gain":0,"player_choice":"Full Heal","damage_taken":0,"max_hp_gain":0,"max_hp_loss":0,"event_name":"Wheel of Change","floor":37,"gold_loss":0},{"cards_removed":["Defend_R"],"damage_healed":0,"gold_gain":0,"player_choice":"Removed Skill","damage_taken":0,"max_hp_gain":0,"max_hp_loss":0,"event_name":"Falling","floor":39,"gold_loss":0}],"is_beta":false,"boss_relics":[{"not_picked":["conspire:RunicOctahedron","Replay:Drink Me"],"picked":"reliquary:RedCape"},{"not_picked":["Coffee Dripper","conspire:SpecialSausage"],"picked":"Snecko Eye"}],"items_purged_floors":[],"is_endless":false,"potions_floor_spawned":[6,14,16,18,30,31,40,45],"killed_by":"conspire:OrnateMirror","ascension_level":0}}