{"host":"8vqkh0x3c7vpgzzm","time":1613165853,"event":{"mods":["AchievementEnabler","BaseMod","Colored Map","Colored Powertips","Curses Come First","DeckTracker","Highlight Path","Minty Spire (QoL Compilation)","Permanent Neow","Quick Restart","Random Character Mod","Rare Cards Sparkle","Relic Sorter","Relic Stats","StSLib","SuperFastMode","Unceasing Turn Reminder","egg","everything is the same but u backflip on backflip"],"gold_per_floor":[111,36,53,53,67,67,81,81,107,107,32,32,62,112,112,188,188,208,108,124,124,339,339,339,355,355,368,382,382,382,398,398,398,398],"floor_reached":33,"language":"ENG","playtime":1650,"items_purged":["Strike_R","Defend_R"],"score":491,"play_id":"ce073aea-0f74-4781-a8d6-633bf7fedf8c","local_time":"20210212223733","is_ascension_mode":true,"campfire_choices":[{"data":"Bash","floor":6,"key":"SMITH"},{"data":"Hemokinesis","floor":8,"key":"SMITH"},{"data":"Inflame","floor":12,"key":"SMITH"},{"floor":15,"key":"REST"},{"data":"Pommel Strike","floor":23,"key":"SMITH"},{"data":"Feed","floor":29,"key":"SMITH"},{"floor":32,"key":"REST"}],"circlet_count":0,"master_deck":["AscendersBane","Strike_R","Strike_R","Strike_R","Defend_R","Defend_R","Defend_R","Bash+1","Hemokinesis+1","Inflame+1","Armaments","Feed+1","Iron Wave","Pommel Strike+1","Carnage","Metallicize","Battle Trance","Swift Strike","Pummel+1"],"relics":["Burning Blood","MealTicket","Lantern","Red Skull","Sozu","Strawberry","Old Coin","Omamori"],"acts_visited":["Exordium","TheCity"],"potions_floor_usage":[13,25],"damage_taken":[{"damage":6,"enemies":"Cultist","floor":1,"turns":3},{"damage":12,"enemies":"Small Slimes","floor":3,"turns":5},{"damage":8,"enemies":"Jaw Worm","floor":5,"turns":4},{"damage":25,"enemies":"3 Louse","floor":7,"turns":3},{"damage":26,"enemies":"3 Sentries","floor":13,"turns":10},{"damage":40,"enemies":"The Guardian","floor":16,"turns":9},{"damage":34,"enemies":"2 Thieves","floor":18,"turns":4},{"damage":7,"enemies":"Chosen","floor":20,"turns":5},{"damage":10,"enemies":"Snake Plant","floor":25,"turns":3},{"damage":2,"enemies":"Snecko","floor":27,"turns":3},{"damage":32,"enemies":"Cultist and Chosen","floor":28,"turns":6},{"damage":2,"enemies":"Sentry and Sphere","floor":31,"turns":3},{"damage":82,"enemies":"Champ","floor":33,"turns":7}],"seed_played":"-7117179164233196790","potions_obtained":[{"floor":1,"key":"Dexterity Potion"},{"floor":3,"key":"Weak Potion"}],"is_trial":false,"path_per_floor":["M","$","M","?","M","R","M","R","T","?","$","R","E","?","R","B",null,"M","$","M","T","?","R","?","M","T","M","M","R","?","M","R","B"],"character_chosen":"IRONCLAD","items_purchased":["Inflame"],"campfire_rested":2,"item_purchase_floors":[11],"current_hp_per_floor":[64,64,58,53,51,51,32,32,32,32,47,47,27,19,45,11,70,46,61,60,67,67,67,67,63,63,67,44,44,32,40,72,0,0],"gold":398,"neow_bonus":"TWENTY_PERCENT_HP_BONUS","is_daily":false,"chose_seed":false,"campfire_upgraded":5,"win_rate":0.0,"timestamp":1613165853,"path_taken":["M","?","M","?","M","R","M","R","T","?","$","R","E","?","R","BOSS","M","$","M","?","?","R","?","M","T","?","M","R","?","M","R","BOSS"],"items_purchased_type":["Card"],"build_version":"2020-12-22","purchased_purges":2,"victory":false,"max_hp_per_floor":[89,89,89,89,89,89,89,89,89,89,89,89,89,89,89,89,89,93,93,93,100,100,100,100,100,100,100,103,103,103,107,107,107,107],"relic_stats":{"Sozu":2,"counters":[13,65],"MealTicket":30,"obtain_stats":[{"Sozu":17,"Lantern":9,"Strawberry":21,"MealTicket":4,"Omamori":26,"Burning Blood":0,"Red Skull":13,"Old Coin":22},{"Sozu":6,"Lantern":4,"Strawberry":8,"MealTicket":2,"Omamori":9,"Burning Blood":0,"Red Skull":5,"Old Coin":8},{"Sozu":34,"Lantern":15,"Strawberry":43,"MealTicket":8,"Omamori":46,"Burning Blood":0,"Red Skull":25,"Old Coin":43}],"Burning Blood":72},"card_choices":[{"not_picked":["Dark Embrace","Wild Strike","Blood for Blood"],"picked":"SKIP","floor":1},{"not_picked":["Twin Strike","Headbutt"],"picked":"Hemokinesis","floor":3},{"not_picked":["Clothesline","Heavy Blade","Havoc"],"picked":"SKIP","floor":5},{"not_picked":["Flex","Clash","Blood for Blood"],"picked":"SKIP","floor":7},{"not_picked":["Perfected Strike","Thunderclap"],"picked":"Armaments","floor":13},{"not_picked":["Impervious","Juggernaut"],"picked":"Feed","floor":16},{"not_picked":["Burning Pact","Armaments"],"picked":"Iron Wave","floor":18},{"not_picked":["Body Slam","Dual Wield"],"picked":"Pommel Strike","floor":20},{"not_picked":["Heavy Blade","Power Through"],"picked":"Carnage","floor":25},{"not_picked":["Twin Strike","Wild Strike+1"],"picked":"Metallicize","floor":27},{"not_picked":["Infernal Blade+1","Power Through"],"picked":"Battle Trance","floor":28},{"not_picked":["Evolve","Anger"],"picked":"Pummel+1","floor":31}],"player_experience":525656,"relics_obtained":[{"floor":9,"key":"Lantern"},{"floor":13,"key":"Red Skull"},{"floor":21,"key":"Strawberry"},{"floor":26,"key":"Omamori"}],"event_choices":[{"damage_healed":0,"gold_gain":0,"player_choice":"Success","damage_taken":5,"relics_obtained":["MealTicket"],"max_hp_gain":0,"max_hp_loss":0,"event_name":"Scrap Ooze","floor":4,"gold_loss":0},{"cards_removed":["Strike_R"],"damage_healed":0,"gold_gain":0,"player_choice":"Forget","damage_taken":0,"max_hp_gain":0,"max_hp_loss":0,"event_name":"Living Wall","floor":10,"gold_loss":0},{"damage_healed":0,"gold_gain":50,"player_choice":"Touch","damage_taken":8,"max_hp_gain":0,"max_hp_loss":0,"event_name":"FaceTrader","floor":14,"gold_loss":0},{"damage_healed":0,"gold_gain":0,"player_choice":"Obtained Relic","damage_taken":0,"relics_obtained":["Old Coin"],"max_hp_gain":0,"max_hp_loss":0,"event_name":"Addict","floor":22,"gold_loss":85},{"damage_healed":0,"gold_gain":0,"player_choice":"Ignored","damage_taken":0,"max_hp_gain":0,"max_hp_loss":0,"event_name":"Vampires","floor":24,"gold_loss":0},{"damage_healed":0,"gold_gain":0,"player_choice":"CARD ","damage_taken":12,"max_hp_gain":0,"max_hp_loss":0,"event_name":"Knowing Skull","floor":30,"potions_obtained":[],"gold_loss":0,"cards_obtained":["Swift Strike"]}],"is_beta":false,"boss_relics":[{"not_picked":["Runic Pyramid","Busted Crown"],"picked":"Sozu"}],"items_purged_floors":[2,19],"is_endless":false,"potions_floor_spawned":[1,3,18,27],"killed_by":"Champ","ascension_level":18}}