{"host":"56xwnffi6e9z5l58","time":1613148858,"event":{"mods":["Aspiration","BaseMod","Better Match","Better Note","Better Sensory Stone","BetterRewards","Colored Map","Colored Powertips","Conspire","Downfall","GifTheSpireLib","Hermit","Highlight Path","Hubris","Infinite Spire","Key Reminder","Minty Spire (QoL Compilation)","Permanent Neow","Quick Restart","Rare Cards Sparkle","Replay The Spire","StSLib","Stuff the Spire","SuperFastMode","Unceasing Turn Reminder"],"gold_per_floor":[0,14,14,31,16,36,36,36,70,84,84,113,128,141,158,158,158,158],"floor_reached":16,"language":"ENG","playtime":519,"items_purged":[],"score":114,"play_id":"06e92942-0803-4215-a0a3-a9c161db85e0","local_time":"20210213005418","is_ascension_mode":false,"campfire_choices":[{"data":"Apotheosis","floor":1,"key":"SMITH"},{"data":"hexamod:VolcanoVisage","floor":8,"key":"SMITH"},{"floor":11,"key":"REST"}],"circlet_count":0,"master_deck":["hexamod:Strike","hexamod:Strike","hexamod:Strike","hexamod:Strike","hexamod:Defend","hexamod:Defend","hexamod:Defend","hexamod:Sear","hexamod:Float","Apotheosis+1","hexamod:HauntingEcho","hexamod:VolcanoVisage+1","hexamod:GhostflameBarrier","hexamod:EtherealExpedition","hexamod:HeatShield","hexamod:EmpoweredFlame","hexamod:ExtraCrispy","hexamod:NightmareStrike","hexamod:Hexaguard"],"relics":["hexamod:SpiritBrand","conspire:Dentures","Tiny Chest","keyreminder:keyreminder","hubris:MobiusCoin"],"acts_visited":["Exordium"],"potions_floor_usage":[9,12,16],"damage_taken":[{"damage":6,"enemies":"Jaw Worm","floor":2,"turns":4},{"damage":0,"enemies":"Cultist","floor":4,"turns":3},{"damage":0,"enemies":"downfall:FleeingMerchant","floor":5,"turns":4},{"damage":0,"enemies":"Small Slimes","floor":6,"turns":3},{"damage":11,"enemies":"Gremlin Nob","floor":9,"turns":6},{"damage":20,"enemies":"Exordium Thugs","floor":10,"turns":6},{"damage":17,"enemies":"3 Sentries","floor":12,"turns":5},{"damage":3,"enemies":"Large Slime","floor":13,"turns":7},{"damage":20,"enemies":"3 Louse","floor":14,"turns":3},{"damage":12,"enemies":"Exordium Thugs","floor":15,"turns":4},{"damage":3,"enemies":"SI_SHIV_ARCHETYPE","floor":16,"turns":3}],"seed_played":"6508825517055753391","potions_obtained":[{"floor":4,"key":"champ:CounterPotion"},{"floor":6,"key":"Explosive Potion"},{"floor":13,"key":"hexamod:EctoCoolerPotion"},{"floor":15,"key":"SpeedPotion"}],"is_trial":false,"path_per_floor":["R","M","?","M","$","M","T","R","E","M","R","E","M","M","M","B"],"character_chosen":"THE_SPIRIT","items_purchased":[],"campfire_rested":1,"item_purchase_floors":[],"current_hp_per_floor":[70,64,64,64,64,64,64,64,53,33,54,37,34,14,2,0,0,0],"gold":158,"neow_bonus":"RANDOM_COLORLESS_2","is_daily":false,"chose_seed":false,"campfire_upgraded":2,"win_rate":0.0,"timestamp":1613148858,"path_taken":["R","M","?","M","$","M","T","R","E","M","R","E","M","?","M","BOSS"],"items_purchased_type":[],"build_version":"2020-12-22","purchased_purges":0,"victory":false,"max_hp_per_floor":[70,70,70,70,70,70,70,70,70,70,70,70,70,70,70,70,70,70],"card_choices":[{"not_picked":["Magnetism","Secret Technique"],"picked":"Apotheosis","floor":0},{"not_picked":["hexamod:HeatMetal","hexamod:CatchUp"],"picked":"hexamod:HauntingEcho","floor":2},{"not_picked":["hexamod:FastForward","hexamod:GhostLash"],"picked":"hexamod:GhostflameBarrier","floor":4},{"not_picked":["hexamod:BurningTouch","hexamod:Rewind"],"picked":"hexamod:EtherealExpedition","floor":5},{"not_picked":["hexamod:GhostLash","hexamod:Again"],"picked":"hexamod:HeatShield","floor":6},{"not_picked":["hexamod:NightmareStrike","hexamod:EtherealExpedition"],"picked":"hexamod:EmpoweredFlame","floor":9},{"not_picked":["hexamod:NecessarySacrifice","hexamod:SuperheatedStrike","hexamod:GhostShield"],"picked":"SKIP","floor":10},{"not_picked":["hexamod:FastForward","hexamod:EtherealExpedition"],"picked":"hexamod:ExtraCrispy","floor":12},{"not_picked":["hexamod:CatchUp","hexamod:UnleashSpirits"],"picked":"hexamod:NightmareStrike","floor":13},{"not_picked":["hexamod:Again","hexamod:SwordOfDarkness","hexamod:SoulSteal"],"picked":"SKIP","floor":14},{"not_picked":["hexamod:HeatShield","hexamod:BurningTouch"],"picked":"hexamod:Hexaguard","floor":15}],"player_experience":1032184,"relics_obtained":[{"floor":7,"key":"conspire:Dentures"},{"floor":9,"key":"Tiny Chest"},{"floor":12,"key":"hubris:MobiusCoin"}],"event_choices":[],"is_beta":false,"boss_relics":[],"items_purged_floors":[],"is_endless":false,"potions_floor_spawned":[4,6,13,15],"killed_by":"SI_SHIV_ARCHETYPE","ascension_level":0}}