{"host":"lxu17chzujqn8whl","time":1613100290,"event":{"mods":["BaseMod","Minty Spire (QoL Compilation)","Relic Stats","StSLib"],"gold_per_floor":[119,134,152,167,180,219,238,16,16,43,43,79,96,105,105,230,230,263,272,272,317,242,282,144,144,144],"floor_reached":25,"language":"ENG","playtime":835,"items_purged":["Injury"],"score":258,"play_id":"36d36f52-7725-4b9e-946b-85ea076b4868","local_time":"20210211192450","is_ascension_mode":false,"campfire_choices":[{"data":"Streamline","floor":15.0,"key":"SMITH"}],"circlet_count":0,"master_deck":["Defend_B","Defend_B","Defend_B","Defend_B","Zap","Dualcast","Hologram","Cold Snap","Genetic Algorithm","Biased Cognition","Turbo","Coolheaded","Genetic Algorithm","Ball Lightning","Streamline+1","Conserve Battery","Hello World","Bite","Bite","Bite","Bite","Bite","Tempest+1","Self Repair","Chill"],"relics":["Cracked Core","CeramicFish","Lee\u0027s Waffle","StrikeDummy","Darkstone Periapt","Golden Idol","Nuclear Battery","Mummified Hand","Eternal Feather"],"acts_visited":["Exordium","TheCity"],"potions_floor_usage":[25],"damage_taken":[{"damage":0.0,"enemies":"Cultist","floor":1.0,"turns":4.0},{"damage":4.0,"enemies":"2 Louse","floor":2.0,"turns":3.0},{"damage":6.0,"enemies":"Jaw Worm","floor":3.0,"turns":3.0},{"damage":9.0,"enemies":"Large Slime","floor":4.0,"turns":5.0},{"damage":10.0,"enemies":"2 Fungi Beasts","floor":5.0,"turns":3.0},{"damage":10.0,"enemies":"3 Sentries","floor":6.0,"turns":5.0},{"damage":6.0,"enemies":"Looter","floor":7.0,"turns":4.0},{"damage":6.0,"enemies":"Red Slaver","floor":10.0,"turns":2.0},{"damage":8.0,"enemies":"Lagavulin","floor":12.0,"turns":6.0},{"damage":6.0,"enemies":"Exordium Wildlife","floor":13.0,"turns":4.0},{"damage":26.0,"enemies":"Slime Boss","floor":16.0,"turns":10.0},{"damage":0,"enemies":"Spheric Guardian","floor":18,"turns":3},{"damage":47,"enemies":"Book of Stabbing","floor":23,"turns":7},{"damage":7,"enemies":"Slavers","floor":25,"turns":1}],"seed_played":"-7359327487616155277","potions_obtained":[{"floor":2.0,"key":"DistilledChaos"},{"floor":3.0,"key":"DuplicationPotion"},{"floor":5.0,"key":"DistilledChaos"},{"floor":6.0,"key":"Fire Potion"}],"is_trial":false,"path_per_floor":["M","M","M","M","M","E","M","$","T","M","$","E","M","?","R","B",null,"M","?","?","?","$","E","$","E"],"character_chosen":"DEFECT","items_purchased":["Lee\u0027s Waffle","Genetic Algorithm","Self Repair","Chill"],"campfire_rested":0,"item_purchase_floors":[8,8,24,24],"current_hp_per_floor":[82,78,72,63,53,43,37,89,89,83,83,75,69,75,75,49,95,95,95,95,66,66,29,29,28,28],"gold":144,"neow_bonus":"TEN_PERCENT_HP_BONUS","is_daily":false,"chose_seed":false,"campfire_upgraded":1,"win_rate":0.0,"timestamp":1613100290,"path_taken":["M","M","M","M","?","E","M","$","T","M","$","E","?","?","R","BOSS","M","?","?","?","?","E","$","E"],"items_purchased_type":["Relic","Card","Card","Card"],"build_version":"2020-12-22","purchased_purges":1,"victory":false,"max_hp_per_floor":[82,82,82,82,82,82,82,89,89,89,89,89,89,95,95,95,95,95,95,95,66,66,66,66,66,66],"relic_stats":{"Darkstone Periapt":6,"Lee\u0027s Waffle":52,"counters":[14,60],"Golden Idol":36,"Mummified Hand":[3],"CeramicFish":135,"Eternal Feather":0,"obtain_stats":[{"Darkstone Periapt":12,"Lee\u0027s Waffle":8,"Golden Idol":14,"Mummified Hand":20,"CeramicFish":6,"Eternal Feather":23,"Cracked Core":0,"StrikeDummy":9,"Nuclear Battery":17},{"Darkstone Periapt":9,"Lee\u0027s Waffle":7,"Golden Idol":10,"Mummified Hand":12,"CeramicFish":6,"Eternal Feather":13,"Cracked Core":0,"StrikeDummy":7,"Nuclear Battery":11},{"Darkstone Periapt":35,"Lee\u0027s Waffle":27,"Golden Idol":39,"Mummified Hand":52,"CeramicFish":23,"Eternal Feather":59,"Cracked Core":0,"StrikeDummy":27,"Nuclear Battery":49}]},"card_choices":[{"not_picked":["Redo","Capacitor"],"picked":"Hologram","floor":1.0},{"not_picked":["Go for the Eyes","Redo"],"picked":"Cold Snap","floor":2.0},{"not_picked":["Barrage","Cold Snap"],"picked":"Genetic Algorithm","floor":3.0},{"not_picked":["Reinforced Body","Leap"],"picked":"Biased Cognition","floor":4.0},{"not_picked":["Lockon","Redo"],"picked":"Turbo","floor":5.0},{"not_picked":["Conserve Battery","Reprogram"],"picked":"Coolheaded","floor":6.0},{"not_picked":["Blizzard","Capacitor","Lockon"],"picked":"SKIP","floor":7.0},{"not_picked":["Undo","Rebound"],"picked":"Ball Lightning","floor":10.0},{"not_picked":["Cold Snap","Consume"],"picked":"Streamline","floor":12.0},{"not_picked":["Turbo","Reboot","Gash"],"picked":"SKIP","floor":13.0},{"not_picked":["Chaos","Go for the Eyes"],"picked":"Conserve Battery","floor":18},{"not_picked":["Rebound","FTL"],"picked":"Tempest+1","floor":23}],"player_experience":668764,"relics_obtained":[{"floor":6.0,"key":"CeramicFish"},{"floor":9.0,"key":"StrikeDummy"},{"floor":12.0,"key":"Darkstone Periapt"},{"floor":23,"key":"Eternal Feather"}],"event_choices":[{"damage_healed":0.0,"max_hp_gain":0.0,"max_hp_loss":0.0,"gold_gain":0.0,"event_name":"Golden Idol","player_choice":"Take Wound","floor":14.0,"gold_loss":0.0,"damage_taken":0.0,"relics_obtained":["Golden Idol"],"cards_obtained":["Injury"]},{"damage_healed":0,"gold_gain":0,"player_choice":"Read","damage_taken":0,"max_hp_gain":0,"max_hp_loss":0,"event_name":"The Library","floor":19,"gold_loss":0,"cards_obtained":["Hello World"]},{"damage_healed":0,"gold_gain":0,"player_choice":"Opened","damage_taken":0,"relics_obtained":["Mummified Hand"],"max_hp_gain":0,"max_hp_loss":0,"event_name":"The Mausoleum","floor":20,"gold_loss":0},{"damage_healed":0,"gold_gain":0,"player_choice":"Became a vampire","damage_taken":0,"max_hp_gain":0,"max_hp_loss":29,"event_name":"Vampires","floor":21,"gold_loss":0,"cards_obtained":["Bite","Bite","Bite","Bite","Bite"]}],"is_beta":false,"boss_relics":[{"not_picked":["Snecko Eye","Empty Cage"],"picked":"Nuclear Battery"}],"items_purged_floors":[22],"is_endless":false,"potions_floor_spawned":[2,3,5,6],"killed_by":"Slavers","ascension_level":0}}