{"host":"rtw1tnr74gozsrw1","time":1613100489,"event":{"mods":["BaseMod","Colored Map","Colored Powertips","Highlight Path","Infinite Spire","Minty Spire (QoL Compilation)","StSLib","The Cursed","The Jungle"],"gold_per_floor":[116,41,116,116,127,152,152,185,197,242,254,280,292,322,334,449,511,513,435,460,472,495,507,34,63,112,124,151,151,114,130,130,225,225,237,112,132,132,149,149,149,174,197,232,232,246,246,256,256,256,256,256,55,80,80,80],"floor_reached":55,"language":"ENG","playtime":2521,"items_purged":["Strike_R","Strike_R","Strike_R","Defend_R","Defend_R"],"score":966,"play_id":"77a8d4b4-8c73-49cb-bf70-f8abdcd6113f","local_time":"20210212042809","is_ascension_mode":true,"campfire_choices":[{"data":"Metallicize","floor":7,"key":"SMITH"},{"data":"Battle Trance","floor":11,"key":"SMITH"},{"data":"Rampage","floor":13,"key":"SMITH"},{"data":"Metallicize","floor":15,"key":"SMITH"},{"data":"infinitespire:DeathsTouch","floor":23,"key":"SMITH"},{"data":"Rampage","floor":29,"key":"SMITH"},{"data":"Inflame","floor":32,"key":"SMITH"},{"data":"Limit Break","floor":40,"key":"SMITH"},{"data":"Flame Barrier","floor":45,"key":"SMITH"},{"floor":49,"key":"RECALL"},{"data":"Shockwave","floor":52,"key":"SMITH"}],"circlet_count":0,"master_deck":["Strike_R+1","Defend_R+1","Defend_R","Bash+1","Metallicize+1","Metallicize+1","Rampage+1","Battle Trance+1","Shockwave+1","Metallicize+1","Bludgeon+1","Rage+1","infinitespire:DeathsTouch+1","Metallicize+1","Rampage+1","Inflame+1","Limit Break+1","Headbutt+1","Parasite","Flame Barrier+1"],"relics":["Burning Blood","Mummified Hand","MawBank","infinitespire:CheckeredPen","Thread and Needle","Tiny House","Shuriken","DollysMirror","infinitespire:PuzzleCube","Regal Pillow","Meat on the Bone","Philosopher\u0027s Stone","infinitespire:BottledMercury","Sundial","Smiling Mask","Whetstone","infinitespire:Lucky Rock"],"acts_visited":["Exordium","TheCity","TheBeyond","TheEnding"],"potions_floor_usage":[20,28,46,50,55],"damage_taken":[{"damage":14,"enemies":"Small Slimes","floor":1,"turns":5},{"damage":3,"enemies":"Jaw Worm","floor":5,"turns":6},{"damage":14,"enemies":"Lagavulin","floor":6,"turns":8},{"damage":10,"enemies":"Gremlin Nob","floor":8,"turns":5},{"damage":0,"enemies":"Lagavulin","floor":10,"turns":5},{"damage":0,"enemies":"Cultist","floor":12,"turns":3},{"damage":0,"enemies":"Large Slime","floor":14,"turns":6},{"damage":14,"enemies":"Slime Boss","floor":16,"turns":9},{"damage":8,"enemies":"2 Thieves","floor":18,"turns":4},{"damage":0,"enemies":"Spheric Guardian","floor":20,"turns":7},{"damage":19,"enemies":"Chosen and Byrds","floor":22,"turns":4},{"damage":0,"enemies":"Book of Stabbing","floor":25,"turns":4},{"damage":0,"enemies":"Centurion and Healer","floor":27,"turns":4},{"damage":31,"enemies":"Slavers","floor":28,"turns":3},{"damage":5,"enemies":"Shelled Parasite and Fungi","floor":31,"turns":5},{"damage":39,"enemies":"Automaton","floor":33,"turns":8},{"damage":24,"enemies":"3 Darklings","floor":35,"turns":4},{"damage":0,"enemies":"Orb Walker","floor":37,"turns":2},{"damage":4,"enemies":"Writhing Mass","floor":39,"turns":3},{"damage":0,"enemies":"Giant Head","floor":42,"turns":8},{"damage":0,"enemies":"Reptomancer","floor":44,"turns":6},{"damage":23,"enemies":"Maw","floor":46,"turns":6},{"damage":0,"enemies":"3 Darklings","floor":48,"turns":5},{"damage":79,"enemies":"infinitespire:MassOfShapes","floor":50,"turns":11},{"damage":59,"enemies":"Shield and Spear","floor":54,"turns":5},{"damage":44,"enemies":"The Heart","floor":55,"turns":3}],"seed_played":"1062400781554269461","potions_obtained":[{"floor":1,"key":"SmokeBomb"},{"floor":12,"key":"SneckoOil"},{"floor":14,"key":"Weak Potion"},{"floor":17,"key":"TwistedElixir"},{"floor":20,"key":"Regen Potion"},{"floor":25,"key":"LiquidMemories"},{"floor":31,"key":"BloodPotion"},{"floor":48,"key":"ElixirPotion"},{"floor":54,"key":"AttackPotion"}],"is_trial":false,"path_per_floor":["M","$","?","?","M","E","R","E","T","E","R","M","R","M","R","B",null,"M","?","M","AVR","M","R","$","E","T","M","E","R","$","M","R","B",null,"M","$","M","$","M","R","?","E","T","E","R","M","?","M","R","B",null,"R","$","E","B"],"character_chosen":"IRONCLAD","items_purchased":["Shuriken","DollysMirror","Inflame","Whetstone"],"campfire_rested":0,"item_purchase_floors":[24,24,30,53],"current_hp_per_floor":[72,72,61,61,64,56,56,52,52,58,58,64,64,70,70,62,85,83,83,85,85,72,72,72,78,78,84,59,59,59,60,60,39,85,67,67,73,73,75,75,75,81,81,85,85,85,85,85,85,24,85,85,85,44,0,0],"gold":80,"neow_bonus":"THREE_CARDS","is_daily":false,"chose_seed":false,"campfire_upgraded":10,"win_rate":0.0,"timestamp":1613100489,"path_taken":["M","$","?","?","M","E","R","E","T","E","R","M","R","M","R","BOSS","M","?","M","AVR","M","R","$","E","T","M","E","R","?","M","R","BOSS","M","$","M","$","M","R","?","E","T","E","R","?","?","M","R","BOSS","R","$","E","BOSS"],"items_purchased_type":["Relic","Relic","Card","Relic"],"build_version":"2020-12-22","purchased_purges":5,"victory":false,"max_hp_per_floor":[80,80,80,80,80,80,80,80,80,80,80,80,80,80,80,80,85,85,85,85,85,85,85,85,85,85,85,85,85,85,85,85,85,85,85,85,85,85,85,85,85,85,85,85,85,85,85,85,85,85,85,85,85,85,85,85],"card_choices":[{"not_picked":["Infernal Blade","Thunderclap"],"picked":"Metallicize","floor":0},{"not_picked":["Iron Wave","Warcry"],"picked":"Metallicize","floor":1},{"not_picked":["Whirlwind","Thunderclap"],"picked":"Rampage","floor":5},{"not_picked":["Seeing Red","Heavy Blade"],"picked":"Battle Trance","floor":6},{"not_picked":["Sword Boomerang","Flex","Twin Strike"],"picked":"SKIP","floor":8},{"not_picked":["Bloodletting","Disarm","Evolve"],"picked":"SKIP","floor":10},{"not_picked":["Warcry","Armaments"],"picked":"Shockwave","floor":12},{"not_picked":["Clash","Rupture"],"picked":"Metallicize","floor":14},{"not_picked":["Double Tap","Offering"],"picked":"Bludgeon","floor":16},{"not_picked":["Thunderclap+1","Sword Boomerang+1"],"picked":"Rage+1","floor":18},{"not_picked":["Feed","Rupture","Clothesline"],"picked":"SKIP","floor":20},{"not_picked":["Havoc+1","Body Slam+1","Second Wind"],"picked":"SKIP","floor":22},{"not_picked":["Havoc","Searing Blow+1"],"picked":"Rampage","floor":25},{"not_picked":["Armaments+1","Body Slam+1","Spot Weakness"],"picked":"SKIP","floor":27},{"not_picked":["Berserk","Armaments","Body Slam"],"picked":"SKIP","floor":28},{"not_picked":["Feel No Pain","Body Slam","Searing Blow+1"],"picked":"SKIP","floor":31},{"not_picked":["Feed","Bludgeon"],"picked":"Limit Break","floor":33},{"not_picked":["Shrug It Off","Dual Wield"],"picked":"Headbutt+1","floor":35},{"not_picked":["Shrug It Off+1","Second Wind","Thunderclap+1"],"picked":"SKIP","floor":37},{"not_picked":["Shockwave","Searing Blow+1","Pummel+1"],"picked":"SKIP","floor":39},{"not_picked":["Iron Wave","Headbutt+1"],"picked":"Flame Barrier","floor":42},{"not_picked":["Clothesline+1","Reckless Charge+1","Dark Embrace+1"],"picked":"SKIP","floor":44},{"not_picked":["Clothesline+1","Reckless Charge+1","Dark Embrace+1"],"picked":"SKIP","floor":44},{"not_picked":["True Grit","Reaper","Havoc"],"picked":"SKIP","floor":46},{"not_picked":["Pommel Strike+1","Perfected Strike","Iron Wave+1"],"picked":"SKIP","floor":48},{"not_picked":["Cleave+1","Sword Boomerang","Perfected Strike"],"picked":"SKIP","floor":54}],"player_experience":144522,"relics_obtained":[{"floor":6,"key":"Mummified Hand"},{"floor":8,"key":"MawBank"},{"floor":9,"key":"infinitespire:CheckeredPen"},{"floor":10,"key":"Thread and Needle"},{"floor":25,"key":"infinitespire:PuzzleCube"},{"floor":26,"key":"Regal Pillow"},{"floor":28,"key":"Meat on the Bone"},{"floor":42,"key":"Sundial"},{"floor":44,"key":"Smiling Mask"},{"floor":54,"key":"infinitespire:Lucky Rock"}],"event_choices":[{"damage_healed":0,"gold_gain":75,"player_choice":"Gather Gold","damage_taken":11,"max_hp_gain":0,"max_hp_loss":0,"event_name":"World of Goop","floor":3,"gold_loss":0},{"cards_removed":["Strike_R"],"damage_healed":0,"gold_gain":0,"player_choice":"Upgrade and Remove","damage_taken":0,"max_hp_gain":0,"max_hp_loss":0,"event_name":"Designer","floor":19,"gold_loss":90,"cards_upgraded":["Defend_R"]},{"damage_healed":0,"gold_gain":0,"player_choice":"Gave Potion","damage_taken":0,"relics_obtained":["infinitespire:BottledMercury"],"max_hp_gain":0,"max_hp_loss":0,"event_name":"WeMeetAgain","floor":41,"gold_loss":0},{"damage_healed":0,"gold_gain":0,"player_choice":"Upgraded","damage_taken":0,"max_hp_gain":0,"max_hp_loss":0,"event_name":"Upgrade Shrine","floor":47,"gold_loss":0,"cards_upgraded":["Bludgeon"]}],"is_beta":false,"boss_relics":[{"not_picked":["Calling Bell","Runic Cube"],"picked":"Tiny House"},{"not_picked":["infinitespire:Cupcake","Black Star"],"picked":"Philosopher\u0027s Stone"}],"items_purged_floors":[2,21,24,36,53],"is_endless":false,"potions_floor_spawned":[1,12,14,20,22,25,31,37,39,48,54],"killed_by":"The Heart","ascension_level":2}}