{"host":"0kk91h4bq4kgfj0u","time":1613144349,"event":{"mods":["BaseMod","Bestiary","Block Reminder","Colored Map","Colored Powertips","Curses Come First","Downfall","Highlight Path","Minty Spire (QoL Compilation)","Relic Stats","StSLib"],"gold_per_floor":[99,114,114,18,32,59,136,36,53,64,82,94,105,205,225,225,225,225],"floor_reached":16,"language":"ENG","playtime":771,"items_purged":[],"score":106,"play_id":"2d20df46-83ee-454b-b2b2-974fc3d803b4","local_time":"20210212103909","is_ascension_mode":false,"campfire_choices":[{"floor":1,"key":"RECALL"},{"data":"bronze:Boost","floor":8,"key":"SMITH"}],"circlet_count":0,"master_deck":["bronze:Strike","bronze:Strike","bronze:Strike","bronze:Defend","bronze:Defend","bronze:Defend","bronze:Defend","bronze:Replicate","bronze:Goto","bronze:AlphaBuild","bronze:Boost+1","bronze:Overheat","bronze:ChosenStrike","bronze:Optimize","bronze:Constructor","bronze:WhirlingStrike","bronze:Terminator","bronze:Branch","bronze:Iterate","bronze:DelayedSlice","bronze:BronzeArmor","bronze:WildBeam"],"relics":["bronze:BronzeCore","Kunai","downfall:HeartBlessingRed","Toy Ornithopter"],"acts_visited":["Exordium"],"potions_floor_usage":[14,16],"damage_taken":[{"damage":0,"enemies":"Small Slimes","floor":2,"turns":2},{"damage":0,"enemies":"downfall:FleeingMerchant","floor":4,"turns":4},{"damage":0,"enemies":"Cultist","floor":5,"turns":3},{"damage":5,"enemies":"3 Sentries","floor":6,"turns":6},{"damage":0,"enemies":"2 Louse","floor":9,"turns":3},{"damage":0,"enemies":"Exordium Thugs","floor":10,"turns":5},{"damage":0,"enemies":"Large Slime","floor":11,"turns":3},{"damage":0,"enemies":"Blue Slaver","floor":12,"turns":1},{"damage":8,"enemies":"Red Slaver","floor":13,"turns":2},{"damage":25,"enemies":"downfall:LadyInBlue","floor":14,"turns":4},{"damage":0,"enemies":"Exordium Wildlife","floor":15,"turns":3},{"damage":36,"enemies":"DF_ARCHETYPE_STREAMLINE","floor":16,"turns":4}],"seed_played":"-4300882835764947714","potions_obtained":[{"floor":6,"key":"Strength Potion"},{"floor":9,"key":"AttackPotion"},{"floor":11,"key":"BlessingOfTheForge"},{"floor":13,"key":"bronze:BurnAndBuffPotion"},{"floor":14,"key":"CultistPotion"}],"is_trial":false,"path_per_floor":["R","M","?","$","M","E","T","R","M","M","M","M","M","?","M","B"],"character_chosen":"THE_AUTOMATON","items_purchased":["bronze:ChosenStrike"],"campfire_rested":0,"item_purchase_floors":[4],"current_hp_per_floor":[63,63,63,63,63,58,58,58,58,58,58,58,50,25,25,0,0,0],"gold":225,"neow_bonus":"THREE_RARE_CARDS","is_daily":false,"chose_seed":false,"campfire_upgraded":1,"win_rate":0.0,"timestamp":1613144349,"path_taken":["R","M","?","$","M","E","T","R","M","?","M","M","M","?","M","BOSS"],"items_purchased_type":["Card"],"build_version":"2020-12-22","purchased_purges":0,"victory":false,"max_hp_per_floor":[63,63,63,63,63,63,63,63,63,63,63,63,63,63,63,63,63,63],"relic_stats":{"counters":[12,40],"Kunai":[10],"obtain_stats":[{"bronze:BronzeCore":0,"downfall:HeartBlessingRed":8,"Kunai":6,"Toy Ornithopter":14},{"bronze:BronzeCore":0,"downfall:HeartBlessingRed":4,"Kunai":4,"Toy Ornithopter":10},{"bronze:BronzeCore":0,"downfall:HeartBlessingRed":15,"Kunai":15,"Toy Ornithopter":33}],"Toy Ornithopter":5},"card_choices":[{"not_picked":["bronze:SpaghettiCode","bronze:Virus"],"picked":"bronze:AlphaBuild","floor":0},{"not_picked":["bronze:Overheat","bronze:Allocate"],"picked":"bronze:Boost","floor":2},{"not_picked":["bronze:ClassDefault","bronze:Backtrace"],"picked":"bronze:Overheat","floor":4},{"not_picked":["bronze:Deprecate","bronze:ForceShield"],"picked":"bronze:Optimize","floor":5},{"not_picked":["bronze:MaxOutput","bronze:DelayedGuard"],"picked":"bronze:Constructor","floor":6},{"not_picked":["bronze:Deprecate","bronze:ChosenStrike"],"picked":"bronze:WhirlingStrike","floor":9},{"not_picked":["bronze:Overload","bronze:BitShift"],"picked":"bronze:Terminator","floor":10},{"not_picked":["bronze:Return","bronze:DigitalCarnage"],"picked":"bronze:Branch","floor":11},{"not_picked":["bronze:Shell","bronze:Break"],"picked":"bronze:Iterate","floor":12},{"not_picked":["bronze:CloningBeam","bronze:BitShift"],"picked":"bronze:DelayedSlice","floor":13},{"not_picked":["bronze:Terminator","bronze:BitShift"],"picked":"bronze:BronzeArmor","floor":14},{"not_picked":["bronze:Return","bronze:BronzeArmor"],"picked":"bronze:WildBeam","floor":15}],"player_experience":927995,"relics_obtained":[{"floor":6,"key":"Kunai"},{"floor":14,"key":"Toy Ornithopter"}],"event_choices":[{"cards_removed":["bronze:Strike"],"damage_healed":0,"gold_gain":0,"player_choice":"Offered Basic","damage_taken":0,"max_hp_gain":0,"max_hp_loss":0,"event_name":"Bonfire Elementals","floor":3,"gold_loss":0}],"is_beta":false,"boss_relics":[],"items_purged_floors":[],"is_endless":false,"potions_floor_spawned":[6,9,11,12,13],"killed_by":"DF_ARCHETYPE_STREAMLINE","ascension_level":0}}