{"host":"xi8yg1ddhptuxb9d","time":1613099601,"event":{"mods":["AchievementEnabler","BaseMod","Block Reminder","Minty Spire (QoL Compilation)","Relic Sorter","StSLib"],"gold_per_floor":[111,111,130,280,296,296,327,327,352,362,362,394,410,371,371,443,443,456,472,522,537,128,128,155,155,155,174,174,174,209,209,209,287,287,303,83,108,383,383,383],"floor_reached":39,"language":"ENG","playtime":2131,"items_purged":["Doubt"],"score":855,"play_id":"85f5f4d4-506d-453c-9a8b-0a5e4deaf56c","local_time":"20210211221321","is_ascension_mode":true,"campfire_choices":[{"data":"Neutralize","floor":6.0,"key":"SMITH"},{"floor":11.0,"key":"REST"},{"floor":15.0,"key":"REST"},{"data":"Catalyst","floor":23.0,"key":"SMITH"},{"floor":25.0,"key":"REST"},{"floor":32.0,"key":"REST"}],"circlet_count":0,"master_deck":["AscendersBane","Strike_G","Strike_G","Strike_G","Strike_G","Strike_G","Defend_G","Defend_G","Defend_G","Defend_G","Defend_G","Survivor","Neutralize+1","Underhanded Strike","Dagger Throw","Predator","Unload","Adrenaline","Bouncing Flask","Leg Sweep","Caltrops","Night Terror","Bouncing Flask","Mayhem","Catalyst+1","Underhanded Strike","Calculated Gamble","Catalyst+1","Wraith Form v2","PiercingWail+1","Wraith Form v2","Underhanded Strike+1","Regret"],"relics":["Snecko Eye","Regal Pillow","Nunchaku","Blue Candle","Philosopher\u0027s Stone","Lizard Tail","Mercury Hourglass","MutagenicStrength","Molten Egg 2","SlaversCollar","DollysMirror","Gambling Chip"],"acts_visited":["Exordium","TheCity","TheBeyond"],"potions_floor_usage":[39],"damage_taken":[{"damage":0.0,"enemies":"2 Louse","floor":1.0,"turns":3.0},{"damage":9.0,"enemies":"Cultist","floor":3.0,"turns":5.0},{"damage":4.0,"enemies":"Jaw Worm","floor":5.0,"turns":5.0},{"damage":35.0,"enemies":"Lagavulin","floor":7.0,"turns":6.0},{"damage":2.0,"enemies":"3 Louse","floor":10.0,"turns":4.0},{"damage":6.0,"enemies":"Gremlin Nob","floor":12.0,"turns":3.0},{"damage":3.0,"enemies":"Large Slime","floor":13.0,"turns":4.0},{"damage":3.0,"enemies":"Hexaghost","floor":16.0,"turns":7.0},{"damage":21.0,"enemies":"3 Byrds","floor":18.0,"turns":4.0},{"damage":0.0,"enemies":"Spheric Guardian","floor":19.0,"turns":2.0},{"damage":0.0,"enemies":"Snecko","floor":21.0,"turns":3.0},{"damage":51.0,"enemies":"Book of Stabbing","floor":24.0,"turns":5.0},{"damage":3.0,"enemies":"Snake Plant","floor":27.0,"turns":4.0},{"damage":13.0,"enemies":"Slavers","floor":30.0,"turns":3.0},{"damage":89.0,"enemies":"Automaton","floor":33.0,"turns":12.0},{"damage":22.0,"enemies":"Orb Walker","floor":35.0,"turns":4.0},{"damage":2,"enemies":"Mind Bloom Boss Battle","floor":37,"turns":3},{"damage":36,"enemies":"3 Darklings","floor":39,"turns":3}],"seed_played":"581819392735412316","potions_obtained":[{"floor":1.0,"key":"SpeedPotion"},{"floor":5.0,"key":"FearPotion"},{"floor":18.0,"key":"Ancient Potion"},{"floor":21.0,"key":"FairyPotion"},{"floor":27.0,"key":"GhostInAJar"},{"floor":30.0,"key":"Weak Potion"},{"floor":37,"key":"SteroidPotion"}],"is_trial":false,"path_per_floor":["M","?","M","?","M","R","E","?","T","M","R","E","M","$","R","B",null,"M","M","?","M","$","R","E","R","T","M","?","?","E","?","R","B",null,"M","$","?","?","M"],"character_chosen":"THE_SILENT","items_purchased":["Caltrops","Mayhem","Catalyst","Underhanded Strike","DollysMirror","Swift Potion"],"campfire_rested":4,"item_purchase_floors":[14,22,22,22,36,36],"current_hp_per_floor":[59,59,50,50,46,46,11,11,11,9,43,37,34,34,66,63,65,44,44,38,38,38,38,7,41,41,38,38,38,25,25,59,24,56,34,34,32,32,0,0],"gold":383,"neow_bonus":"BOSS_RELIC","is_daily":false,"chose_seed":false,"campfire_upgraded":2,"win_rate":0.0,"timestamp":1613099601,"path_taken":["M","?","M","?","M","R","E","?","T","M","R","E","M","$","R","BOSS","M","?","?","M","$","R","E","R","T","?","?","?","E","?","R","BOSS","M","?","?","?","M"],"items_purchased_type":["Card","Card","Card","Card","Relic","Potion"],"build_version":"2020-12-22","purchased_purges":1,"victory":false,"max_hp_per_floor":[66,66,66,66,66,66,66,66,66,66,66,66,66,66,66,66,66,66,66,66,66,66,66,66,66,66,66,66,66,66,66,66,66,66,66,66,66,66,66,66],"card_choices":[{"not_picked":["Reflex","Slice"],"picked":"Underhanded Strike","floor":1.0},{"not_picked":["Prepared","Bane"],"picked":"Dagger Throw","floor":3.0},{"not_picked":["All Out Attack","Flechettes"],"picked":"Predator","floor":5.0},{"not_picked":["PiercingWail","Finisher"],"picked":"Unload","floor":7.0},{"not_picked":["Dagger Throw","Setup"],"picked":"Bouncing Flask","floor":10.0},{"not_picked":["Dagger Spray","Acrobatics"],"picked":"Leg Sweep","floor":12.0},{"not_picked":["PiercingWail","Riddle With Holes","Blade Dance"],"picked":"SKIP","floor":13.0},{"not_picked":["Phantasmal Killer","Die Die Die"],"picked":"Night Terror","floor":16.0},{"not_picked":["Flying Knee","Riddle With Holes"],"picked":"Bouncing Flask","floor":18.0},{"not_picked":["Blade Dance","Deadly Poison","Expertise"],"picked":"SKIP","floor":19.0},{"not_picked":["Slice","Bane","Backflip"],"picked":"SKIP","floor":21.0},{"not_picked":["Caltrops","Cloak And Dagger","Slice"],"picked":"SKIP","floor":24.0},{"not_picked":["Backflip+1","Cloak And Dagger"],"picked":"Calculated Gamble","floor":27.0},{"not_picked":["Riddle With Holes+1","Accuracy+1"],"picked":"Catalyst","floor":30.0},{"not_picked":["Tools of the Trade","Adrenaline"],"picked":"Wraith Form v2","floor":33.0},{"not_picked":["Dagger Throw+1","Blur"],"picked":"PiercingWail+1","floor":35.0},{"not_picked":["PiercingWail","Slice+1"],"picked":"Underhanded Strike+1","floor":37}],"player_experience":712564,"relics_obtained":[{"floor":7.0,"key":"Regal Pillow"},{"floor":9.0,"key":"Nunchaku"},{"floor":12.0,"key":"Blue Candle"},{"floor":24.0,"key":"Lizard Tail"},{"floor":26.0,"key":"Mercury Hourglass"},{"floor":30.0,"key":"Molten Egg 2"},{"floor":37,"key":"Gambling Chip"}],"event_choices":[{"damage_healed":0.0,"max_hp_gain":0.0,"max_hp_loss":0.0,"gold_gain":0.0,"event_name":"Shining Light","player_choice":"Ignored","floor":2.0,"gold_loss":0.0,"damage_taken":0.0},{"damage_healed":0.0,"max_hp_gain":0.0,"max_hp_loss":0.0,"gold_gain":150.0,"event_name":"Liars Game","player_choice":"AGREE","floor":4.0,"gold_loss":0.0,"damage_taken":0.0,"cards_obtained":["Doubt"]},{"damage_healed":0.0,"max_hp_gain":0.0,"max_hp_loss":0.0,"gold_gain":0.0,"event_name":"Match and Keep!","player_choice":"1 cards matched","floor":8.0,"gold_loss":0.0,"damage_taken":0.0,"cards_obtained":["Adrenaline"]},{"damage_healed":0.0,"max_hp_gain":0.0,"max_hp_loss":0.0,"gold_gain":50.0,"event_name":"FaceTrader","player_choice":"Touch","floor":20.0,"gold_loss":0.0,"damage_taken":6.0},{"damage_healed":0.0,"max_hp_gain":0.0,"max_hp_loss":0.0,"gold_gain":0.0,"event_name":"Drug Dealer","player_choice":"Inject Mutagens","floor":28.0,"gold_loss":0.0,"damage_taken":0.0,"relics_obtained":["MutagenicStrength"]},{"damage_healed":0.0,"max_hp_gain":0.0,"max_hp_loss":0.0,"gold_gain":0.0,"event_name":"Beggar","player_choice":"Ignored","floor":29.0,"gold_loss":0.0,"damage_taken":0.0},{"damage_healed":0.0,"max_hp_gain":0.0,"max_hp_loss":0.0,"gold_gain":0.0,"event_name":"Accursed Blacksmith","player_choice":"Forge","floor":31.0,"gold_loss":0.0,"damage_taken":0.0,"cards_upgraded":["Catalyst"]},{"damage_healed":0,"gold_gain":0,"player_choice":"Fight","damage_taken":0,"max_hp_gain":0,"max_hp_loss":0,"event_name":"MindBloom","floor":37,"gold_loss":0},{"damage_healed":0,"gold_gain":275,"player_choice":"Desecrate","damage_taken":0,"max_hp_gain":0,"max_hp_loss":0,"event_name":"Golden Shrine","floor":38,"gold_loss":0,"cards_obtained":["Regret"]}],"is_beta":false,"boss_relics":[{"not_picked":["Calling Bell","Astrolabe"],"picked":"Philosopher\u0027s Stone"},{"not_picked":["Runic Pyramid","HoveringKite"],"picked":"SlaversCollar"}],"items_purged_floors":[22],"is_endless":false,"potions_floor_spawned":[1,5,18,21,27,30,37],"killed_by":"3 Darklings","ascension_level":18}}