{"host":"3jjxuhjpio8e4zkv","time":1613098910,"event":{"mods":["BaseMod","Colored Map","Highlight Path","Minty Spire (QoL Compilation)","Permanent Neow","Relic Stats","StSLib"],"gold_per_floor":[114,125,144,144,144,144,144],"floor_reached":6,"language":"ENG","playtime":587,"items_purged":[],"score":72,"play_id":"98f114ed-0ed5-4486-9cf5-0ded1efea0f9","local_time":"20210211220150","is_ascension_mode":true,"campfire_choices":[],"circlet_count":0,"master_deck":["AscendersBane","Strike_R","Strike_R","Strike_R","Strike_R","Defend_R","Defend_R","Defend_R","Defend_R","Bash","Corruption","Shrug It Off","Metallicize","Hemokinesis"],"relics":["Burning Blood","Lantern"],"acts_visited":["Exordium"],"potions_floor_usage":[],"damage_taken":[{"damage":9,"enemies":"2 Louse","floor":1,"turns":4},{"damage":8,"enemies":"Small Slimes","floor":2,"turns":5},{"damage":8,"enemies":"Jaw Worm","floor":3,"turns":5},{"damage":37,"enemies":"3 Sentries","floor":6,"turns":6}],"seed_played":"-1496602699663791179","potions_obtained":[],"is_trial":false,"path_per_floor":["M","M","M","?","?","E"],"character_chosen":"IRONCLAD","items_purchased":[],"campfire_rested":0,"item_purchase_floors":[],"current_hp_per_floor":[65,63,61,43,36,0,0],"gold":144,"neow_bonus":"ONE_RANDOM_RARE_CARD","is_daily":false,"chose_seed":false,"campfire_upgraded":0,"win_rate":0.0,"timestamp":1613098910,"path_taken":["M","M","M","?","?","E"],"items_purchased_type":[],"build_version":"2020-12-22","purchased_purges":0,"victory":false,"max_hp_per_floor":[75,75,75,75,75,75,75],"relic_stats":{"counters":[4,20],"obtain_stats":[{"Lantern":4,"Burning Blood":0},{"Lantern":3,"Burning Blood":0},{"Lantern":14,"Burning Blood":0}],"Burning Blood":18},"card_choices":[{"not_picked":["Flex","Rage"],"picked":"Shrug It Off","floor":1},{"not_picked":["Thunderclap","Entrench"],"picked":"Metallicize","floor":2},{"not_picked":["Disarm","Thunderclap"],"picked":"Hemokinesis","floor":3}],"player_experience":1270841,"relics_obtained":[],"event_choices":[{"damage_healed":0,"gold_gain":0,"player_choice":"Success","damage_taken":18,"relics_obtained":["Lantern"],"max_hp_gain":0,"max_hp_loss":0,"event_name":"Scrap Ooze","floor":4,"gold_loss":0},{"cards_removed":["Strike_R"],"damage_healed":0,"gold_gain":0,"player_choice":"Card Removal","damage_taken":7,"max_hp_gain":0,"max_hp_loss":0,"event_name":"Golden Wing","floor":5,"gold_loss":0}],"is_beta":false,"boss_relics":[],"items_purged_floors":[],"is_endless":false,"potions_floor_spawned":[],"killed_by":"3 Sentries","ascension_level":20}}