{"host":"7iv10lxbxedtd0qh","time":1613100081,"event":{"mods":["100% Spire Juice","Act Like it!","BaseMod","Bestiary","CapriCore","Colored Map","Colored Powertips","Downfall","Minty Spire (QoL Compilation)","Spire Arcade","StSLib","The Alterego","The Immortal","The Juggle","The Marked","TheVacant"],"gold_per_floor":[110,110,120,133,144,144,157,1,1,1,21,41,74,84,84,180,180,200,219,234,40,40,40,68,68,68,32,132,163,243,258,258,353,353,369,369,469,469,487,487,512,512,512,547,199,199,199,199,199,199],"floor_reached":51,"language":"ENG","playtime":3185,"items_purged":["MokouMod:Defend","MokouMod:Strike","MokouMod:Strike+1"],"score":843,"play_id":"5406ee79-4c8b-4e57-b450-e093fbb86272","local_time":"20210212042121","is_ascension_mode":false,"campfire_choices":[{"data":"MokouMod:HeatSpark","floor":6.0,"key":"SMITH"},{"data":"MokouMod:BurningDraft","floor":10.0,"key":"SMITH"},{"data":"MokouMod:Sear","floor":15,"key":"SMITH"},{"data":"MokouMod:WarmUp","floor":23,"key":"SMITH"},{"data":"MokouMod:ResonatingAura","floor":25,"key":"SMITH"},{"floor":32,"key":"REST"},{"data":"MokouMod:SearingBlow+1","floor":40,"key":"SMITH"},{"data":"MokouMod:SearingBlow+2","floor":42,"key":"SMITH"},{"data":"MokouMod:BurningDraft","floor":49,"key":"SMITH"}],"circlet_count":0,"master_deck":["MokouMod:Defend+1","MokouMod:Defend+1","MokouMod:Defend+1","MokouMod:HeatSpark+1","MokouMod:FlareStarter+1","MokouMod:EternalBurstReactor+1","MokouMod:ThermalPressure+1","MokouMod:Stoke+1","MokouMod:BurningDraft+1","MokouMod:GuidingSmoke+1","MokouMod:Sear+1","MokouMod:ResonatingAura+1","MokouMod:GuidingSmoke+1","MokouMod:SearingBlow+5","MokouMod:ResoluteFlare+1","MokouMod:Refresh+1","MokouMod:Afterburner+1","MokouMod:WarmUp+1","MokouMod:Overheat+1","Good Instincts+1","MokouMod:HeatCyclone+1","MokouMod:HouraiForge+1","MokouMod:WarmUp+1","Madness+1","Madness+1","MokouMod:Burn+1","MokouMod:Sear+1","MokouMod:RisingSunBarrier+1","Flash of Steel","MokouMod:BurningDraft+1","Swift Strike"],"relics":["MokouMod:PhoenixFeather","hexamod:BolsterEngine","Juzu Bracelet","Astrolabe","Bottled Flame","Bag of Marbles","Coffee Dripper","Mark of the Bloom","Strawberry","Eternal Feather","hexamod:Sixitude"],"acts_visited":["Exordium","TheCity","TheBeyond"],"potions_floor_usage":[20,31,33,41,44,50],"damage_taken":[{"damage":1.0,"enemies":"2 Louse","floor":1.0,"turns":2.0},{"damage":4.0,"enemies":"Cultist","floor":3.0,"turns":4.0},{"damage":10.0,"enemies":"Jaw Worm","floor":4.0,"turns":5.0},{"damage":26.0,"enemies":"Lots of Slimes","floor":5.0,"turns":7.0},{"damage":9.0,"enemies":"Blue Slaver","floor":7.0,"turns":4.0},{"damage":1.0,"enemies":"Exordium Wildlife","floor":11.0,"turns":2.0},{"damage":6.0,"enemies":"Lots of Slimes","floor":12.0,"turns":4.0},{"damage":20.0,"enemies":"Gremlin Nob","floor":13.0,"turns":4.0},{"damage":0,"enemies":"Blue Slaver","floor":14,"turns":1},{"damage":2,"enemies":"Hexaghost","floor":16,"turns":6},{"damage":5,"enemies":"Spheric Guardian","floor":18,"turns":3},{"damage":11,"enemies":"Chosen","floor":19,"turns":6},{"damage":31,"enemies":"3 Cultists","floor":20,"turns":4},{"damage":44,"enemies":"Slavers","floor":24,"turns":6},{"damage":6,"enemies":"Book of Stabbing","floor":29,"turns":3},{"damage":0,"enemies":"Shelled Parasite and Fungi","floor":31,"turns":2},{"damage":13,"enemies":"Collector","floor":33,"turns":6},{"damage":4,"enemies":"Orb Walker","floor":35,"turns":2},{"damage":34,"enemies":"3 Darklings","floor":39,"turns":3},{"damage":0,"enemies":"Reptomancer","floor":41,"turns":2},{"damage":0,"enemies":"Giant Head","floor":44,"turns":3},{"damage":0,"enemies":"Awakened One","floor":50,"turns":7}],"seed_played":"1451401746345625780","potions_obtained":[{"floor":3.0,"key":"Weak Potion"},{"floor":4.0,"key":"DuplicationPotion"},{"floor":13.0,"key":"Ancient Potion"},{"floor":18,"key":"DuplicationPotion"},{"floor":29,"key":"Block Potion"},{"floor":31,"key":"Swift Potion"},{"floor":39,"key":"champ:CounterPotion"},{"floor":41,"key":"Swift Potion"}],"is_trial":false,"path_per_floor":["M","?","M","M","M","R","M","$","T","R","M","M","E","M","R","B",null,"M","M","M","$","?","R","E","R","T","$","?","E","?","M","R","B",null,"M","?","?","?","M","R","E","R","T","E","$","?","?","?","R","B",null],"character_chosen":"MKU","items_purchased":["MokouMod:BurningDraft","MokouMod:GuidingSmoke","Good Instincts","MokouMod:HeatCyclone","Flash of Steel","DistilledChaos","MokouMod:BurningDraft"],"campfire_rested":1,"item_purchase_floors":[8,8,21,27,45,45,45],"current_hp_per_floor":[81,81,77,67,41,41,32,32,32,32,31,25,5,5,5,3,82,77,66,35,35,35,35,13,13,13,13,13,7,7,7,31,18,82,78,68,68,68,34,34,34,34,34,34,34,34,34,34,34,34],"gold":199,"neow_bonus":"TEN_PERCENT_HP_BONUS","is_daily":false,"chose_seed":false,"campfire_upgraded":8,"win_rate":0.0,"timestamp":1613100081,"path_taken":["M","?","M","M","M","R","M","?","T","R","?","M","E","M","R","BOSS","M","M","M","$","?","R","E","R","T","$","?","E","?","M","R","BOSS","M","?","?","?","M","R","E","R","T","E","$","?","?","?","R","BOSS"],"items_purchased_type":["Card","Card","Card","Card","Card","Potion","Card"],"build_version":"2020-12-22","purchased_purges":3,"victory":true,"max_hp_per_floor":[82,82,82,82,82,82,82,82,82,82,82,82,82,82,82,82,82,82,82,82,82,82,82,82,82,82,82,82,82,82,82,82,82,82,82,82,82,82,82,82,89,89,89,89,89,89,89,89,89,89],"card_choices":[{"not_picked":["MokouMod:Refresh","MokouMod:IllusoryBattlefield"],"picked":"MokouMod:FlareStarter","floor":1.0},{"not_picked":["MokouMod:BlazingComet","MokouMod:UncontrollableSolarReaction"],"picked":"MokouMod:EternalBurstReactor","floor":3.0},{"not_picked":["MokouMod:Singe","MokouMod:SearingShot"],"picked":"MokouMod:ThermalPressure","floor":4.0},{"not_picked":["MokouMod:ResoluteFlare","MokouMod:CrimsonArmoury"],"picked":"MokouMod:Stoke","floor":5.0},{"not_picked":["MokouMod:SearingShot","MokouMod:FujiyamaVolcano"],"picked":"MokouMod:RoaringFlare","floor":7.0},{"not_picked":["MokouMod:Refresh","MokouMod:Fireball"],"picked":"MokouMod:Sear","floor":11.0},{"not_picked":["MokouMod:ResoluteFlare","MokouMod:Ember","MokouMod:ShiftIgnition"],"picked":"SKIP","floor":12.0},{"not_picked":["MokouMod:InfernalWave","MokouMod:FlamingFireTalons"],"picked":"MokouMod:ResonatingAura","floor":13.0},{"not_picked":["MokouMod:BurningDraft","MokouMod:SearingShot"],"picked":"MokouMod:GuidingSmoke","floor":14},{"not_picked":["MokouMod:SpontaneousHumanCombustion","MokouMod:EnchantingBambooForest"],"picked":"MokouMod:SearingBlow","floor":16},{"not_picked":["MokouMod:BlazingComet","MokouMod:FujiyamaVolcano"],"picked":"MokouMod:WarmUp","floor":18},{"not_picked":["MokouMod:Firecracker","MokouMod:ControlledCombustion","MokouMod:Wildfire"],"picked":"SKIP","floor":19},{"not_picked":["MokouMod:Fireball","MokouMod:Cataclysm+1"],"picked":"MokouMod:Overheat+1","floor":20},{"not_picked":["MokouMod:IgnitionBlast+1","MokouMod:IndiscriminateIgnition","MokouMod:Sear"],"picked":"SKIP","floor":24},{"not_picked":["MokouMod:IgnitionBlast+1","MokouMod:IndiscriminateIgnition","MokouMod:Sear"],"picked":"SKIP","floor":24},{"not_picked":["MokouMod:TemporalFireSeal","MokouMod:Firecracker","MokouMod:SearingBlow"],"picked":"SKIP","floor":29},{"not_picked":["MokouMod:ThermalPressure","MokouMod:AdaptivePyromancy","MokouMod:Singe"],"picked":"SKIP","floor":31},{"not_picked":["MokouMod:Rekindle","MokouMod:SearingBlow"],"picked":"MokouMod:HouraiForge","floor":33},{"not_picked":["MokouMod:FlamingFireTalons+1","MokouMod:CrimsonFlare"],"picked":"MokouMod:WarmUp+1","floor":35},{"not_picked":["MokouMod:SearingShot","MokouMod:IcarusDive+1"],"picked":"MokouMod:Burn+1","floor":39},{"not_picked":["MokouMod:FlickeringFlame","MokouMod:PhoenixFeathers"],"picked":"MokouMod:Sear+1","floor":41},{"not_picked":["MokouMod:Overheat","MokouMod:FujiyamaVolcano"],"picked":"MokouMod:RisingSunBarrier+1","floor":44},{"not_picked":["Apotheosis","Forethought"],"picked":"Swift Strike","floor":48}],"player_experience":845993,"relics_obtained":[{"floor":9.0,"key":"hexamod:BolsterEngine"},{"floor":13.0,"key":"Juzu Bracelet"},{"floor":24,"key":"Bottled Flame"},{"floor":29,"key":"Bag of Marbles"},{"floor":41,"key":"Strawberry"},{"floor":43,"key":"Eternal Feather"},{"floor":44,"key":"hexamod:Sixitude"}],"event_choices":[{"damage_healed":0.0,"max_hp_gain":0.0,"max_hp_loss":0.0,"gold_gain":0.0,"event_name":"The Woman in Blue","player_choice":"Bought 0 Potions","floor":2.0,"gold_loss":0.0,"damage_taken":0.0},{"damage_healed":0,"gold_gain":0,"player_choice":"Ignored","damage_taken":0,"max_hp_gain":0,"max_hp_loss":0,"event_name":"Vampires","floor":22,"gold_loss":0},{"damage_healed":0,"gold_gain":100,"player_choice":"Pray","damage_taken":0,"max_hp_gain":0,"max_hp_loss":0,"event_name":"Golden Shrine","floor":28,"gold_loss":0},{"damage_healed":0,"gold_gain":0,"player_choice":"Embrace Madness","damage_taken":10,"max_hp_gain":0,"max_hp_loss":0,"event_name":"Winding Halls","floor":36,"gold_loss":0,"cards_obtained":["Madness","Madness"]},{"damage_healed":0,"gold_gain":100,"player_choice":"Pray","damage_taken":0,"max_hp_gain":0,"max_hp_loss":0,"event_name":"Golden Shrine","floor":37,"gold_loss":0},{"damage_healed":0,"gold_gain":0,"player_choice":"Upgrade","damage_taken":0,"relics_obtained":["Mark of the Bloom"],"max_hp_gain":0,"max_hp_loss":0,"event_name":"MindBloom","floor":38,"gold_loss":0,"cards_upgraded":["MokouMod:Strike","MokouMod:Defend","MokouMod:Defend","MokouMod:Defend","MokouMod:FlareStarter","MokouMod:EternalBurstReactor","MokouMod:ThermalPressure","MokouMod:Stoke","MokouMod:RoaringFlare","MokouMod:GuidingSmoke","MokouMod:GuidingSmoke","MokouMod:SearingBlow","Good Instincts","MokouMod:HeatCyclone","MokouMod:HouraiForge","Madness","Madness"]},{"cards_removed":["MokouMod:RoaringFlare"],"damage_healed":0,"gold_gain":0,"player_choice":"Removed Attack","damage_taken":0,"max_hp_gain":0,"max_hp_loss":0,"event_name":"Falling","floor":46,"gold_loss":0},{"damage_healed":0,"gold_gain":0,"player_choice":"Ignored","damage_taken":0,"max_hp_gain":0,"max_hp_loss":0,"event_name":"The Moai Head","floor":47,"gold_loss":0},{"damage_healed":0,"gold_gain":0,"player_choice":"Memory 1","damage_taken":0,"max_hp_gain":0,"max_hp_loss":0,"event_name":"SensoryStone","floor":48,"gold_loss":0}],"is_beta":false,"boss_relics":[{"not_picked":["bronze:MakeshiftBattery","Snecko Eye"],"picked":"Astrolabe"},{"not_picked":["Velvet Choker","SlaversCollar"],"picked":"Coffee Dripper"}],"items_purged_floors":[8,21,45],"is_endless":false,"potions_floor_spawned":[3,4,13,18,29,31,39,41],"ascension_level":0}}