{"host":"oz0pggj2hm8unbm6","time":1613167937,"event":{"mods":["BaseMod","Downfall","Minty Spire (QoL Compilation)","StSLib"],"gold_per_floor":[110,40,54,54,67,67,83,60,60,76,76,103,103,121,121,216,216,232,157,170,183,194,225,243,243,243,13,13,13],"floor_reached":28,"language":"ENG","playtime":1510,"items_purged":["Strike_G","Strike_G"],"score":315,"play_id":"8d02ceb5-60c9-47c7-b756-903491f374d4","local_time":"20210212121217","is_ascension_mode":true,"campfire_choices":[{"data":"Neutralize","floor":6,"key":"SMITH"},{"data":"Glass Knife","floor":11,"key":"SMITH"},{"data":"Footwork","floor":15,"key":"SMITH"}],"circlet_count":0,"master_deck":["Strike_G","Strike_G+1","Strike_G+1","Defend_G","Defend_G","Defend_G","Defend_G","Defend_G","Survivor","Neutralize+1","Backflip","Glass Knife+1","Prepared","Backstab","Flying Knee","Backflip","Dagger Throw","Footwork+1","Tools of the Trade","CurseOfTheBell","Terror","PiercingWail+1","Flying Knee","Leg Sweep"],"relics":["Ring of the Snake","Mango","Thread and Needle","Calling Bell","Lantern","Blue Candle","Torii","Unceasing Top","The Courier","Whetstone"],"acts_visited":["Exordium","TheCity"],"potions_floor_usage":[10,12,12,12,12,16,23,23],"damage_taken":[{"damage":4,"enemies":"Cultist","floor":1,"turns":4},{"damage":0,"enemies":"2 Louse","floor":3,"turns":2},{"damage":0,"enemies":"Jaw Worm","floor":5,"turns":3},{"damage":0,"enemies":"2 Fungi Beasts","floor":7,"turns":3},{"damage":0,"enemies":"Blue Slaver","floor":10,"turns":2},{"damage":1,"enemies":"Lagavulin","floor":12,"turns":5},{"damage":0,"enemies":"Lots of Slimes","floor":14,"turns":3},{"damage":23,"enemies":"Slime Boss","floor":16,"turns":11},{"damage":11,"enemies":"Shell Parasite","floor":18,"turns":6},{"damage":1,"enemies":"2 Thieves","floor":20,"turns":4},{"damage":0,"enemies":"3 Cultists","floor":21,"turns":6},{"damage":8,"enemies":"Snake Plant","floor":22,"turns":4},{"damage":30,"enemies":"Book of Stabbing","floor":23,"turns":10},{"damage":29,"enemies":"Centurion and Healer","floor":24,"turns":5},{"damage":14,"enemies":"Slavers","floor":28,"turns":2}],"seed_played":"716350009640885125","potions_obtained":[{"floor":3,"key":"Explosive Potion"},{"floor":5,"key":"EntropicBrew"},{"floor":7,"key":"GhostInAJar"},{"floor":12,"key":"PowerPotion"},{"floor":21,"key":"ColorlessPotion"},{"floor":22,"key":"SpeedPotion"}],"is_trial":false,"path_per_floor":["M","$","M","$","M","R","M","$","T","M","R","E","?","M","R","B",null,"M","$","M","M","M","E","M","?","T","$","E"],"character_chosen":"THE_SILENT","items_purchased":["Glass Knife","Flying Knee","Whetstone","Leg Sweep"],"campfire_rested":0,"item_purchase_floors":[2,8,27,27],"current_hp_per_floor":[73,73,73,73,73,73,73,73,87,87,87,86,91,91,91,68,91,80,80,79,79,71,41,12,12,12,12,0,0],"gold":13,"neow_bonus":"TEN_PERCENT_HP_BONUS","is_daily":false,"chose_seed":false,"campfire_upgraded":3,"win_rate":0.0,"timestamp":1613167937,"path_taken":["M","$","?","$","M","R","M","$","T","M","R","E","?","M","R","BOSS","M","$","M","M","M","E","M","?","T","$","E"],"items_purchased_type":["Card","Card","Relic","Card"],"build_version":"2020-12-22","purchased_purges":2,"victory":false,"max_hp_per_floor":[77,77,77,77,77,77,77,77,91,91,91,91,91,91,91,91,91,91,91,91,91,91,91,91,91,91,91,91,91],"card_choices":[{"not_picked":["Acrobatics","Dash"],"picked":"Backflip","floor":1},{"not_picked":["Noxious Fumes","Distraction"],"picked":"Prepared","floor":3},{"not_picked":["Distraction","Setup"],"picked":"Backstab","floor":5},{"not_picked":["PiercingWail","Dodge and Roll","Deadly Poison"],"picked":"SKIP","floor":7},{"not_picked":["Dash","Adrenaline"],"picked":"Backflip","floor":10},{"not_picked":["Calculated Gamble","Outmaneuver"],"picked":"Dagger Throw","floor":12},{"not_picked":["Deflect","Dodge and Roll"],"picked":"Footwork","floor":14},{"not_picked":["A Thousand Cuts","Grand Finale"],"picked":"Tools of the Trade","floor":16},{"not_picked":["Underhanded Strike","Eviscerate"],"picked":"Terror","floor":18},{"not_picked":["Tactician","Accuracy"],"picked":"PiercingWail+1","floor":20},{"not_picked":["Well Laid Plans","Distraction","Acrobatics"],"picked":"SKIP","floor":21},{"not_picked":["Deflect","Acrobatics"],"picked":"Flying Knee","floor":22},{"not_picked":["Die Die Die","Blade Dance","Storm of Steel"],"picked":"SKIP","floor":23},{"not_picked":["Deflect","PiercingWail+1","Flying Knee"],"picked":"SKIP","floor":24}],"player_experience":135427,"relics_obtained":[{"floor":9,"key":"Mango"},{"floor":12,"key":"Thread and Needle"},{"floor":17,"key":"Lantern"},{"floor":17,"key":"Blue Candle"},{"floor":17,"key":"Torii"},{"floor":23,"key":"Unceasing Top"},{"floor":26,"key":"The Courier"}],"event_choices":[{"damage_healed":5,"gold_gain":0,"player_choice":"Full Heal","damage_taken":0,"max_hp_gain":0,"max_hp_loss":0,"event_name":"Wheel of Change","floor":13,"gold_loss":0}],"is_beta":false,"boss_relics":[{"not_picked":["Empty Cage","Astrolabe"],"picked":"Calling Bell"}],"items_purged_floors":[19,27],"is_endless":false,"potions_floor_spawned":[3,5,7,12,21,22],"killed_by":"Slavers","ascension_level":4}}