{"host":"r0ye8pdzuq6zwfvs","time":1613110079,"event":{"mods":["AchievementEnabler","BaseMod","BetterRewards","CapriCore","Card Forge","Colored Map","Colored Powertips","Custom Start","DeckTracker","Luminous","Minty Spire (QoL Compilation)","Permanent Neow","Prisma Mod","Quick Restart","Relic Stats","Shop Mod","StSLib","SuperFastMode","Swap Starting Deck Mod","The Alterego","The Immortal","Uncapped"],"gold_per_floor":[475,884,958,660,660,688,688,722,722,749,829,829,844,860,860,964,964,964,964,964,964,964,964,964,964,964,985,985,985,985,1019,1019,1114,1164,1181,1198,1041,1054,1107,1137,1137,1167,1190,1201,1201,1201,1201,1226,1226,1226,1226,1226,1226,1251,1251],"floor_reached":56,"language":"ENG","playtime":1620,"items_purged":[],"score":2112,"play_id":"c16f26f6-f75f-434d-96a6-98c335355001","local_time":"20210211230759","is_ascension_mode":true,"campfire_choices":[{"floor":7,"key":"RECALL"},{"floor":12,"key":"REST"},{"floor":15,"key":"REST"},{"floor":24,"key":"REST"},{"floor":28,"key":"REST"},{"floor":32,"key":"REST"},{"floor":41,"key":"REST"},{"data":"1","floor":45,"key":"LIFT"},{"data":"2","floor":47,"key":"LIFT"},{"data":"3","floor":49,"key":"LIFT"},{"floor":52,"key":"REST"}],"circlet_count":0,"master_deck":["PrismaMod:ChloeAnyRareTrace+1","PrismaMod:ChloeUnlimitedBladeWorks+1"],"relics":["PrismaMod:PrismaTraceOn","Hammer of Thor","Seething Fire","Anvil of the Gods","MerchantsRug","Vajra","Singing Bowl","Juzu Bracelet","Art of War","Anchor","Mercury Hourglass","HornCleat","Ancient Tea Set","alterego_mod:SomeoneToFightFor","Letter Opener","Tiny House","Bag of Marbles","Bird Faced Urn","WingedGreaves","Girya","Bronze Scales","Blood Vial","Pear"],"acts_visited":["Exordium","TheCity","TheBeyond","TheEnding"],"potions_floor_usage":[],"damage_taken":[{"damage":0,"enemies":"Small Slimes","floor":1,"turns":9},{"damage":0,"enemies":"Jaw Worm","floor":2,"turns":1},{"damage":0,"enemies":"2 Louse","floor":3,"turns":1},{"damage":0,"enemies":"Gremlin Nob","floor":6,"turns":1},{"damage":0,"enemies":"Lagavulin","floor":8,"turns":1},{"damage":0,"enemies":"3 Sentries","floor":10,"turns":1},{"damage":0,"enemies":"Exordium Wildlife","floor":11,"turns":1},{"damage":0,"enemies":"Large Slime","floor":13,"turns":1},{"damage":0,"enemies":"3 Louse","floor":14,"turns":1},{"damage":0,"enemies":"Hexaghost","floor":16,"turns":1},{"damage":0,"enemies":"Spheric Guardian","floor":18,"turns":1},{"damage":0,"enemies":"Shell Parasite","floor":19,"turns":1},{"damage":0,"enemies":"3 Cultists","floor":20,"turns":1},{"damage":0,"enemies":"Centurion and Healer","floor":21,"turns":1},{"damage":0,"enemies":"Slavers","floor":23,"turns":1},{"damage":0,"enemies":"Gremlin Leader","floor":25,"turns":1},{"damage":0,"enemies":"Book of Stabbing","floor":31,"turns":1},{"damage":0,"enemies":"Automaton","floor":33,"turns":1},{"damage":0,"enemies":"Orb Walker","floor":35,"turns":1},{"damage":0,"enemies":"3 Darklings","floor":36,"turns":1},{"damage":0,"enemies":"Writhing Mass","floor":38,"turns":1},{"damage":0,"enemies":"2 Orb Walkers","floor":39,"turns":1},{"damage":0,"enemies":"Reptomancer","floor":40,"turns":1},{"damage":0,"enemies":"Nemesis","floor":42,"turns":1},{"damage":0,"enemies":"Jaw Worm Horde","floor":44,"turns":1},{"damage":0,"enemies":"Reptomancer","floor":48,"turns":1},{"damage":0,"enemies":"Donu and Deca","floor":50,"turns":1},{"damage":0,"enemies":"Shield and Spear","floor":54,"turns":1},{"damage":0,"enemies":"The Heart","floor":55,"turns":3}],"seed_played":"5752443054126900519","potions_obtained":[{"floor":6,"key":"Swift Potion"},{"floor":8,"key":"SpeedPotion"},{"floor":11,"key":"Weak Potion"},{"floor":19,"key":"Regen Potion"},{"floor":40,"key":"FairyPotion"}],"is_trial":false,"path_per_floor":["M","M","M","$","?","E","R","E","T","E","M","R","M","M","R","B",null,"M","M","M","M","?","E","R","E","T","$","R","?","?","E","R","B",null,"M","M","$","M","?","E","R","E","T","M","R","?","R","E","R","B",null,"R","$","E","B",null],"character_chosen":"CHLOE","items_purchased":["MerchantsRug","Vajra","Ancient Tea Set","Bag of Marbles"],"campfire_rested":7,"item_purchase_floors":[4,4,27,37],"current_hp_per_floor":[75,75,75,75,75,77,77,79,79,79,79,79,79,79,79,81,81,83,85,87,87,71,73,89,91,91,91,91,91,91,93,93,95,102,102,102,102,102,104,106,106,108,108,110,110,112,112,114,114,114,114,114,114,126,126],"gold":1251,"neow_bonus":"","is_daily":false,"chose_seed":false,"campfire_upgraded":0,"win_rate":0.0,"timestamp":1613110079,"path_taken":["M","M","M","$","?","E","R","E","T","E","M","R","M","M","R","BOSS","M","M","M","M","?","E","R","E","T","$","R","?","?","E","R","BOSS","M","M","$","M","?","E","R","E","T","M","R","?","R","E","R","BOSS","R","$","E","BOSS"],"items_purchased_type":["Relic","Relic","Relic","Relic"],"build_version":"2020-12-22","purchased_purges":0,"victory":true,"max_hp_per_floor":[75,75,75,75,75,77,77,79,79,79,79,79,79,79,79,81,81,83,85,87,87,87,89,89,91,91,91,91,91,91,93,93,95,102,102,102,102,102,104,106,106,108,108,110,110,112,112,114,114,114,114,114,114,126,126],"relic_stats":{"Blood Vial":0,"Singing Bowl":36,"counters":[30,44],"Bird Faced Urn":[0],"Bronze Scales":[0],"Juzu Bracelet":1,"Art of War":[0],"Letter Opener":[890],"obtain_stats":[{"Tiny House":34,"Singing Bowl":6,"Nilry\u0027s Codex":22,"Vajra":4,"Hammer of Thor":0,"Juzu Bracelet":8,"alterego_mod:SomeoneToFightFor":30,"Ancient Tea Set":27,"PrismaMod:PrismaTraceOn":0,"Blood Vial":48,"HornCleat":26,"WingedGreaves":40,"MerchantsRug":4,"Girya":42,"Pear":54,"Seething Fire":0,"Letter Opener":31,"Mercury Hourglass":25,"Runic Dome":0,"Anchor":23,"Anvil of the Gods":0,"Bird Faced Urn":39,"Bronze Scales":43,"Ectoplasm":17,"Art of War":10,"Bag of Marbles":37},{"Tiny House":19,"Singing Bowl":5,"Nilry\u0027s Codex":15,"Vajra":4,"Hammer of Thor":0,"Juzu Bracelet":6,"alterego_mod:SomeoneToFightFor":17,"Ancient Tea Set":17,"PrismaMod:PrismaTraceOn":0,"Blood Vial":27,"HornCleat":17,"WingedGreaves":24,"MerchantsRug":4,"Girya":25,"Pear":29,"Seething Fire":0,"Letter Opener":18,"Mercury Hourglass":17,"Runic Dome":0,"Anchor":16,"Anvil of the Gods":0,"Bird Faced Urn":23,"Bronze Scales":25,"Ectoplasm":11,"Art of War":7,"Bag of Marbles":21},{"Tiny House":31,"Singing Bowl":17,"Nilry\u0027s Codex":27,"Vajra":16,"Hammer of Thor":0,"Juzu Bracelet":18,"alterego_mod:SomeoneToFightFor":29,"Ancient Tea Set":29,"PrismaMod:PrismaTraceOn":0,"Blood Vial":39,"HornCleat":29,"WingedGreaves":36,"MerchantsRug":16,"Girya":37,"Pear":41,"Seething Fire":0,"Letter Opener":30,"Mercury Hourglass":29,"Runic Dome":0,"Anchor":28,"Anvil of the Gods":0,"Bird Faced Urn":35,"Bronze Scales":37,"Ectoplasm":23,"Art of War":19,"Bag of Marbles":33}],"Mercury Hourglass":[69]},"card_choices":[{"not_picked":["PrismaMod:ChloeCheapAttackTwo","PrismaMod:ChloeExhaustOne","PrismaMod:ChloeCheapAttack"],"picked":"SKIP","floor":1},{"not_picked":["PrismaMod:ChloeDiscardRecovery","PrismaMod:ChloeEyeOfTheEuryale","PrismaMod:ChloeExhaustOne"],"picked":"SKIP","floor":2},{"not_picked":["PrismaMod:ChloeExhaustOne","PrismaMod:ChloeExhaustTwo","PrismaMod:ChloeUncommonAttack"],"picked":"SKIP","floor":3},{"not_picked":["PrismaMod:ChloeCommonAOEAttack","PrismaMod:ChloeExcalibur","PrismaMod:ChloeUncommonDefend"],"picked":"Singing Bowl","floor":6},{"not_picked":["PrismaMod:ChloeChristmas","PrismaMod:ChloeRhongomyniad","PrismaMod:ChloeCommonAOEAttack"],"picked":"SKIP","floor":8},{"not_picked":["PrismaMod:ChloeChristmas","PrismaMod:ChloeRhongomyniad","PrismaMod:ChloeCommonAOEAttack"],"picked":"Singing Bowl","floor":8},{"not_picked":["PrismaMod:ChloeCheapDefendTwo","PrismaMod:ChloeExhaustTwo","PrismaMod:ChloeCheapDefend"],"picked":"SKIP","floor":10},{"not_picked":["PrismaMod:ChloeRuleBreaker","PrismaMod:ChloeCheapAttackTwo","PrismaMod:ChloeCommonAOEAttack"],"picked":"SKIP","floor":11},{"not_picked":["PrismaMod:ChloeCommonAOEAttack","PrismaMod:ChloeBetterTracePools","PrismaMod:ChloeDiscardRecovery"],"picked":"SKIP","floor":13},{"not_picked":["PrismaMod:ChloeCommonAOEAttack","PrismaMod:ChloeCheapAttack","PrismaMod:ChloeUncommonAttack"],"picked":"SKIP","floor":14},{"not_picked":["PrismaMod:ChloeExhaustThree","PrismaMod:ChloeCarnivalDefend","PrismaMod:ChloeAnySkillTrace"],"picked":"Singing Bowl","floor":16},{"not_picked":["PrismaMod:ChloeExhaustTwo","PrismaMod:ChloeMordred","PrismaMod:ChloeCaladbolg+1"],"picked":"SKIP","floor":18},{"not_picked":["PrismaMod:ChloeExhaustTwo","PrismaMod:ChloeMordred","PrismaMod:ChloeCaladbolg+1"],"picked":"Singing Bowl","floor":18},{"not_picked":["PrismaMod:ChloeExhaustOne","PrismaMod:ChloeCommonAOEAttack+1","PrismaMod:ChloeMordred"],"picked":"Singing Bowl","floor":19},{"not_picked":["PrismaMod:ChloeCheapDefend","PrismaMod:ChloeCheapAttack","PrismaMod:ChloeExhaustOne"],"picked":"Singing Bowl","floor":20},{"not_picked":["PrismaMod:ChloeCheapDefend","PrismaMod:ChloeCommonAOEAttack","PrismaMod:ChloeRitsuka"],"picked":"SKIP","floor":21},{"not_picked":["PrismaMod:ChloeCommonAOEAttack+1","PrismaMod:ChloeExhaustOne","PrismaMod:ChloeCheapAttackTwo"],"picked":"Singing Bowl","floor":23},{"not_picked":["PrismaMod:ChloeCheapDefend","PrismaMod:ChloeCheapAttackTwo","PrismaMod:ChloeDemonicTutor"],"picked":"Singing Bowl","floor":25},{"not_picked":["PrismaMod:ChloeGreatTracePools","PrismaMod:ChloeCommonAOEAttack","PrismaMod:ChloeBetterTracePools+1"],"picked":"Singing Bowl","floor":31},{"not_picked":["PrismaMod:ChloeAnyRareTrace","PrismaMod:ChloeDoubleRelicSpeed","PrismaMod:ChloeUnlimitedBladeWorks"],"picked":"Singing Bowl","floor":33},{"not_picked":["PrismaMod:ChloeCheapDefendTwo","PrismaMod:ChloeCommonAOEAttack","PrismaMod:ChloeCheapDefend+1"],"picked":"Singing Bowl","floor":34},{"not_picked":["PrismaMod:ChloeCheapDefend+1","PrismaMod:ChloeDemonicTutor","PrismaMod:ChloeCommonAOEAttack+1"],"picked":"SKIP","floor":35},{"not_picked":["PrismaMod:ChloeDemonicTutor","PrismaMod:ChloeBetterTracePools+1","PrismaMod:ChloeCheapDefendTwo"],"picked":"SKIP","floor":36},{"not_picked":["PrismaMod:ChloeRitsuka+1","PrismaMod:ChloeExhaustOne","PrismaMod:ChloeDiscardRecovery+1"],"picked":"SKIP","floor":38},{"not_picked":["PrismaMod:ChloeHalloween","PrismaMod:ChloeExhaustOne","PrismaMod:ChloeRitsuka+1"],"picked":"Singing Bowl","floor":39},{"not_picked":["PrismaMod:ChloeCheapAttack+1","PrismaMod:ChloeCheapDefendTwo+1","PrismaMod:ChloeCheapAttackTwo+1"],"picked":"Singing Bowl","floor":40},{"not_picked":["PrismaMod:ChloeUncommonDefend","PrismaMod:ChloeCheapDefendTwo","PrismaMod:ChloeUncommonAOEAttack"],"picked":"Singing Bowl","floor":42},{"not_picked":["PrismaMod:ChloeCommonAOEAttack","PrismaMod:ChloeExhaustOne+1","PrismaMod:ChloeRhongomyniad"],"picked":"Singing Bowl","floor":44},{"not_picked":["HandOfGreed","Enlightenment","Deep Breath"],"picked":"Singing Bowl","floor":46},{"not_picked":["PrismaMod:ChloeCheapDefendTwo+1","PrismaMod:ChloeDiscardRecovery+1","PrismaMod:ChloeUncommonDefend"],"picked":"Singing Bowl","floor":48},{"not_picked":["PrismaMod:ChloeCheapAttack","PrismaMod:ChloeCheapAttackTwo+1","PrismaMod:ChloeExhaustOne+1"],"picked":"Singing Bowl","floor":54}],"player_experience":217124,"relics_obtained":[{"floor":6,"key":"Singing Bowl"},{"floor":8,"key":"Juzu Bracelet"},{"floor":10,"key":"Art of War"},{"floor":22,"key":"Nilry\u0027s Codex"},{"floor":23,"key":"Anchor"},{"floor":25,"key":"Mercury Hourglass"},{"floor":26,"key":"HornCleat"},{"floor":31,"key":"Letter Opener"},{"floor":39,"key":"Bird Faced Urn"},{"floor":40,"key":"WingedGreaves"},{"floor":42,"key":"Girya"},{"floor":43,"key":"Bronze Scales"},{"floor":48,"key":"Blood Vial"},{"floor":54,"key":"Pear"}],"event_choices":[{"damage_healed":0,"gold_gain":0,"player_choice":"Ignored","damage_taken":0,"max_hp_gain":0,"max_hp_loss":0,"event_name":"Shining Light","floor":5,"gold_loss":0},{"damage_healed":0,"gold_gain":0,"player_choice":"Obtained Book","damage_taken":16,"max_hp_gain":0,"max_hp_loss":0,"event_name":"Cursed Tome","floor":22,"gold_loss":0},{"damage_healed":0,"gold_gain":0,"player_choice":"Simplicity","damage_taken":0,"max_hp_gain":0,"max_hp_loss":0,"event_name":"Back to Basics","floor":29,"gold_loss":0,"cards_upgraded":[]},{"damage_healed":0,"gold_gain":0,"player_choice":"Choice 2","damage_taken":0,"relics_obtained":["alterego_mod:SomeoneToFightFor"],"max_hp_gain":0,"max_hp_loss":0,"event_name":"Secret Garden","floor":30,"gold_loss":0},{"damage_healed":0,"gold_gain":0,"player_choice":"Fight","damage_taken":0,"max_hp_gain":0,"max_hp_loss":0,"event_name":"Mysterious Sphere","floor":39,"gold_loss":0},{"damage_healed":0,"gold_gain":0,"player_choice":"Memory 1","damage_taken":0,"max_hp_gain":0,"max_hp_loss":0,"event_name":"SensoryStone","floor":46,"gold_loss":0}],"is_beta":false,"boss_relics":[{"not_picked":["Sozu","SacredBark"],"picked":"Ectoplasm"},{"not_picked":["Velvet Choker","Snecko Eye"],"picked":"Tiny House"}],"items_purged_floors":[],"is_endless":false,"potions_floor_spawned":[6,8,11,19,20,31,33,35,39,40,44,48,54],"ascension_level":2}}