{"host":"g2yp6paluzgljz05","time":1613094775,"event":{"mods":["BaseMod","Bestiary","Colored Powertips","DeckTracker","Highlight Path","Minty Spire (QoL Compilation)","Quick Restart"],"gold_per_floor":[109,109,128,53,68,101,119,119,119],"floor_reached":8,"language":"ENG","playtime":354,"items_purged":["Strike_B"],"score":70,"play_id":"c4f28066-cb92-45a2-b9fc-fe8e99e0f878","local_time":"20210212125255","is_ascension_mode":true,"campfire_choices":[],"circlet_count":0,"master_deck":["Strike_B","Strike_B","Strike_B","Defend_B","Defend_B","Defend_B","Defend_B","Zap","Dualcast","Echo Form+1","Redo","Coolheaded"],"relics":["Cracked Core","Boot"],"acts_visited":["Exordium"],"potions_floor_usage":[7],"damage_taken":[{"damage":14,"enemies":"Jaw Worm","floor":1,"turns":4},{"damage":1,"enemies":"Cultist","floor":3,"turns":3},{"damage":5,"enemies":"Small Slimes","floor":5,"turns":4},{"damage":40,"enemies":"Lagavulin","floor":6,"turns":5},{"damage":7,"enemies":"Looter","floor":7,"turns":3},{"damage":0,"enemies":"3 Sentries","floor":8,"turns":1}],"seed_played":"4371433664609778382","potions_obtained":[{"floor":5,"key":"FocusPotion"},{"floor":6,"key":"Regen Potion"}],"is_trial":false,"path_per_floor":["M","?","M","$","M","E","M","E"],"character_chosen":"DEFECT","items_purchased":[],"campfire_rested":0,"item_purchase_floors":[],"current_hp_per_floor":[54,54,53,53,48,8,6,6,6],"gold":119,"neow_bonus":"THREE_RARE_CARDS","is_daily":false,"chose_seed":false,"campfire_upgraded":0,"win_rate":0.0,"timestamp":1613094775,"path_taken":["M","?","?","$","M","E","M","E"],"items_purchased_type":[],"build_version":"2020-12-22","purchased_purges":1,"victory":false,"max_hp_per_floor":[68,68,68,68,68,68,68,68,68],"card_choices":[{"not_picked":["Seek","All For One"],"picked":"Echo Form","floor":0},{"not_picked":["Leap","Redo","Turbo"],"picked":"SKIP","floor":1},{"not_picked":["BootSequence","Stack"],"picked":"Redo","floor":3},{"not_picked":["Steam","Leap","Rebound"],"picked":"SKIP","floor":5},{"not_picked":["Compile Driver","Leap","Recycle"],"picked":"SKIP","floor":6},{"not_picked":["Rip and Tear","Self Repair"],"picked":"Coolheaded","floor":7}],"player_experience":360730,"relics_obtained":[{"floor":6,"key":"Boot"}],"event_choices":[{"damage_healed":0,"gold_gain":0,"player_choice":"Upgraded","damage_taken":0,"max_hp_gain":0,"max_hp_loss":0,"event_name":"Upgrade Shrine","floor":2,"gold_loss":0,"cards_upgraded":["Echo Form"]}],"is_beta":false,"boss_relics":[],"items_purged_floors":[4],"is_endless":false,"potions_floor_spawned":[5,6],"killed_by":"3 Sentries","ascension_level":4}}