{"host":"5aybe1nma5c8fep7","time":1613119292,"event":{"mods":["BaseMod","Conspire","Downfall","Friendly Minions","Minty Spire (QoL Compilation)","Replay The Spire","SacredBarkPlus","StSLib"],"gold_per_floor":[99,119,69,169,184,198,271,310,342,342,342,357,409,431,431,457,457,457],"floor_reached":16,"language":"ENG","playtime":1211,"items_purged":[],"score":106,"play_id":"0154b388-fd1f-4c15-8e69-a173685a6d14","local_time":"20210212004132","is_ascension_mode":false,"campfire_choices":[{"data":"hexamod:Sear","floor":1,"key":"SMITH"},{"data":"conspire:SpireCoStock","floor":11,"key":"SMITH"}],"circlet_count":0,"master_deck":["hexamod:Strike","hexamod:Strike","hexamod:Strike","hexamod:Strike","hexamod:Defend","hexamod:Defend","hexamod:Defend","hexamod:Defend","hexamod:Sear+1","hexamod:Float","hexamod:FirstSeal","conspire:SpireCoStock+1","hexamod:AdvancingGuard","hexamod:HauntingEcho","hexamod:GhostflameBarrier","hexamod:EtherealExpedition","hexamod:Again","hexamod:FastForward","hexamod:BurningTouch"],"relics":["hexamod:SpiritBrand","Bottled Lightning","Blue Candle","Question Card"],"acts_visited":["Exordium"],"potions_floor_usage":[13,15,16,16],"damage_taken":[{"damage":0,"enemies":"2 Louse","floor":2,"turns":3},{"damage":12,"enemies":"Cultist","floor":5,"turns":5},{"damage":0,"enemies":"Small Slimes","floor":6,"turns":4},{"damage":1,"enemies":"Exordium Wildlife","floor":8,"turns":5},{"damage":0,"enemies":"Blue Slaver","floor":9,"turns":6},{"damage":10,"enemies":"2 Fungi Beasts","floor":12,"turns":4},{"damage":59,"enemies":"3 Sentries","floor":13,"turns":14},{"damage":1,"enemies":"Gremlin Gang","floor":14,"turns":9},{"damage":0,"enemies":"3 Louse","floor":15,"turns":1},{"damage":25,"enemies":"WA_ARCHETYPE_RETAIN","floor":16,"turns":7}],"seed_played":"1910129880934830866","potions_obtained":[{"floor":6,"key":"Doom Potion"},{"floor":8,"key":"SpeedPotion"},{"floor":9,"key":"GamblersBrew"},{"floor":12,"key":"PowerPotion"},{"floor":14,"key":"SmokeBomb"}],"is_trial":false,"path_per_floor":["R","M","?","?","M","M","T","M","M","?","R","M","E","M","M","B"],"character_chosen":"THE_SPIRIT","items_purchased":[],"campfire_rested":0,"item_purchase_floors":[],"current_hp_per_floor":[77,77,77,77,72,77,77,77,77,72,72,69,10,16,16,0,0,0],"gold":457,"neow_bonus":"TEN_PERCENT_HP_BONUS","is_daily":false,"chose_seed":false,"campfire_upgraded":2,"win_rate":0.0,"timestamp":1613119292,"path_taken":["R","M","?","?","?","M","T","M","M","?","R","M","E","M","M","BOSS"],"items_purchased_type":[],"build_version":"2020-12-22","purchased_purges":0,"victory":false,"max_hp_per_floor":[77,77,77,77,77,77,77,77,77,77,77,77,77,77,77,77,77,77],"card_choices":[{"not_picked":["hexamod:GhostLash","hexamod:SwordOfDarkness"],"picked":"hexamod:FirstSeal","floor":2},{"not_picked":["hexamod:SwordOfDarkness","hexamod:BacktrackSmack"],"picked":"hexamod:AdvancingGuard","floor":5},{"not_picked":["hexamod:ShieldOfDarkness","hexamod:GhostShield"],"picked":"hexamod:HauntingEcho","floor":6},{"not_picked":["hexamod:SwordOfDarkness","hexamod:HauntingEcho"],"picked":"hexamod:GhostflameBarrier","floor":8},{"not_picked":["hexamod:AdvancingGuard","hexamod:GhostShield"],"picked":"hexamod:EtherealExpedition","floor":9},{"not_picked":["hexamod:GhostOfSpireFuture","hexamod:SwordOfDarkness"],"picked":"hexamod:Again","floor":12},{"not_picked":["hexamod:GhostflameBarrier","hexamod:BurningTouch"],"picked":"hexamod:FastForward","floor":13},{"not_picked":["hexamod:HauntingEcho","hexamod:NightmareStrike","hexamod:PhantomFireball"],"picked":"hexamod:BurningTouch","floor":14}],"player_experience":449143,"relics_obtained":[{"floor":7,"key":"Bottled Lightning"},{"floor":13,"key":"Question Card"}],"event_choices":[{"damage_healed":0,"gold_gain":0,"player_choice":"Invest 1","damage_taken":0,"max_hp_gain":0,"max_hp_loss":0,"event_name":"conspire:Investor","floor":3,"gold_loss":0}],"is_beta":false,"boss_relics":[],"items_purged_floors":[],"is_endless":false,"potions_floor_spawned":[6,8,9,12,14,15],"killed_by":"WA_ARCHETYPE_RETAIN","ascension_level":0}}