{"host":"fnlf8nl5agtxb8g8","time":1613117496,"event":{"mods":["Act Like it!","BaseMod","Better Altar","Better Match","Better Note","Better Sensory Stone","Better Skull","Better Third Choice","Better Vampires","Minty Spire (QoL Compilation)","Quick Restart","Rare Cards Sparkle","StSLib","The Jungle","The Senshi"],"gold_per_floor":[109,119,119,47,47,84,108,150,162,174,174],"floor_reached":10,"language":"ENG","playtime":758,"items_purged":[],"score":91,"play_id":"9b6a3f5b-c86f-4c84-9efb-ba72c6147fa5","local_time":"20210212021136","is_ascension_mode":true,"campfire_choices":[],"circlet_count":0,"master_deck":["theSenshi:SailorKick","theSenshi:SailorKick","theSenshi:SailorKick","theSenshi:SailorKick","theSenshi:SailorBlock","theSenshi:SailorBlock","theSenshi:SailorBlock","theSenshi:SailorBlock","theSenshi:RoseThrow","theSenshi:MoonPrismPowerMakeUp","theSenshi:SupersonicWaves","theSenshi:SailorCosmosAssists+1","theSenshi:MoonCrisisMakeUp","Venomology","theSenshi:MoonPunch"],"relics":["theSenshi:TransformationBroochRelic","MawBank","StoneCalendar","Regal Pillow","Torii"],"acts_visited":["Exordium"],"potions_floor_usage":[6,8,8,10,10],"damage_taken":[{"damage":0,"enemies":"Small Slimes","floor":1,"turns":4},{"damage":3,"enemies":"Jaw Worm","floor":2,"turns":4},{"damage":20,"enemies":"Lagavulin","floor":6,"turns":7},{"damage":4,"enemies":"Cultist","floor":7,"turns":4},{"damage":37,"enemies":"Gremlin Nob","floor":8,"turns":5},{"damage":6,"enemies":"3 Sentries","floor":10,"turns":2}],"seed_played":"-8789743095172251653","potions_obtained":[{"floor":1,"key":"Dexterity Potion"},{"floor":8,"key":"ColorlessPotion"}],"is_trial":false,"path_per_floor":["M","M","?","$","?","E","M","E","T","E"],"character_chosen":"THE_SENSHI","items_purchased":["theSenshi:MoonCrisisMakeUp"],"campfire_rested":0,"item_purchase_floors":[4],"current_hp_per_floor":[82,79,79,79,63,43,39,2,2,0,0],"gold":174,"neow_bonus":"TEN_PERCENT_HP_BONUS","is_daily":false,"chose_seed":false,"campfire_upgraded":0,"win_rate":0.0,"timestamp":1613117496,"path_taken":["M","M","?","$","?","E","?","E","T","E"],"items_purchased_type":["Card"],"build_version":"2020-12-22","purchased_purges":0,"victory":false,"max_hp_per_floor":[82,82,82,82,82,82,82,82,82,82,82],"card_choices":[{"not_picked":["theSenshi:SailorNeptuneAssists","theSenshi:SailorChibiMoonAssists"],"picked":"theSenshi:SupersonicWaves","floor":1},{"not_picked":["theSenshi:SchoolBag","theSenshi:LunasBite"],"picked":"theSenshi:SailorCosmosAssists","floor":2},{"not_picked":["theSenshi:SailorMarsAssists","theSenshi:HesSoDreamy","theSenshi:MoonPower"],"picked":"SKIP","floor":6},{"not_picked":["theSenshi:MoonTwilightFlash","theSenshi:SailorV"],"picked":"theSenshi:MoonPunch","floor":7},{"not_picked":["theSenshi:MoonTiaraMagic","theSenshi:MercurysCunning","theSenshi:MoonPower"],"picked":"SKIP","floor":8}],"player_experience":820792,"relics_obtained":[{"floor":6,"key":"StoneCalendar"},{"floor":8,"key":"Regal Pillow"},{"floor":9,"key":"Torii"}],"event_choices":[{"damage_healed":0,"gold_gain":0,"player_choice":"Grow","damage_taken":0,"max_hp_gain":0,"max_hp_loss":0,"event_name":"Living Wall","floor":3,"gold_loss":0,"cards_upgraded":["theSenshi:SailorCosmosAssists"]}],"is_beta":false,"boss_relics":[],"items_purged_floors":[],"is_endless":false,"potions_floor_spawned":[1,8],"killed_by":"3 Sentries","ascension_level":4}}