{"host":"ap8nepptd6icxyz7","time":1613127684,"event":{"mods":["2.2 Compatiblity","AchievementEnabler","BaseMod","Bestiary","Better Altar","Better Match","Better Note","Better Sensory Stone","Better Skull","Better Third Choice","Better Vampires","Colored Powertips","Colorless Booster Pack","Displayed Cursed Tome","Faster Ascension Climbing","Hermit","Highlight Path","Hubris","Marked Mod","Mimic Mod","Minty Spire (QoL Compilation)","Permanent Neow","Quick Restart","RRrroohrrRGHHhhh!!","Random Character Button","Rare Cards Sparkle","Relic Sorter","Relic Stats","SacredBarkPlus","Spikes Relics","StSLib","Uncapped"],"gold_per_floor":[113,83,98,113,125,152,152,181,216,141,60,72,72,86,86,186,186,201,201,56,76,31,31,31,31,31,63,63,63],"floor_reached":28,"language":"ENG","playtime":1337,"items_purged":[],"score":320,"play_id":"535fe419-5e71-4736-9e88-d3465fa75f45","local_time":"20210212050124","is_ascension_mode":true,"campfire_choices":[{"floor":7.0,"key":"REST"},{"floor":13.0,"key":"REST"},{"data":"Double Tap","floor":15.0,"key":"SMITH"},{"data":"Bludgeon","floor":23,"key":"SMITH"}],"circlet_count":0,"master_deck":["Strike_R","Strike_R","Strike_R","Strike_R","Strike_R","Defend_R","Defend_R","Defend_R","Defend_R","Bash","Double Tap+1","Evolve","Armaments+1","Clash","Heavy Blade","True Grit","Impervious","True Grit","rorgmod:Searing Blow+1","Battle Trance","Burning Pact","Inflame","Bludgeon+1","Clash","Heavy Blade"],"relics":["Burning Blood","hubris:Teleporter","hubris:SlimyHat","PreservedInsect","Lantern","Busted Crown","Brimstone","Question Card"],"acts_visited":["Exordium","TheCity"],"potions_floor_usage":[16,21,27],"damage_taken":[{"damage":7.0,"enemies":"Small Slimes","floor":1.0,"turns":3.0},{"damage":1.0,"enemies":"Cultist","floor":3.0,"turns":3.0},{"damage":27.0,"enemies":"Jaw Worm","floor":4.0,"turns":6.0},{"damage":4.0,"enemies":"Lots of Slimes","floor":5.0,"turns":5.0},{"damage":36.0,"enemies":"Lagavulin","floor":6.0,"turns":6.0},{"damage":36.0,"enemies":"Gremlin Nob","floor":8.0,"turns":4.0},{"damage":8.0,"enemies":"Exordium Wildlife","floor":9.0,"turns":11.0},{"damage":0.0,"enemies":"Exordium Wildlife","floor":12.0,"turns":4.0},{"damage":13.0,"enemies":"Gremlin Gang","floor":14.0,"turns":4.0},{"damage":46,"enemies":"Slime Boss","floor":16,"turns":9},{"damage":10,"enemies":"2 Thieves","floor":18,"turns":4},{"damage":2,"enemies":"Chosen","floor":21,"turns":3},{"damage":51,"enemies":"Gremlin Leader","floor":27,"turns":6},{"damage":18,"enemies":"Centurion and Healer","floor":28,"turns":3}],"seed_played":"8853995693555427901","potions_obtained":[{"floor":1.0,"key":"SkillPotion"},{"floor":2.0,"key":"SpeedPotion"},{"floor":2.0,"key":"EntropicBrew"},{"floor":5.0,"key":"BloodPotion"},{"floor":6.0,"key":"Explosive Potion"},{"floor":14.0,"key":"ColorlessPotion"},{"floor":16,"key":"Ancient Potion"},{"floor":21,"key":"Fire Potion"}],"is_trial":false,"path_per_floor":["M","?","M","M","M","E","R","E","MIM","?","$","M","R","M","R","B",null,"M","?","$","M","$","R","?","?","T","E","M"],"character_chosen":"IRONCLAD","items_purchased":["Battle Trance","Brimstone","Clash"],"campfire_rested":2,"item_purchase_floors":[11,20,22],"current_hp_per_floor":[50,50,55,34,36,22,46,28,26,26,26,32,56,49,49,9,62,58,58,58,62,62,62,62,62,62,17,0,0],"gold":63,"neow_bonus":"THREE_RARE_CARDS","is_daily":false,"chose_seed":false,"campfire_upgraded":2,"win_rate":0.0,"timestamp":1613127684,"path_taken":["M","?","M","?","M","E","R","E","MIM","?","$","?","R","M","R","BOSS","M","?","$","M","?","R","?","?","T","E","?"],"items_purchased_type":["Card","Relic","Card"],"build_version":"2020-12-22","purchased_purges":0,"victory":false,"max_hp_per_floor":[80,80,80,80,80,80,80,80,80,80,80,80,80,80,80,80,80,80,80,80,80,80,80,80,80,80,80,80,80],"relic_stats":{"Busted Crown":6,"counters":[14,71],"PreservedInsect":68,"Question Card":0,"obtain_stats":[{"Lantern":9,"Busted Crown":17,"hubris:Teleporter":26,"Brimstone":20,"PreservedInsect":8,"hubris:SlimyHat":6,"Question Card":27,"Burning Blood":0},{"Lantern":7,"Busted Crown":10,"hubris:Teleporter":12,"Brimstone":11,"PreservedInsect":6,"hubris:SlimyHat":5,"Question Card":13,"Burning Blood":0},{"Lantern":38,"Busted Crown":55,"hubris:Teleporter":62,"Brimstone":59,"PreservedInsect":27,"hubris:SlimyHat":23,"Question Card":68,"Burning Blood":0}],"Burning Blood":78},"card_choices":[{"not_picked":["Reaper","Limit Break"],"picked":"Double Tap","floor":0.0},{"not_picked":["Body Slam","Perfected Strike"],"picked":"Evolve","floor":1.0},{"not_picked":["Flex","Anger"],"picked":"Armaments","floor":3.0},{"not_picked":["Body Slam","Flex"],"picked":"Clash","floor":4.0},{"not_picked":["Entrench","Juggernaut"],"picked":"Heavy Blade","floor":5.0},{"not_picked":["Clothesline","Wild Strike"],"picked":"True Grit","floor":6.0},{"not_picked":["Heavy Blade","Feel No Pain"],"picked":"Impervious","floor":8.0},{"not_picked":["Iron Wave","Rage"],"picked":"True Grit","floor":9.0},{"not_picked":["Combust+1","Absolvement+1"],"picked":"rorgmod:Searing Blow+1","floor":10.0},{"not_picked":["Combust","Sword Boomerang"],"picked":"Burning Pact","floor":12.0},{"not_picked":["Twin Strike","Perfected Strike"],"picked":"Inflame","floor":14.0},{"not_picked":["Reaper","rorgmod:Immolate"],"picked":"Bludgeon","floor":16},{"not_picked":["Body Slam"],"picked":"SKIP","floor":18},{"not_picked":["Perfected Strike"],"picked":"SKIP","floor":21},{"not_picked":["Fire Breathing+1"],"picked":"SKIP","floor":27}],"player_experience":25185,"relics_obtained":[{"floor":6.0,"key":"hubris:SlimyHat"},{"floor":8.0,"key":"PreservedInsect"},{"floor":9.0,"key":"Lantern"},{"floor":26,"key":"hubris:Teleporter"},{"floor":27,"key":"Question Card"}],"event_choices":[{"damage_healed":0.0,"max_hp_gain":0.0,"max_hp_loss":0.0,"gold_gain":0.0,"event_name":"The Woman in Blue","player_choice":"Bought 2 Potions","floor":2.0,"gold_loss":0.0,"damage_taken":0.0},{"damage_healed":0.0,"max_hp_gain":0.0,"max_hp_loss":0.0,"gold_gain":0.0,"event_name":"betterMatch:BetterMatch","player_choice":"2","floor":10.0,"gold_loss":0.0,"damage_taken":0.0,"cards_obtained":["betterMatch:UncommonCard"]},{"cards_removed":["Double Tap"],"damage_healed":0,"gold_gain":0,"player_choice":"Give","damage_taken":0,"max_hp_gain":0,"max_hp_loss":0,"event_name":"betterNote:BetterNote","floor":19,"gold_loss":0,"cards_obtained":["rorgmod:Searing Blow"]},{"damage_healed":0,"gold_gain":0,"player_choice":"Forge","damage_taken":0,"max_hp_gain":0,"max_hp_loss":0,"event_name":"Accursed Blacksmith","floor":25,"gold_loss":0,"cards_upgraded":["Armaments"]}],"is_beta":false,"boss_relics":[{"not_picked":["Snecko Eye","rorgmod:Empty Cage"],"picked":"Busted Crown"}],"items_purged_floors":[],"is_endless":false,"potions_floor_spawned":[1,5,6,14,16,21],"killed_by":"Centurion and Healer","ascension_level":6}}