{"host":"xz7n3qy1zq36rzpg","time":1613171922,"event":{"mods":["BaseMod","Colored Map","Colored Powertips","Highlight Path","Minty Spire (QoL Compilation)","Quick Restart","Shop Mod"],"gold_per_floor":[114,114,28,28,43,43,73,88,163,0,0,15,30,45,45,145,145,160,175,175,190,190,190],"floor_reached":22,"language":"ENG","playtime":1646,"items_purged":[],"score":188,"play_id":"ffeca552-be99-44e6-b967-a942889e2b03","local_time":"20210213001842","daily_mods":["Chimera","Purple Cards","DeadlyEvents"],"is_ascension_mode":false,"campfire_choices":[{"data":"Vault","floor":6,"key":"SMITH"},{"data":"Dodge and Roll","floor":11,"key":"SMITH"},{"data":"The Bomb","floor":15,"key":"SMITH"}],"circlet_count":0,"master_deck":["Bash","Survivor","Zap","Eruption","Strike_R","Strike_G","Strike_B","Defend_R","Defend_G","Defend_P","Quick Slash","Dark Shackles","Vault+1","Bouncing Flask+1","Dodge and Roll+1","Terror","ClearTheMind","Consecrate","The Bomb+1","Slice","CutThroughFate","Venomology","Distraction","ReachHeaven","RitualDagger","ThirdEye"],"relics":["Ring of the Snake","Unceasing Top","Sundial","Black Star"],"acts_visited":["Exordium","TheCity"],"potions_floor_usage":[16,18,22],"damage_taken":[{"damage":2,"enemies":"Small Slimes","floor":1,"turns":3},{"damage":2,"enemies":"Cultist","floor":5,"turns":3},{"damage":24,"enemies":"Lagavulin","floor":7,"turns":6},{"damage":2,"enemies":"2 Louse","floor":8,"turns":2},{"damage":0,"enemies":"Exordium Wildlife","floor":12,"turns":4},{"damage":8,"enemies":"3 Louse","floor":13,"turns":4},{"damage":3,"enemies":"Blue Slaver","floor":14,"turns":3},{"damage":21,"enemies":"Hexaghost","floor":16,"turns":9},{"damage":22,"enemies":"Shell Parasite","floor":18,"turns":7},{"damage":7,"enemies":"Chosen","floor":19,"turns":6},{"damage":13,"enemies":"Centurion and Healer","floor":21,"turns":4},{"damage":28,"enemies":"Snake Plant","floor":22,"turns":4}],"seed_played":"-8399458303924539785","potions_obtained":[{"floor":12,"key":"SpeedPotion"},{"floor":16,"key":"Explosive Potion"},{"floor":19,"key":"CunningPotion"}],"is_trial":false,"path_per_floor":["M","?","$","?","M","R","E","M","T","$","R","M","M","M","R","B",null,"M","M","?","M","M"],"character_chosen":"THE_SILENT","items_purchased":["Bouncing Flask","Dodge and Roll","The Bomb"],"campfire_rested":0,"item_purchase_floors":[3,3,10],"current_hp_per_floor":[68,68,68,68,66,66,42,40,40,40,40,40,32,29,29,8,70,48,41,35,22,0,0],"gold":190,"neow_bonus":"","is_daily":true,"chose_seed":false,"campfire_upgraded":3,"win_rate":0.0,"timestamp":1613171922,"path_taken":["M","?","?","?","M","R","E","M","T","$","R","M","M","M","R","BOSS","M","M","?","M","M"],"items_purchased_type":["Card","Card","Card"],"build_version":"2020-12-22","purchased_purges":0,"victory":false,"max_hp_per_floor":[70,70,70,70,70,70,70,70,70,70,70,70,70,70,70,70,70,70,70,70,70,70,70],"card_choices":[{"not_picked":["PiercingWail","Outmaneuver"],"picked":"Quick Slash","floor":1},{"not_picked":["Flying Knee","Crescendo"],"picked":"Terror","floor":5},{"not_picked":["Flying Knee","Outmaneuver"],"picked":"ClearTheMind","floor":7},{"not_picked":["Evaluate","Deadly Poison"],"picked":"Consecrate","floor":8},{"not_picked":["DeusExMachina","Consecrate"],"picked":"Slice","floor":12},{"not_picked":["Halt","Reflex"],"picked":"CutThroughFate","floor":13},{"not_picked":["Halt","PathToVictory","FlurryOfBlows"],"picked":"SKIP","floor":14},{"not_picked":["Glass Knife","SpiritShield"],"picked":"Venomology","floor":16},{"not_picked":["Underhanded Strike","CrushJoints"],"picked":"Distraction","floor":18},{"not_picked":["Quick Slash","EmptyMind"],"picked":"ReachHeaven","floor":19},{"not_picked":["All Out Attack","SashWhip+1"],"picked":"ThirdEye","floor":21}],"player_experience":513672,"relics_obtained":[{"floor":7,"key":"Unceasing Top"},{"floor":9,"key":"Sundial"}],"event_choices":[{"damage_healed":0,"gold_gain":0,"player_choice":"2 cards matched","damage_taken":0,"max_hp_gain":0,"max_hp_loss":0,"event_name":"Match and Keep!","floor":2,"gold_loss":0,"cards_obtained":["Dark Shackles","Vault"]},{"damage_healed":0,"gold_gain":0,"player_choice":"Grow","damage_taken":0,"max_hp_gain":0,"max_hp_loss":0,"event_name":"Living Wall","floor":4,"gold_loss":0,"cards_upgraded":["Bouncing Flask"]},{"damage_healed":0,"gold_gain":0,"player_choice":"Joined the Cult","damage_taken":6,"max_hp_gain":0,"max_hp_loss":0,"event_name":"Nest","floor":20,"gold_loss":0,"cards_obtained":["RitualDagger"]}],"is_beta":false,"boss_relics":[{"not_picked":["Philosopher\u0027s Stone","Empty Cage"],"picked":"Black Star"}],"items_purged_floors":[],"is_endless":false,"potions_floor_spawned":[12,16,19],"killed_by":"Snake Plant","ascension_level":0}}