{"host":"824exx23qlyrdtjz","time":1613107215,"event":{"mods":["BaseMod","Colored Map","Downfall","Minty Spire (QoL Compilation)","StSLib"],"gold_per_floor":[99,118,118,132,147,47,120,120,45,59,75,110,110,110,129,129,129,129],"floor_reached":16,"language":"ENG","playtime":537,"items_purged":["hexamod:Strike"],"score":102,"play_id":"32ef8e76-5471-4759-ad9e-1d3ab80c0da1","local_time":"20210212002015","is_ascension_mode":false,"campfire_choices":[{"floor":1,"key":"RECALL"},{"data":"hexamod:HeatCrush","floor":6,"key":"SMITH"},{"data":"hexamod:SwordOfDarkness","floor":8,"key":"SMITH"}],"circlet_count":0,"master_deck":["hexamod:Strike","hexamod:Strike","hexamod:Defend","hexamod:Defend","hexamod:Defend","hexamod:Defend","hexamod:Sear","hexamod:Float","hexamod:NightmareGuise","hexamod:HeatCrush+1","hexamod:SwordOfDarkness+1","hexamod:HauntingEcho","hexamod:GhostflameBarrier","hexamod:PowerFromBeyond","hexamod:Rewind"],"relics":["hexamod:SpiritBrand","The Courier","downfall:HeartBlessingRed","Matryoshka","Unceasing Top"],"acts_visited":["Exordium"],"potions_floor_usage":[11,12,16],"damage_taken":[{"damage":0,"enemies":"Cultist","floor":2,"turns":3},{"damage":3,"enemies":"Small Slimes","floor":4,"turns":3},{"damage":2,"enemies":"2 Louse","floor":5,"turns":3},{"damage":10,"enemies":"downfall:FleeingMerchant","floor":9,"turns":4},{"damage":15,"enemies":"Gremlin Gang","floor":10,"turns":4},{"damage":13,"enemies":"Exordium Wildlife","floor":11,"turns":3},{"damage":18,"enemies":"Lagavulin","floor":12,"turns":6},{"damage":0,"enemies":"Blue Slaver","floor":15,"turns":3},{"damage":48,"enemies":"DF_ARCHETYPE_STREAMLINE","floor":16,"turns":9}],"seed_played":"8543838958523457891","potions_obtained":[{"floor":2,"key":"GamblersBrew"},{"floor":10,"key":"ColorlessPotion"},{"floor":11,"key":"bronze:BurnAndBuffPotion"},{"floor":15,"key":"Block Potion"}],"is_trial":false,"path_per_floor":["R","M","T","M","M","R","T","R","$","M","M","E","?","?","M","B"],"character_chosen":"THE_SPIRIT","items_purchased":[],"campfire_rested":0,"item_purchase_floors":[],"current_hp_per_floor":[70,70,70,67,65,65,65,65,55,40,27,9,9,32,32,0,0,0],"gold":129,"neow_bonus":"THREE_CARDS","is_daily":false,"chose_seed":false,"campfire_upgraded":2,"win_rate":0.0,"timestamp":1613107215,"path_taken":["R","M","?","?","M","R","T","R","$","M","M","E","?","?","M","BOSS"],"items_purchased_type":[],"build_version":"2020-12-22","purchased_purges":1,"victory":false,"max_hp_per_floor":[70,70,70,70,70,70,70,70,70,70,70,70,70,70,70,70,70,70],"card_choices":[{"not_picked":["hexamod:RadiantFlame","hexamod:GhostShield"],"picked":"hexamod:NightmareGuise","floor":0},{"not_picked":["hexamod:GhostShield","hexamod:AdvancingGuard"],"picked":"hexamod:HeatCrush","floor":2},{"not_picked":["hexamod:EmpoweredFlame","hexamod:FastForward"],"picked":"hexamod:SwordOfDarkness","floor":4},{"not_picked":["hexamod:FastForward","hexamod:GhostShield"],"picked":"hexamod:HauntingEcho","floor":5},{"not_picked":["hexamod:HexaLevel","hexamod:InspiringFlames"],"picked":"hexamod:GhostflameBarrier","floor":9},{"not_picked":["hexamod:SecondSeal","hexamod:FastForward","hexamod:GhostShield"],"picked":"SKIP","floor":10},{"not_picked":["hexamod:InspiringFlames","hexamod:PhantomCloak","hexamod:ThirdSeal"],"picked":"SKIP","floor":11},{"not_picked":["hexamod:Hexaguard","hexamod:Haunt"],"picked":"hexamod:PowerFromBeyond","floor":12},{"not_picked":["hexamod:GhostOfSpirePast","hexamod:BacktrackSmack"],"picked":"hexamod:Rewind","floor":15}],"player_experience":208760,"relics_obtained":[{"floor":3,"key":"The Courier"},{"floor":7,"key":"Matryoshka"},{"floor":12,"key":"Unceasing Top"}],"event_choices":[{"cards_removed":["hexamod:Strike"],"damage_healed":0,"gold_gain":0,"player_choice":"Card Removal","damage_taken":0,"max_hp_gain":0,"max_hp_loss":0,"event_name":"The Cleric","floor":13,"gold_loss":0},{"damage_healed":23,"gold_gain":0,"player_choice":"Banana","damage_taken":0,"max_hp_gain":0,"max_hp_loss":0,"event_name":"Big Fish","floor":14,"gold_loss":0}],"is_beta":false,"boss_relics":[],"items_purged_floors":[9],"is_endless":false,"potions_floor_spawned":[2,10,11,15],"killed_by":"DF_ARCHETYPE_STREAMLINE","ascension_level":0}}