{"host":"pypglfp8rzlfgxqw","time":1613096683,"event":{"mods":["Act Like it!","BaseMod","Beaked The Cultist","BetterRewards","Conspire","Downfall","Duelist Mod","Friendly Minions","Glutton Mod","Hallownest","Hubris","Infinite Spire","Jorbs\u0027s Wanderer Trilogy","Mad Scientist","Marisa????????","Mimic Mod","Minty Spire (QoL Compilation)","READ ME - Guardian Mod","Reliquary","Replay The Spire","Shop Mod","StSLib","The Administrix","The Animator","The Blackbeard","The Bug Knight","The Construct","The Cursed","The Disciple","The Elementalist","The Gatherer","The Jungle","The Marked","The Mystic","The Runesmith","The Servant 0.9.4","WarShipGirlsR/????R mod"],"gold_per_floor":[119,132,132,142,154,154,154,6,6,21,71,71,71,71,86,99,99,199,199,217,217,233,233,233,245,245,264,264,280,290,290,290,305,305,305,305],"floor_reached":35,"language":"ENG","playtime":3567,"items_purged":[],"score":253,"play_id":"7ef04451-3688-4853-ac62-2e328a3b39e8","local_time":"20210211212443","is_ascension_mode":false,"campfire_choices":[{"data":"TheCursedMod:AbyssShockwave","floor":7,"key":"SMITH"},{"data":"TheCursedMod:CursedWand","floor":14,"key":"SMITH"},{"data":"TheCursedMod:Defend_TheCursed","floor":17,"key":"PURGE"},{"data":"TheCursedMod:CursedBlade","floor":26,"key":"SMITH"},{"floor":32,"key":"REST"},{"data":"TheCursedMod:VoidForm","floor":34,"key":"SMITH"}],"circlet_count":0,"master_deck":["TheCursedMod:Strike_TheCursed","TheCursedMod:Strike_TheCursed","TheCursedMod:Strike_TheCursed","TheCursedMod:Strike_TheCursed","TheCursedMod:Defend_TheCursed","TheCursedMod:Defend_TheCursed","TheCursedMod:CursedWand+1","TheCursedMod:CleanUpWorkshop","TheCursedMod:Dregs","TheCursedMod:CircleOfBlood","TheCursedMod:TroublousMinions","TheCursedMod:AbyssShockwave+1","TheCursedMod:CursedAmulet","TheCursedMod:LuckyCharm","TheCursedMod:CursedBlade+1","TheCursedMod:FleshFromBone","TheCursedMod:VoidForm+1","TheCursedMod:CursedShiv+1","TheCursedMod:StunningStrike"],"relics":["TheCursedMod:BlackMagic101","NeowsBlessing","Hallownest:DreamNailRelic","hubris:Towel","MerchantsRug","TheCursedMod:FourLeafCloverCharm","Snack Pack"],"acts_visited":["Exordium","TheCity"],"potions_floor_usage":[18,18,22,27,35],"damage_taken":[{"damage":0,"enemies":"Hallownest:monsterHuskWarrior","floor":1,"turns":1},{"damage":0,"enemies":"2_ Uuma","floor":2,"turns":1},{"damage":1,"enemies":"Hallownest:2_Tiktiks_and_1_Crawlid","floor":4,"turns":2},{"damage":0,"enemies":"Hallownest:2_Tiktiks_1_Baldur_1_Crawlid","floor":5,"turns":2},{"damage":36,"enemies":"Hallownest:1_Ooma_and_2_Uuma","floor":10,"turns":10},{"damage":8,"enemies":"Hallownest:1_Baldur_1_Crawlid_1_Warrior","floor":15,"turns":5},{"damage":0,"enemies":"Hallownest:Guard_and_Warrior","floor":16,"turns":4},{"damage":10,"enemies":"Hallownest:BossHornet","floor":18,"turns":23},{"damage":11,"enemies":"Spheric Guardian","floor":20,"turns":5},{"damage":25,"enemies":"3 Byrds","floor":22,"turns":5},{"damage":11,"enemies":"Shelled Parasite and Fungi","floor":25,"turns":11},{"damage":27,"enemies":"Sentry and Sphere","floor":27,"turns":8},{"damage":11,"enemies":"conspire:HollyBat","floor":29,"turns":7},{"damage":5,"enemies":"Snecko","floor":30,"turns":6},{"damage":10,"enemies":"Cultist and Chosen","floor":33,"turns":6},{"damage":34,"enemies":"Champ","floor":35,"turns":9}],"seed_played":"6997988277708441184","potions_obtained":[{"floor":10,"key":"BlessingOfTheForge"},{"floor":15,"key":"sneckomod:MuddlingPotion"},{"floor":20,"key":"LiquidBronze"},{"floor":25,"key":"SkillPotion"},{"floor":33,"key":"TheCursedMod:DregsPotion"}],"is_trial":false,"path_per_floor":["M","M","?","M","M","?","R","$","MIM","M","?","PTL","PTL","R","M","M","R","B",null,"M","?","M","?","?","M","R","M","T","M","M","?","R","M","R","B"],"character_chosen":"THE_CURSED","items_purchased":["MerchantsRug"],"campfire_rested":1,"item_purchase_floors":[8],"current_hp_per_floor":[75,75,75,74,75,75,75,75,75,39,39,39,39,39,35,39,39,31,75,64,64,43,43,43,34,34,9,9,4,9,9,31,25,25,0,0],"gold":305,"neow_bonus":"THREE_ENEMY_KILL","is_daily":false,"chose_seed":false,"campfire_upgraded":4,"win_rate":0.0,"timestamp":1613096683,"path_taken":["M","M","?","?","M","?","R","$","MIM","M","?","PTL","PTL","R","M","M","R","BOSS","M","?","M","?","?","M","R","?","T","M","M","?","R","M","R","BOSS"],"items_purchased_type":["Relic"],"build_version":"2020-12-22","purchased_purges":0,"victory":false,"max_hp_per_floor":[75,75,75,75,75,75,75,75,75,75,75,75,75,75,75,75,75,75,75,75,75,75,75,75,75,75,75,75,75,75,75,75,75,75,75,75],"card_choices":[{"not_picked":["TheCursedMod:FuryStrike","TheCursedMod:VitalStrike"],"picked":"TheCursedMod:CircleOfBlood","floor":1},{"not_picked":["TheCursedMod:Wield","TheCursedMod:CircleOfAmplification"],"picked":"TheCursedMod:TroublousMinions","floor":2},{"not_picked":["TheCursedMod:Hemoplague","TheCursedMod:BloodBarrier"],"picked":"TheCursedMod:AbyssShockwave","floor":4},{"not_picked":["TheCursedMod:WearCloak","TheCursedMod:CursedArmor"],"picked":"TheCursedMod:CursedAmulet","floor":5},{"not_picked":["TheCursedMod:CursedMace","TheCursedMod:ReleasedKnowledge"],"picked":"TheCursedMod:LuckyCharm","floor":10},{"not_picked":["TheCursedMod:CursedMace","TheCursedMod:TacticalStrike"],"picked":"TheCursedMod:CursedBlade","floor":15},{"not_picked":["TheCursedMod:Stigma","TheCursedMod:CircleOfCorruption"],"picked":"TheCursedMod:FleshFromBone","floor":16},{"not_picked":["TheCursedMod:RapidMovement","TheCursedMod:Wield","TheCursedMod:TacticalStrike"],"picked":"SKIP","floor":20},{"not_picked":["TheCursedMod:ReleasedStrength","TheCursedMod:Obscuration","TheCursedMod:WearCloak"],"picked":"SKIP","floor":22},{"not_picked":["TheCursedMod:RapidMovement","TheCursedMod:SpitefulPlan","TheCursedMod:Torture"],"picked":"SKIP","floor":25},{"not_picked":["TheCursedMod:VitalStrike","TheCursedMod:CircleOfWindfury"],"picked":"TheCursedMod:CursedShiv+1","floor":27},{"not_picked":["TheCursedMod:Grudge","TheCursedMod:Stigma"],"picked":"TheCursedMod:StunningStrike","floor":29},{"not_picked":["TheCursedMod:CursedShiv","TheCursedMod:SmokeScreen","TheCursedMod:StingEye"],"picked":"SKIP","floor":30},{"not_picked":["TheCursedMod:SmokeScreen+1","TheCursedMod:CircleOfBlood+1","TheCursedMod:Stretching"],"picked":"SKIP","floor":33}],"player_experience":480284,"relics_obtained":[{"floor":28,"key":"Snack Pack"}],"event_choices":[{"damage_healed":0,"gold_gain":0,"player_choice":"Read","damage_taken":0,"max_hp_gain":0,"max_hp_loss":0,"event_name":"The Library","floor":21,"gold_loss":0,"cards_obtained":["TheCursedMod:VoidForm"]},{"cards_removed":["TheCursedMod:Defend_TheCursed"],"damage_healed":0,"gold_gain":0,"player_choice":"Purged","damage_taken":0,"max_hp_gain":0,"max_hp_loss":0,"event_name":"Purifier","floor":24,"gold_loss":0}],"is_beta":false,"boss_relics":[{"not_picked":["reliquary:WritOfMandamus","Replay:Bronze Core"],"picked":"TheCursedMod:FourLeafCloverCharm"}],"items_purged_floors":[],"is_endless":false,"potions_floor_spawned":[10,15,20,25,33],"killed_by":"Champ","ascension_level":0}}