{"host":"n9qmgrsa9l2j981v","time":1613107010,"event":{"mods":["BaseMod","Bestiary","Minty Spire (QoL Compilation)","Relic Stats","StSLib"],"gold_per_floor":[116,116,132,132,41,82,82,106,106,106,121,21,21,21],"floor_reached":13,"language":"ENG","playtime":430,"items_purged":[],"score":216,"play_id":"a21cdab0-6012-4dd2-b8e8-25b1bca8ef96","local_time":"20210211211650","is_ascension_mode":true,"campfire_choices":[{"floor":10,"key":"REST"}],"circlet_count":0,"master_deck":["AscendersBane","Strike_G","Strike_G","Strike_G","Strike_G","Defend_G","Defend_G","Defend_G","Defend_G","Defend_G","Survivor","Neutralize","Accuracy","Reflex","Cloak And Dagger","Finesse","Phantasmal Killer","Cloak And Dagger","Blade Dance","Leg Sweep"],"relics":["Ring of the Snake","NeowsBlessing","Golden Idol","InkBottle","StoneCalendar","Meat on the Bone"],"acts_visited":["Exordium"],"potions_floor_usage":[],"damage_taken":[{"damage":0,"enemies":"2 Louse","floor":1,"turns":1},{"damage":0,"enemies":"Small Slimes","floor":3,"turns":1},{"damage":0,"enemies":"Gremlin Nob","floor":6,"turns":1},{"damage":2,"enemies":"Jaw Worm","floor":8,"turns":3},{"damage":20,"enemies":"Large Slime","floor":11,"turns":7},{"damage":28,"enemies":"3 Sentries","floor":13,"turns":6}],"seed_played":"3076946282443639317","potions_obtained":[{"floor":1,"key":"Weak Potion"}],"is_trial":false,"path_per_floor":["M","?","M","?","$","E","?","M","T","R","M","$","E"],"character_chosen":"THE_SILENT","items_purchased":["Finesse","Leg Sweep","FearPotion"],"campfire_rested":1,"item_purchase_floors":[5,12,12],"current_hp_per_floor":[59,59,59,36,36,36,18,16,16,35,27,27,0,0],"gold":21,"neow_bonus":"THREE_ENEMY_KILL","is_daily":false,"chose_seed":false,"campfire_upgraded":0,"win_rate":0.0,"timestamp":1613107010,"path_taken":["M","?","M","?","?","E","?","M","T","R","M","$","E"],"items_purchased_type":["Card","Card","Potion"],"build_version":"2020-12-22","purchased_purges":0,"victory":false,"max_hp_per_floor":[66,66,66,66,66,66,66,66,66,66,66,66,66,66],"relic_stats":{"counters":[6,19],"Golden Idol":16,"StoneCalendar":[9],"obtain_stats":[{"NeowsBlessing":0,"Golden Idol":4,"StoneCalendar":7,"InkBottle":6,"Ring of the Snake":0,"Meat on the Bone":9},{"NeowsBlessing":0,"Golden Idol":2,"StoneCalendar":3,"InkBottle":3,"Ring of the Snake":0,"Meat on the Bone":4},{"NeowsBlessing":0,"Golden Idol":2,"StoneCalendar":3,"InkBottle":3,"Ring of the Snake":0,"Meat on the Bone":6}],"InkBottle":[6],"Ring of the Snake":[12],"Meat on the Bone":12},"card_choices":[{"not_picked":["Slice","Flying Knee"],"picked":"Accuracy","floor":1},{"not_picked":["Noxious Fumes","Underhanded Strike"],"picked":"Cloak And Dagger","floor":3},{"not_picked":["Bane","Blur"],"picked":"Phantasmal Killer","floor":6},{"not_picked":["Sucker Punch","Backstab"],"picked":"Cloak And Dagger","floor":8},{"not_picked":["Sucker Punch","Bouncing Flask"],"picked":"Blade Dance","floor":11}],"player_experience":690221,"relics_obtained":[{"floor":6,"key":"InkBottle"},{"floor":9,"key":"Meat on the Bone"}],"event_choices":[{"damage_healed":0,"gold_gain":0,"cards_transformed":["Strike_G"],"player_choice":"Change","damage_taken":0,"max_hp_gain":0,"max_hp_loss":0,"event_name":"Living Wall","floor":2,"gold_loss":0,"cards_obtained":["Reflex"]},{"damage_healed":0,"gold_gain":0,"player_choice":"Take Damage","damage_taken":23,"relics_obtained":["Golden Idol"],"max_hp_gain":0,"max_hp_loss":0,"event_name":"Golden Idol","floor":4,"gold_loss":0},{"damage_healed":0,"gold_gain":0,"player_choice":"Success","damage_taken":18,"relics_obtained":["StoneCalendar"],"max_hp_gain":0,"max_hp_loss":0,"event_name":"Scrap Ooze","floor":7,"gold_loss":0}],"is_beta":false,"boss_relics":[],"items_purged_floors":[],"is_endless":false,"potions_floor_spawned":[1],"killed_by":"3 Sentries","ascension_level":20}}