{"host":"vflj39ie5n27t074","time":1613095233,"event":{"mods":["BaseMod","BetterRewards","Bossed Relics","Colored Map","Colored Powertips","Downfall","Hubris","Infinite Spire","Marisa????????","Minty Spire (QoL Compilation)","Replay The Spire","SIMod","StSLib","The Bug Knight","The Jungle","The Mystic","The Servant 0.9.4"],"gold_per_floor":[116,130,130,2,2,2,31,31,54,84,33,53,70,70,70,70,70],"floor_reached":16,"language":"ENG","playtime":728,"items_purged":["Defend_TS"],"score":108,"play_id":"5d1794c3-9062-4795-a9d6-6a075c3a0994","local_time":"20210211200033","is_ascension_mode":false,"campfire_choices":[{"data":"Anxiousness","floor":6,"key":"SMITH"},{"data":"HarmonyShield","floor":8,"key":"SMITH"},{"floor":15,"key":"REST"}],"circlet_count":0,"master_deck":["Strike_AJ","Strike_TS","Strike_RR","Strike_RD","Defend_PP","Defend_FS","Defend_AJ","ConcertedEfforts+1","HarmonyShield+1","Strike_TS","HollowMod:NailStrikeStart","Tornado","Anxiousness+1","Yay","Louder","RashStunts+1","HideCarefully+1","BigDeal+1","Lasso","AlloutStrike+1","TasteRainbow+1","PinkieSense+1"],"relics":["The_element_of_harmony","infinitespire:Joker Card","Toxic Egg 2","hubris:TenFootPole","Replay:Mystery Machine","HollowMod:StagPassRelic"],"acts_visited":["Exordium"],"potions_floor_usage":[],"damage_taken":[{"damage":1,"enemies":"Cultist","floor":1,"turns":3},{"damage":0,"enemies":"2 Louse","floor":2,"turns":3},{"damage":34,"enemies":"Lagavulin","floor":7,"turns":8},{"damage":18,"enemies":"Gremlin Nob","floor":10,"turns":4},{"damage":5,"enemies":"Jaw Worm","floor":12,"turns":2},{"damage":6,"enemies":"Blue Slaver","floor":13,"turns":2},{"damage":45,"enemies":"The Guardian","floor":16,"turns":7}],"seed_played":"3108918090146273621","potions_obtained":[{"floor":1,"key":"Fire Potion"},{"floor":2,"key":"Weak Potion"},{"floor":10,"key":"BlessingOfTheForge"}],"is_trial":false,"path_per_floor":["M","M","?","$","?","R","E","R","T","E","$","M","M","T","R","B"],"character_chosen":"TWI_CLASS","items_purchased":["Louder","AlloutStrike+1"],"campfire_rested":1,"item_purchase_floors":[4,11],"current_hp_per_floor":[81,81,81,81,81,81,47,47,47,29,29,24,18,18,42,0,0],"gold":70,"neow_bonus":"ONE_RARE_RELIC","is_daily":false,"chose_seed":false,"campfire_upgraded":2,"win_rate":0.0,"timestamp":1613095233,"path_taken":["M","?","?","$","?","R","E","R","T","E","?","M","?","?","R","BOSS"],"items_purchased_type":["Card","Card"],"build_version":"2020-12-22","purchased_purges":1,"victory":false,"max_hp_per_floor":[82,82,82,82,82,82,82,82,82,82,82,82,82,82,82,82,82],"card_choices":[{"not_picked":["AppleFever"],"picked":"Tornado","floor":1},{"not_picked":["Magic_Beam"],"picked":"Anxiousness","floor":1},{"not_picked":["Lasso"],"picked":"Yay","floor":2},{"not_picked":["BatchProduction","ServeMeal"],"picked":"SKIP","floor":2},{"not_picked":["AllByMyself+1"],"picked":"RashStunts+1","floor":7},{"not_picked":["PartyAlone"],"picked":"HideCarefully+1","floor":7},{"not_picked":["TwentyPercentcooler"],"picked":"BigDeal+1","floor":10},{"not_picked":["AppleFeast"],"picked":"Lasso","floor":10},{"not_picked":["ServeMeal+1"],"picked":"TasteRainbow+1","floor":12},{"not_picked":["Magic+1"],"picked":"PinkieSense+1","floor":12},{"not_picked":["Charge","Whining+1"],"picked":"SKIP","floor":13},{"not_picked":["FarmExpert+1","Winterwrapup+1"],"picked":"SKIP","floor":13}],"player_experience":137002,"relics_obtained":[{"floor":7,"key":"Toxic Egg 2"},{"floor":9,"key":"hubris:TenFootPole"},{"floor":10,"key":"Replay:Mystery Machine"},{"floor":14,"key":"HollowMod:StagPassRelic"}],"event_choices":[{"damage_healed":0,"gold_gain":0,"player_choice":"Grow","damage_taken":0,"max_hp_gain":0,"max_hp_loss":0,"event_name":"Living Wall","floor":3,"gold_loss":0,"cards_upgraded":["ConcertedEfforts"]}],"is_beta":false,"boss_relics":[],"items_purged_floors":[4],"is_endless":false,"potions_floor_spawned":[1,2,10],"killed_by":"The Guardian","ascension_level":0}}