{"host":"3y9j540ftq0by6cq","time":1613100732,"event":{"mods":["BaseMod","CapriCore","Minty Spire (QoL Compilation)","StSLib","The Cursed"],"gold_per_floor":[111,127,141,141,241,270,270,282,282,282,7,18,50,61,61,160,160,178,20,20,20,30,30,56,56,106,119,137,149,3,20,20,115,115,134,134,149,149,159,189,539,557,609,627,661,673,700,726,738,750],"floor_reached":51,"language":"ZHS","playtime":3640,"items_purged":[],"score":918,"play_id":"42d952c5-27ab-401d-8621-0da4d165cd7d","local_time":"20210212113212","is_ascension_mode":false,"campfire_choices":[{"data":"TheCursedMod:CircleOfBlood","floor":7.0,"key":"SMITH"},{"data":"TheCursedMod:Hemoplague","floor":10.0,"key":"SMITH"},{"data":"TheCursedMod:LuckyCharm","floor":15.0,"key":"SMITH"},{"data":"TheCursedMod:HellfireBreathing","floor":23.0,"key":"SMITH"},{"data":"TheCursedMod:ForbiddenAlchemy","floor":32.0,"key":"SMITH"},{"data":"TheCursedMod:HellfireBreathing","floor":46,"key":"SMITH"},{"data":"TheCursedMod:Hemoplague","floor":49,"key":"SMITH"}],"circlet_count":0,"master_deck":["TheCursedMod:Strike_TheCursed","TheCursedMod:Strike_TheCursed","TheCursedMod:Strike_TheCursed","TheCursedMod:Defend_TheCursed","TheCursedMod:Defend_TheCursed","TheCursedMod:Defend_TheCursed","TheCursedMod:Defend_TheCursed","TheCursedMod:CursedWand","TheCursedMod:CleanUpWorkshop","TheCursedMod:Dregs","TheCursedMod:Hemoplague+1","TheCursedMod:SmokeScreen","TheCursedMod:LuckyCharm+1","TheCursedMod:AbyssShockwave","TheCursedMod:ForbiddenAlchemy+1","TheCursedMod:CircleOfBlood+1","TheCursedMod:CursedBlade","TheCursedMod:WearCloak","TheCursedMod:CursedBoomerang","TheCursedMod:CursedShiv","TheCursedMod:CursedShiv","TheCursedMod:Stretching","TheCursedMod:CircleOfAbyss","TheCursedMod:PrepareRite","TheCursedMod:HellfireBreathing+1","Bandage Up","Shame","TheCursedMod:SpitefulStrike","TheCursedMod:Obscuration+1","Injury","TheCursedMod:FleshFromBone","TheCursedMod:WearCloak","TheCursedMod:WearCloak+1","TheCursedMod:DemonSword","TheCursedMod:CircleOfCorruption","TheCursedMod:ParallelWorld","TheCursedMod:HellfireBreathing+1","Writhe","TheCursedMod:LuckyCharm","Panacea","TheCursedMod:CursedSpellbook+1","TheCursedMod:TroublousMinions","TheCursedMod:CircleOfAmplification","TheCursedMod:Stretching+1","Doubt","TheCursedMod:CircleOfCorruption+1","TheCursedMod:CircleOfCorruption","TheCursedMod:Hemoplague+1","TheCursedMod:CircleOfFlame+1"],"relics":["TheCursedMod:BlackMagic101","Mercury Hourglass","FossilizedHelix","ClockworkSouvenir","Torii","Cursed Key","Bronze Scales","Bird Faced Urn","Enchiridion","Pen Nib","SacredBark","InkBottle","Old Coin","PreservedInsect","MawBank"],"acts_visited":["Exordium","TheCity","TheBeyond"],"potions_floor_usage":[41,42,44,44,44,45,45,45,45,45,47,47,47,47,47,47,47,47,48,48,48,50,50,50,50,50],"damage_taken":[{"damage":5.0,"enemies":"Small Slimes","floor":1.0,"turns":4.0},{"damage":1.0,"enemies":"Cultist","floor":2.0,"turns":4.0},{"damage":9.0,"enemies":"Jaw Worm","floor":3.0,"turns":6.0},{"damage":13.0,"enemies":"Lagavulin","floor":6.0,"turns":4.0},{"damage":1.0,"enemies":"2 Fungi Beasts","floor":8.0,"turns":2.0},{"damage":2.0,"enemies":"Blue Slaver","floor":12.0,"turns":5.0},{"damage":4.0,"enemies":"3 Sentries","floor":13.0,"turns":3.0},{"damage":0.0,"enemies":"Looter","floor":14.0,"turns":2.0},{"damage":0.0,"enemies":"Slime Boss","floor":16.0,"turns":9.0},{"damage":0.0,"enemies":"Chosen","floor":18.0,"turns":4.0},{"damage":0.0,"enemies":"Shell Parasite","floor":22.0,"turns":4.0},{"damage":21.0,"enemies":"Slavers","floor":24.0,"turns":3.0},{"damage":7.0,"enemies":"Snake Plant","floor":27.0,"turns":3.0},{"damage":6.0,"enemies":"Snecko","floor":28.0,"turns":5.0},{"damage":1.0,"enemies":"Centurion and Healer","floor":29.0,"turns":3.0},{"damage":0.0,"enemies":"Snake Plant","floor":31.0,"turns":3.0},{"damage":8.0,"enemies":"Automaton","floor":33.0,"turns":11.0},{"damage":4.0,"enemies":"3 Shapes","floor":35.0,"turns":4.0},{"damage":1.0,"enemies":"Orb Walker","floor":37.0,"turns":5.0},{"damage":17.0,"enemies":"4 Shapes","floor":39.0,"turns":5.0},{"damage":28.0,"enemies":"Reptomancer","floor":40.0,"turns":6.0},{"damage":4,"enemies":"Mind Bloom Boss Battle","floor":41,"turns":7},{"damage":0,"enemies":"3 Darklings","floor":42,"turns":6},{"damage":19,"enemies":"Writhing Mass","floor":44,"turns":8},{"damage":0,"enemies":"Giant Head","floor":45,"turns":7},{"damage":4,"enemies":"Transient","floor":47,"turns":5},{"damage":0,"enemies":"Spire Growth","floor":48,"turns":5},{"damage":64,"enemies":"Awakened One","floor":50,"turns":11}],"seed_played":"493388761558016851","potions_obtained":[{"floor":2.0,"key":"DistilledChaos"},{"floor":3.0,"key":"LiquidMemories"},{"floor":8.0,"key":"EssenceOfSteel"},{"floor":13.0,"key":"SteroidPotion"},{"floor":16.0,"key":"Strength Potion"},{"floor":18.0,"key":"DistilledChaos"},{"floor":24.0,"key":"AttackPotion"},{"floor":28.0,"key":"Regen Potion"},{"floor":31.0,"key":"Explosive Potion"},{"floor":35.0,"key":"FearPotion"},{"floor":40.0,"key":"Explosive Potion"},{"floor":42,"key":"TheCursedMod:DregsPotion"},{"floor":45,"key":"PowerPotion"}],"is_trial":false,"path_per_floor":["M","M","M","?","?","E","R","M","T","R","$","M","E","M","R","B",null,"M","$","$","?","M","R","E","?","T","M","M","M","$","M","R","B",null,"M","?","M","?","M","E","?","M","T","M","E","R","M","M","R","B",null],"character_chosen":"THE_CURSED","items_purchased":["TheCursedMod:WearCloak","TheCursedMod:CursedBoomerang","ClockworkSouvenir","TheCursedMod:HellfireBreathing","Bandage Up","TheCursedMod:DemonSword"],"campfire_rested":0,"item_purchase_floors":[11,11,11,19,19,30],"current_hp_per_floor":[70,69,60,60,60,47,47,46,46,46,46,44,48,48,48,56,75,75,75,75,75,75,75,58,42,42,39,49,65,65,71,71,67,75,75,75,74,74,68,58,75,75,75,68,75,75,71,75,75,51],"gold":762,"neow_bonus":"THREE_CARDS","is_daily":false,"chose_seed":false,"campfire_upgraded":7,"win_rate":0.0,"timestamp":1613100732,"path_taken":["M","M","M","?","?","E","R","M","T","R","$","?","E","M","R","BOSS","M","?","$","?","M","R","E","?","T","M","M","M","$","M","R","BOSS","M","?","M","?","M","E","?","M","T","M","E","R","M","M","R","BOSS"],"items_purchased_type":["Card","Card","Relic","Card","Card","Card"],"build_version":"2020-12-22","purchased_purges":0,"victory":true,"max_hp_per_floor":[75,75,75,75,75,75,75,75,75,75,75,75,75,75,75,75,75,75,75,75,75,75,75,75,75,75,75,75,75,75,75,75,75,75,75,75,75,75,75,75,75,75,75,75,75,75,75,75,75,75],"card_choices":[{"not_picked":["TheCursedMod:CircleOfCorruption","TheCursedMod:Stigma"],"picked":"TheCursedMod:Hemoplague","floor":0.0},{"not_picked":["TheCursedMod:Stretching","TheCursedMod:CircleOfCorruption"],"picked":"TheCursedMod:SmokeScreen","floor":1.0},{"not_picked":["TheCursedMod:BloodBarrier","TheCursedMod:FuryStrike"],"picked":"TheCursedMod:LuckyCharm","floor":2.0},{"not_picked":["TheCursedMod:VitalStrike","TheCursedMod:OutForBlood"],"picked":"TheCursedMod:AbyssShockwave","floor":3.0},{"not_picked":["TheCursedMod:Stretching","TheCursedMod:CursedBoomerang"],"picked":"TheCursedMod:CircleOfBlood","floor":6.0},{"not_picked":["TheCursedMod:VitalStrike","TheCursedMod:Wield"],"picked":"TheCursedMod:CursedBlade","floor":8.0},{"not_picked":["TheCursedMod:SpreadPlague","TheCursedMod:VitalStrike"],"picked":"TheCursedMod:CursedShiv","floor":12.0},{"not_picked":["TheCursedMod:VitalStrike","TheCursedMod:Stretching"],"picked":"TheCursedMod:CursedShiv","floor":13.0},{"not_picked":["TheCursedMod:Stigma","TheCursedMod:SaltUponWound"],"picked":"TheCursedMod:Stretching","floor":14.0},{"not_picked":["TheCursedMod:ForbiddenAlchemy","TheCursedMod:UltimatePain"],"picked":"TheCursedMod:CircleOfAbyss","floor":16.0},{"not_picked":["TheCursedMod:Obscuration+1","TheCursedMod:CircleOfFocus+1"],"picked":"TheCursedMod:PrepareRite","floor":18.0},{"not_picked":["TheCursedMod:CursedBlade","TheCursedMod:PrepareRite+1"],"picked":"TheCursedMod:SpitefulStrike","floor":22.0},{"not_picked":["TheCursedMod:SmokeScreen","TheCursedMod:DemonicPact"],"picked":"TheCursedMod:Obscuration+1","floor":24.0},{"not_picked":["TheCursedMod:SoulCrush+1","TheCursedMod:CursedBlade"],"picked":"TheCursedMod:FleshFromBone","floor":27.0},{"not_picked":["TheCursedMod:Stigma+1","TheCursedMod:Torture"],"picked":"TheCursedMod:WearCloak","floor":28.0},{"not_picked":["TheCursedMod:FleshFromBone","TheCursedMod:SurpriseAttack"],"picked":"TheCursedMod:WearCloak+1","floor":29.0},{"not_picked":["TheCursedMod:Stretching","TheCursedMod:CursedMace"],"picked":"TheCursedMod:CircleOfCorruption","floor":31.0},{"not_picked":["TheCursedMod:ForbiddenAlchemy","TheCursedMod:Neurasthenia"],"picked":"TheCursedMod:ParallelWorld","floor":33.0},{"not_picked":["TheCursedMod:Obscuration+1","TheCursedMod:TroublousMinions"],"picked":"TheCursedMod:HellfireBreathing","floor":35.0},{"not_picked":["TheCursedMod:SoulReap+1","TheCursedMod:TacticalStrike"],"picked":"TheCursedMod:LuckyCharm","floor":37.0},{"not_picked":["Secret Weapon","Finesse"],"picked":"Panacea","floor":38.0},{"not_picked":["TheCursedMod:FleshFromBone+1","TheCursedMod:CursedAmulet+1"],"picked":"TheCursedMod:CursedSpellbook+1","floor":39.0},{"not_picked":["TheCursedMod:PrepareRite+1","TheCursedMod:StingEye"],"picked":"TheCursedMod:TroublousMinions","floor":40.0},{"not_picked":["TheCursedMod:TacticalStrike","TheCursedMod:VitalStrike"],"picked":"TheCursedMod:CircleOfAmplification","floor":41},{"not_picked":["TheCursedMod:AshesToAshes","TheCursedMod:SmokeScreen"],"picked":"TheCursedMod:Stretching+1","floor":42},{"not_picked":["TheCursedMod:CursedAmulet+1","TheCursedMod:SaltUponWound"],"picked":"TheCursedMod:CircleOfCorruption+1","floor":44},{"not_picked":["TheCursedMod:CursedRelics","TheCursedMod:HellsGateOpen"],"picked":"TheCursedMod:CircleOfCorruption","floor":45},{"not_picked":["TheCursedMod:RavingStaff","TheCursedMod:Torture"],"picked":"TheCursedMod:Hemoplague","floor":47},{"not_picked":["TheCursedMod:CursedAmulet+1","TheCursedMod:CircleOfWindfury"],"picked":"TheCursedMod:CircleOfFlame+1","floor":48}],"player_experience":77341,"relics_obtained":[{"floor":6.0,"key":"Mercury Hourglass"},{"floor":9.0,"key":"FossilizedHelix"},{"floor":13.0,"key":"Torii"},{"floor":24.0,"key":"Bird Faced Urn"},{"floor":25.0,"key":"Enchiridion"},{"floor":26.0,"key":"Pen Nib"},{"floor":40.0,"key":"InkBottle"},{"floor":41,"key":"Old Coin"},{"floor":43,"key":"PreservedInsect"},{"floor":45,"key":"MawBank"}],"event_choices":[{"damage_healed":0.0,"max_hp_gain":0.0,"max_hp_loss":0.0,"gold_gain":0.0,"cards_transformed":["TheCursedMod:Strike_TheCursed"],"event_name":"Living Wall","player_choice":"Change","floor":4.0,"gold_loss":0.0,"damage_taken":0.0,"cards_obtained":["TheCursedMod:ForbiddenAlchemy"]},{"damage_healed":0.0,"max_hp_gain":0.0,"max_hp_loss":0.0,"gold_gain":100.0,"event_name":"Golden Shrine","player_choice":"Pray","floor":5.0,"gold_loss":0.0,"damage_taken":0.0},{"damage_healed":0.0,"max_hp_gain":0.0,"max_hp_loss":0.0,"gold_gain":0.0,"event_name":"Addict","player_choice":"Stole Relic","floor":21.0,"gold_loss":0.0,"damage_taken":0.0,"relics_obtained":["Bronze Scales"],"cards_obtained":["Shame"]},{"damage_healed":0.0,"max_hp_gain":0.0,"max_hp_loss":0.0,"gold_gain":0.0,"event_name":"Cursed Tome","player_choice":"Obtained Book","floor":25.0,"gold_loss":0.0,"damage_taken":16.0},{"damage_healed":19.0,"max_hp_gain":0.0,"max_hp_loss":0.0,"gold_gain":0.0,"event_name":"Winding Halls","player_choice":"Writhe","floor":36.0,"gold_loss":0.0,"damage_taken":0.0,"cards_obtained":["Writhe"]},{"damage_healed":0.0,"max_hp_gain":0.0,"max_hp_loss":0.0,"gold_gain":0.0,"event_name":"SensoryStone","player_choice":"Memory 1","floor":38.0,"gold_loss":0.0,"damage_taken":0.0},{"damage_healed":0,"gold_gain":0,"player_choice":"Fight","damage_taken":0,"max_hp_gain":0,"max_hp_loss":0,"event_name":"MindBloom","floor":41,"gold_loss":0}],"is_beta":false,"boss_relics":[{"not_picked":["Velvet Choker","Snecko Eye"],"picked":"Cursed Key"},{"not_picked":["Coffee Dripper","SlaversCollar"],"picked":"SacredBark"}],"items_purged_floors":[],"is_endless":false,"potions_floor_spawned":[2,3,8,13,16,18,24,28,31,35,40,42,45],"ascension_level":0}}