{"host":"Ringo","time":1613133848,"event":{"mods":["BaseMod","Colored Map","Conspire","Dota2Spire","Hubris","Minty Spire (QoL Compilation)","Replay The Spire","StSLib","The Construct","[IsaacMod]ÒÔÈö¼âËþ","¡¾ÒÅÎï¿¨ÅÆ¡¿REMEMod"],"gold_per_floor":[111,124,274,274,61,94,106,138,186,186,220,249,283,317,317,392,392,407,420,438,438,385,415,433,490,515,544,588,620,167,193,193,269,269,282,282,282,113,138,171,171,206,206,223,258,284,302,337,337,337,337],"floor_reached":52,"language":"ZHS","playtime":1309,"items_purged":["Doubt"],"score":3895,"play_id":"8bad78df-9c7f-4dba-b9c9-e4f261a4548e","local_time":"20210212204408","daily_mods":["SealedDeck","Vintage","Colorless Cards","Heirloom","Time Dilation","Flight","DeadlyEvents","Elite Swarm","Lethality","Binary"],"is_ascension_mode":true,"campfire_choices":[{"data":"REME_Scribble","floor":10,"key":"SMITH"},{"data":"Armaments","floor":15,"key":"SMITH"},{"data":"ReplayTheSpireMod:Muscle Training","floor":32,"key":"SMITH"},{"data":"ReplayTheSpireMod:Private Reserves","floor":41,"key":"SMITH"},{"data":"Jack Of All Trades","floor":49,"key":"SMITH"}],"circlet_count":0,"master_deck":["AscendersBane","Jack Of All Trades+1","Warcry","Iron Wave","Cleave","Sword Boomerang+1","Seeing Red","Thunderclap","Replay:Undeath\u0027s Touch","Twin Strike+1","Flex","Armaments+1","Pommel Strike","REME_Scribble+1","Conserve Battery","Shrug It Off","Dropkick","ReplayTheSpireMod:Muscle Training+1","ReplayTheSpireMod:Private Reserves+1"],"relics":["Burning Blood","Busted Crown","HushsDoor","REME_ComplimentaryCards","Ring of Chaos","replay:Trail_Library","Turnip","SatanicBible","ReplayTheSpireMod:Spearhead","Replay:Mystery Machine","ReplayTheSpireMod:TigerMarble","conspire:TopHat","Replay:Bottled Snecko","Omamori","Shuriken","Regal Pillow","Dota2Spire:BattleFury","Dota2Spire:DrumOfEndurance","ReplayTheSpireMod:DimensionalGlitch","TheBean","BookOfRevelations","BookofShadows","Bronze Scales","hubris:Zylophone","Tiny Chest","hubris:TenFootPole","BFFS","BelialBook","Toy Ornithopter","GuppysHead","Dota2Spire:EchoSabre","Dota2Spire:Bloodstone","GuppysHairball","Pen Nib","hubris:Icosahedron","hubris:Towel","conspire:TreasureMap","Ancient Tea Set","hubris:Metronome","Gremlin Horn","TheBible","Onion Ring","ReplayTheSpireMod:Ninjato","Anchor","Blue Candle","Champion Belt"],"acts_visited":["Exordium","TheCity","TheBeyond"],"potions_floor_usage":[11,12,16,19,24,33,33,50,51],"damage_taken":[{"damage":0,"enemies":"Jaw Worm","floor":1,"turns":1},{"damage":0,"enemies":"Small Slimes","floor":2,"turns":1},{"damage":0,"enemies":"Replay:BlueRogue","floor":6,"turns":1},{"damage":0,"enemies":"2 Louse","floor":7,"turns":1},{"damage":0,"enemies":"3 Sentries","floor":8,"turns":2},{"damage":0,"enemies":"Lagavulin","floor":11,"turns":3},{"damage":0,"enemies":"Gremlin Nob","floor":12,"turns":1},{"damage":0,"enemies":"Replay:BlueRogue","floor":13,"turns":1},{"damage":0,"enemies":"Lagavulin","floor":14,"turns":2},{"damage":0,"enemies":"Hexaghost","floor":16,"turns":1},{"damage":0,"enemies":"Chosen","floor":18,"turns":2},{"damage":0,"enemies":"conspire:FuzzyDice","floor":19,"turns":1},{"damage":0,"enemies":"Centurion and Healer","floor":20,"turns":2},{"damage":0,"enemies":"conspire:Head Lice","floor":23,"turns":2},{"damage":0,"enemies":"Snecko","floor":24,"turns":3},{"damage":0,"enemies":"Slavers","floor":25,"turns":2},{"damage":0,"enemies":"Gremlin Leader","floor":27,"turns":2},{"damage":5,"enemies":"conspire:Head Lice","floor":28,"turns":3},{"damage":0,"enemies":"Gremlin Leader","floor":29,"turns":1},{"damage":0,"enemies":"conspire:SneckoGhost","floor":31,"turns":2},{"damage":0,"enemies":"hubris:MusketHawk","floor":33,"turns":1},{"damage":0,"enemies":"Orb Walker","floor":35,"turns":1},{"damage":0,"enemies":"R_Hoarder","floor":40,"turns":2},{"damage":5,"enemies":"Reptomancer","floor":42,"turns":1},{"damage":0,"enemies":"3 Darklings","floor":44,"turns":1},{"damage":0,"enemies":"Nemesis","floor":45,"turns":1},{"damage":0,"enemies":"R_Hoarder","floor":46,"turns":1},{"damage":0,"enemies":"Spire Growth","floor":47,"turns":2},{"damage":0,"enemies":"Giant Head","floor":48,"turns":2},{"damage":0,"enemies":"Donu and Deca","floor":50,"turns":1},{"damage":0,"enemies":"Time Eater","floor":51,"turns":1}],"seed_played":"-5124331990438772740","potions_obtained":[{"floor":2,"key":"Swift Potion"},{"floor":8,"key":"Explosive Potion"},{"floor":13,"key":"LiquidMemories"},{"floor":14,"key":"Fire Potion"},{"floor":16,"key":"SmokeBomb"},{"floor":19,"key":"construct:ShiftPotion"},{"floor":23,"key":"Toxic Potion"},{"floor":27,"key":"Strength Potion"},{"floor":42,"key":"Dexterity Potion"},{"floor":45,"key":"Doom Potion"}],"is_trial":true,"path_per_floor":["M","M","?","?","$","E","M","E","T","R","E","E","E","E","R","B",null,"M","M","M","?","$","E","M","E","T","E","E","E","$","E","R","B",null,"M","?","?","$","T","E","R","E","T","M","E","E","M","E","R","B","B",null],"character_chosen":"IRONCLAD","items_purchased":["Flex","Armaments","Pommel Strike","Shrug It Off","Dropkick","ReplayTheSpireMod:Muscle Training","GuppysHead","GuppysHairball","conspire:TreasureMap"],"campfire_rested":0,"item_purchase_floors":[5,5,5,22,30,30,30,34,38],"current_hp_per_floor":[74,75,75,52,52,58,64,70,70,70,75,75,75,78,78,81,81,84,84,87,87,87,90,93,96,96,99,99,104,104,108,108,108,98,98,98,98,98,98,98,98,98,98,101,104,104,107,110,110,113,116],"gold":337,"neow_bonus":"","is_daily":false,"chose_seed":false,"campfire_upgraded":5,"win_rate":0.0,"timestamp":1613133848,"path_taken":["M","M","?","?","$","E","?","E","T","R","E","E","?","E","R","BOSS","M","M","M","?","$","E","M","E","T","E","E","E","?","E","R","BOSS","M","?","?","$","?","E","R","E","T","M","E","E","M","?","R","BOSS","BOSS"],"items_purchased_type":["Card","Card","Card","Card","Card","Card","Relic","Relic","Relic"],"build_version":"2020-12-18","purchased_purges":1,"victory":true,"max_hp_per_floor":[75,75,75,75,75,75,75,72,72,72,75,75,75,78,78,81,81,84,84,87,87,87,90,93,96,96,99,102,105,105,108,108,108,98,98,98,98,98,98,98,98,101,101,101,104,104,107,110,110,113,116],"card_choices":[],"player_experience":681299,"relics_obtained":[{"floor":1,"key":"ReplayTheSpireMod:Spearhead"},{"floor":2,"key":"Replay:Mystery Machine"},{"floor":6,"key":"ReplayTheSpireMod:TigerMarble"},{"floor":7,"key":"conspire:TopHat"},{"floor":8,"key":"Replay:Bottled Snecko"},{"floor":9,"key":"Omamori"},{"floor":11,"key":"Shuriken"},{"floor":12,"key":"Regal Pillow"},{"floor":13,"key":"Dota2Spire:BattleFury"},{"floor":14,"key":"Dota2Spire:DrumOfEndurance"},{"floor":18,"key":"TheBean"},{"floor":19,"key":"BookOfRevelations"},{"floor":20,"key":"BookofShadows"},{"floor":23,"key":"Bronze Scales"},{"floor":24,"key":"hubris:Zylophone"},{"floor":25,"key":"Tiny Chest"},{"floor":26,"key":"hubris:TenFootPole"},{"floor":27,"key":"BFFS"},{"floor":28,"key":"BelialBook"},{"floor":29,"key":"Toy Ornithopter"},{"floor":31,"key":"Dota2Spire:EchoSabre"},{"floor":35,"key":"Pen Nib"},{"floor":39,"key":"Ancient Tea Set"},{"floor":40,"key":"hubris:Metronome"},{"floor":42,"key":"Gremlin Horn"},{"floor":43,"key":"TheBible"},{"floor":44,"key":"Onion Ring"},{"floor":45,"key":"ReplayTheSpireMod:Ninjato"},{"floor":46,"key":"Anchor"},{"floor":47,"key":"Blue Candle"},{"floor":48,"key":"Champion Belt"}],"event_choices":[{"damage_healed":0,"gold_gain":150,"player_choice":"AGREE","damage_taken":0,"max_hp_gain":0,"max_hp_loss":0,"event_name":"Liars Game","floor":3,"gold_loss":0,"cards_obtained":["Doubt"]},{"damage_healed":0,"gold_gain":0,"player_choice":"Entered Light","damage_taken":23,"max_hp_gain":0,"max_hp_loss":0,"event_name":"Shining Light","floor":4,"gold_loss":0,"cards_upgraded":["Sword Boomerang","Twin Strike"]}],"is_beta":true,"boss_relics":[{"not_picked":["Black Blood","Replay:Bronze Core"],"picked":"ReplayTheSpireMod:DimensionalGlitch"},{"not_picked":[]},{"not_picked":["construct:ClawGrip","Mark of Pain"],"picked":"Dota2Spire:Bloodstone"},{"not_picked":[]}],"items_purged_floors":[5],"is_endless":false,"potions_floor_spawned":[2,8,13,14,16,19,23,27,31,42,45,46,47],"ascension_level":20}}