{"host":"5hsgormuu0lj4iiq","time":1613089864,"event":{"mods":["AchievementEnabler","BaseMod","Colored Map","Colored Powertips","Minty Spire (QoL Compilation)","Quick Restart","Relic Stats","SuperFastMode","everything is the same but u backflip on backflip","slay the spire mod where everything is the same but ironclad has a cowboy hat"],"gold_per_floor":[14,14,89,89,103,130,130,130,130],"floor_reached":8,"language":"ENG","playtime":149,"items_purged":[],"score":86,"play_id":"1cd2cf00-fa8e-4826-9973-06751a1c7a41","local_time":"20210211193104","is_ascension_mode":true,"campfire_choices":[{"data":"Doom and Gloom","floor":7,"key":"SMITH"}],"circlet_count":0,"master_deck":["AscendersBane","Strike_B","Strike_B","Strike_B","Defend_B","Defend_B","Defend_B","Defend_B","Zap","Dualcast","Rainbow","Self Repair","Scrape","Conserve Battery","Doom and Gloom+1"],"relics":["Cracked Core","Oddly Smooth Stone"],"acts_visited":["Exordium"],"potions_floor_usage":[],"damage_taken":[{"damage":2,"enemies":"Jaw Worm","floor":1,"turns":5},{"damage":9,"enemies":"2 Louse","floor":5,"turns":2},{"damage":30,"enemies":"Gremlin Nob","floor":6,"turns":4},{"damage":24,"enemies":"Lagavulin","floor":8,"turns":3}],"seed_played":"-1401815175724560687","potions_obtained":[{"floor":1,"key":"AttackPotion"}],"is_trial":false,"path_per_floor":["M","?","?","$","M","E","R","E"],"character_chosen":"DEFECT","items_purchased":[],"campfire_rested":0,"item_purchase_floors":[],"current_hp_per_floor":[66,66,55,55,46,23,23,0,0],"gold":130,"neow_bonus":"THREE_RARE_CARDS","is_daily":false,"chose_seed":false,"campfire_upgraded":1,"win_rate":0.0,"timestamp":1613089864,"path_taken":["M","?","?","?","M","E","R","E"],"items_purchased_type":[],"build_version":"2020-12-22","purchased_purges":0,"victory":false,"max_hp_per_floor":[75,75,75,75,75,75,75,75,75],"relic_stats":{"counters":[4,14],"obtain_stats":[{"Oddly Smooth Stone":6,"Cracked Core":0},{"Oddly Smooth Stone":3,"Cracked Core":0},{"Oddly Smooth Stone":11,"Cracked Core":0}]},"card_choices":[{"not_picked":["Amplify","Fission"],"picked":"Rainbow","floor":0},{"not_picked":["Skim","Hello World"],"picked":"Self Repair","floor":1},{"not_picked":["Barrage","Turbo"],"picked":"Conserve Battery","floor":5},{"not_picked":["Turbo","Meteor Strike"],"picked":"Doom and Gloom","floor":6}],"player_experience":728316,"relics_obtained":[{"floor":6,"key":"Oddly Smooth Stone"}],"event_choices":[{"damage_healed":0,"gold_gain":0,"cards_transformed":["Strike_B"],"player_choice":"Change","damage_taken":0,"max_hp_gain":0,"max_hp_loss":0,"event_name":"Living Wall","floor":2,"gold_loss":0,"cards_obtained":["Scrape"]},{"damage_healed":0,"gold_gain":75,"player_choice":"Gather Gold","damage_taken":11,"max_hp_gain":0,"max_hp_loss":0,"event_name":"World of Goop","floor":3,"gold_loss":0}],"is_beta":false,"boss_relics":[],"items_purged_floors":[],"is_endless":false,"potions_floor_spawned":[1],"killed_by":"Lagavulin","ascension_level":12}}