{"host":"8iaoobhpyvel1t4g","time":1613121971,"event":{"mods":["Aspiration","BaseMod","Colored Map","Conspire","Energized Spire","Friendly Minions","Highlight Path","Hubris","Minty Spire (QoL Compilation)","Permanent Neow","Quick Restart","Reliquary","Replay The Spire","StSLib","SuperFastMode","The Blackbeard","The Servant 0.9.4","TheVacant","Weighted Paths"],"gold_per_floor":[113,5,36,36,36,67,67,101,101,101,121,121,163,175,175,292,292,321,321,88,122,155,155,155,155,155,155,208,243,270,270,270,387,387,402,402,434,434,470,500,500,568,568,568,585,90,123,123,123,163,163,163,38,105,145,145,145],"floor_reached":55,"language":"ENG","playtime":2720,"items_purged":["blackbeard:BlackbeardStrike"],"score":1054,"play_id":"074cc95d-2af5-4df3-beeb-82c28e229f7d","local_time":"20210212042611","is_ascension_mode":false,"campfire_choices":[{"data":"blackbeard:BeatUp","floor":7.0,"key":"SMITH"},{"data":"Neutralize","floor":10.0,"key":"SMITH"},{"data":"blackbeard:PirateEarring","floor":15,"key":"SMITH"},{"data":"blackbeard:WeaponMastery","floor":23,"key":"SMITH"},{"data":"blackbeard:Rum","floor":25,"key":"SMITH"},{"data":"blackbeard:BuriedTreasure","floor":27,"key":"SMITH"},{"data":"blackbeard:Parrot","floor":32,"key":"SMITH"},{"data":"blackbeard:IntimidatingStrike","floor":41,"key":"SMITH"},{"floor":44,"key":"RECALL"},{"data":"blackbeard:BoostMorale","floor":49,"key":"SMITH"},{"data":"blackbeard:IntimidatingStrike","floor":52,"key":"SMITH"}],"circlet_count":0,"master_deck":["blackbeard:BlackbeardStrike","blackbeard:BlackbeardStrike","blackbeard:BlackbeardStrike","blackbeard:IntimidatingStrike+1","blackbeard:BlackbeardDefend","blackbeard:BlackbeardDefend","blackbeard:BlackbeardDefend","blackbeard:BlackbeardDefend","blackbeard:WeaponMastery+1","blackbeard:BeatUp+1","blackbeard:RearmingStrike","blackbeard:RearmingStrike","blackbeard:PirateEarring+1","blackbeard:Toast","Neutralize+1","blackbeard:ReapersScythe","blackbeard:BuriedTreasure+1","blackbeard:DelayedPain","blackbeard:GoldenCannonball","blackbeard:Toast","blackbeard:BoostMorale","blackbeard:Scrap","blackbeard:CloakAndCannonball+1","blackbeard:Rum+1","blackbeard:Parrot+1","blackbeard:RemoveScurvy+1","blackbeard:Lifeboat","blackbeard:ReapersScythe","blackbeard:Anchor+1","Dark Shackles","blackbeard:DoubleCannonball+1","blackbeard:BlackbeardStrike","blackbeard:BlackbeardStrike","blackbeard:IntimidatingStrike+1","blackbeard:BlackbeardDefend","blackbeard:BlackbeardDefend","blackbeard:BlackbeardDefend","blackbeard:BlackbeardDefend","blackbeard:WeaponMastery+1","blackbeard:BeatUp+1","blackbeard:RearmingStrike","blackbeard:PirateEarring+1","blackbeard:Toast","Neutralize+1","blackbeard:ReapersScythe","blackbeard:BuriedTreasure+1","blackbeard:DelayedPain","blackbeard:GoldenCannonball","blackbeard:Toast","blackbeard:BoostMorale+1","blackbeard:Scrap","blackbeard:CloakAndCannonball+1","blackbeard:Rum+1","blackbeard:Parrot+1","blackbeard:RemoveScurvy+1","blackbeard:Lifeboat","blackbeard:ReapersScythe","blackbeard:Anchor+1","Dark Shackles","blackbeard:DoubleCannonball+1","blackbeard:CatONineTails+1","blackbeard:Shrapnel+1","blackbeard:WoodenLeg+1","blackbeard:WiseDefense+1"],"relics":["aspiration:FetidBarrel","m_SerpentRing","reliquary:Boomerang","Mummified Hand","Blue Candle","The Courier","reliquary:KinkedSpring","MutagenicStrength","blackbeard:CrossedSwords","blackbeard:WhitePearl","Replay:Bottled Flurry","MealTicket","ReplayFunnel","hubris:BottledHeart","aspiration:SecretTechniqueScroll","reliquary:PorcupineQuills","blackbeard:BloodOrange","aspiration:Lifesprig","Ninja Scroll","Strange Spoon","Replay:Wax Seal"],"acts_visited":["Exordium","TheCity","TheBeyond","TheEnding"],"potions_floor_usage":[13,28,37,40,50,55,55],"damage_taken":[{"damage":1.0,"enemies":"2 Louse","floor":1.0,"turns":3.0},{"damage":14.0,"enemies":"conspire:MimicChest","floor":3.0,"turns":3.0},{"damage":2.0,"enemies":"3 Sentries","floor":6.0,"turns":5.0},{"damage":10.0,"enemies":"Gremlin Nob","floor":8.0,"turns":3.0},{"damage":0.0,"enemies":"Jaw Worm","floor":11.0,"turns":1.0},{"damage":7,"enemies":"Lagavulin","floor":13,"turns":4},{"damage":0,"enemies":"Small Slimes","floor":14,"turns":2},{"damage":15,"enemies":"Slime Boss","floor":16,"turns":9},{"damage":9,"enemies":"Shell Parasite","floor":18,"turns":4},{"damage":0,"enemies":"3 Byrds","floor":21,"turns":4},{"damage":0,"enemies":"Centurion and Healer","floor":22,"turns":3},{"damage":10,"enemies":"Slavers","floor":28,"turns":4},{"damage":0,"enemies":"Snake Plant","floor":29,"turns":4},{"damage":10,"enemies":"conspire:SneckoGhost","floor":30,"turns":3},{"damage":0,"enemies":"Automaton","floor":33,"turns":9},{"damage":0,"enemies":"3 Shapes","floor":35,"turns":2},{"damage":0,"enemies":"Orb Walker","floor":37,"turns":3},{"damage":0,"enemies":"Writhing Mass","floor":39,"turns":5},{"damage":0,"enemies":"R_Hoarder","floor":40,"turns":3},{"damage":0,"enemies":"Nemesis","floor":42,"turns":5},{"damage":0,"enemies":"4 Shapes","floor":45,"turns":3},{"damage":0,"enemies":"Spire Growth","floor":47,"turns":2},{"damage":0,"enemies":"Awakened One","floor":50,"turns":8},{"damage":0,"enemies":"Shield and Spear","floor":54,"turns":6},{"damage":5,"enemies":"The Heart","floor":55,"turns":6}],"seed_played":"5105729290322012549","potions_obtained":[{"floor":1.0,"key":"Explosive Potion"},{"floor":8.0,"key":"Languid Potion"},{"floor":21,"key":"ColorlessPotion"},{"floor":22,"key":"Fire Potion"},{"floor":30,"key":"Elixir"},{"floor":33,"key":"BlessingOfTheForge"},{"floor":39,"key":"Swift Potion"},{"floor":45,"key":"Elixir"},{"floor":47,"key":"Languid Potion"},{"floor":54,"key":"ColorlessPotion"}],"is_trial":false,"path_per_floor":["M","$","?","?","?","E","R","E","T","R","M","?","E","M","R","B",null,"M","?","$","M","M","R","?","R","T","R","E","M","E","?","R","B",null,"M","?","M","?","M","E","R","E","T","R","M","$","M","?","R","B",null,"R","$","E","B"],"character_chosen":"BLACKBEARD_CLASS","items_purchased":["blackbeard:RearmingStrike","blackbeard:PirateEarring","blackbeard:CrossedSwords","blackbeard:WhitePearl","blackbeard:BloodOrange","aspiration:Lifesprig","Ninja Scroll","Strange Spoon"],"campfire_rested":0,"item_purchase_floors":[2,2,20,20,46,46,46,53],"current_hp_per_floor":[74,74,60,60,60,58,58,48,48,48,48,48,41,41,41,26,75,66,66,66,66,66,66,66,66,66,66,56,56,54,1,1,1,1,1,1,1,1,1,1,1,1,1,1,1,1,1,1,1,1,1,1,1,1,0,0,0],"gold":145,"neow_bonus":"ONE_RANDOM_RARE_CARD","is_daily":false,"chose_seed":false,"campfire_upgraded":10,"win_rate":0.0,"timestamp":1613121971,"path_taken":["M","$","?","?","?","E","R","E","T","R","?","?","E","?","R","BOSS","M","?","$","M","M","R","?","R","T","R","E","?","E","?","R","BOSS","M","?","M","?","M","E","R","E","T","R","?","$","M","?","R","BOSS","R","$","E","BOSS"],"items_purchased_type":["Card","Card","Relic","Relic","Relic","Relic","Relic","Relic"],"build_version":"2020-12-22","purchased_purges":1,"victory":false,"max_hp_per_floor":[75,75,75,75,75,75,75,75,75,75,75,75,75,75,75,75,75,75,75,75,75,75,75,75,75,75,75,75,75,75,1,1,1,1,1,1,1,1,1,1,1,1,1,1,1,1,1,1,1,1,1,1,1,1,1,1,1],"card_choices":[{"not_picked":["blackbeard:GhostInTheRum","blackbeard:Spear"],"picked":"blackbeard:BeatUp","floor":1.0},{"not_picked":["blackbeard:WiseDefense","blackbeard:BeatUp"],"picked":"blackbeard:Toast","floor":3.0},{"not_picked":["blackbeard:BuriedTreasure","blackbeard:WeaponProficiency"],"picked":"blackbeard:ReapersScythe","floor":6.0},{"not_picked":["blackbeard:GoldenDefense","Choke"],"picked":"blackbeard:BuriedTreasure","floor":8.0},{"not_picked":["blackbeard:PiratesWill","blackbeard:BeatUp"],"picked":"blackbeard:DelayedPain","floor":11.0},{"not_picked":["blackbeard:DoubleBottom","blackbeard:Sword"],"picked":"blackbeard:Toast","floor":13},{"not_picked":["blackbeard:RearmingStrike","blackbeard:SwordDance","blackbeard:Upgrade"],"picked":"SKIP","floor":14},{"not_picked":["After Image","blackbeard:TheDrunkenSailor"],"picked":"blackbeard:BoostMorale","floor":16},{"not_picked":["blackbeard:WeaponProficiency","blackbeard:SwordDance+1"],"picked":"blackbeard:Scrap","floor":18},{"not_picked":["blackbeard:GoldenDefense+1","blackbeard:DangerousBlow","blackbeard:TacticalRetreat"],"picked":"SKIP","floor":21},{"not_picked":["blackbeard:BeatUp","blackbeard:PiratesWill"],"picked":"blackbeard:CloakAndCannonball+1","floor":22},{"not_picked":["blackbeard:Scrap","blackbeard:FieryDefense"],"picked":"blackbeard:Parrot","floor":28},{"not_picked":["blackbeard:Spear","blackbeard:Toast"],"picked":"blackbeard:RemoveScurvy+1","floor":29},{"not_picked":["blackbeard:BeatUp","blackbeard:CaptainsCabin"],"picked":"blackbeard:Lifeboat","floor":30},{"not_picked":["blackbeard:UndeadForm","blackbeard:FinalBarrage"],"picked":"blackbeard:ReapersScythe","floor":33},{"not_picked":["blackbeard:InfiniteBarrage","blackbeard:Eyepatch+1"],"picked":"blackbeard:Anchor+1","floor":35},{"not_picked":["Impatience","Crow Ritual"],"picked":"Dark Shackles","floor":36},{"not_picked":["blackbeard:GoldenStrike","blackbeard:JollyRoger+1"],"picked":"blackbeard:DoubleCannonball+1","floor":37},{"not_picked":["blackbeard:GhostInTheRum","blackbeard:Upgrade+1","blackbeard:Fencing"],"picked":"SKIP","floor":39},{"not_picked":["blackbeard:WiseDefense","blackbeard:CloakAndCannonball"],"picked":"blackbeard:CatONineTails+1","floor":40},{"not_picked":["blackbeard:DelayedPain","blackbeard:CannonBarrage","blackbeard:GoldenStrike+1"],"picked":"SKIP","floor":42},{"not_picked":["blackbeard:BeatUp","blackbeard:BlindAttacks"],"picked":"blackbeard:Shrapnel+1","floor":45},{"not_picked":["blackbeard:Fencing","blackbeard:Rum"],"picked":"blackbeard:WoodenLeg+1","floor":47},{"not_picked":["blackbeard:GoldenGuillotine","blackbeard:Spear+1"],"picked":"blackbeard:WiseDefense+1","floor":54}],"player_experience":330903,"relics_obtained":[{"floor":3.0,"key":"aspiration:FetidBarrel"},{"floor":6.0,"key":"reliquary:Boomerang"},{"floor":8.0,"key":"Mummified Hand"},{"floor":9.0,"key":"Blue Candle"},{"floor":13,"key":"The Courier"},{"floor":26,"key":"Replay:Bottled Flurry"},{"floor":28,"key":"MealTicket"},{"floor":30,"key":"ReplayFunnel"},{"floor":40,"key":"reliquary:PorcupineQuills"},{"floor":42,"key":"reliquary:FerryPass"},{"floor":54,"key":"Replay:Wax Seal"}],"event_choices":[{"damage_healed":0.0,"max_hp_gain":0.0,"max_hp_loss":0.0,"gold_gain":0.0,"event_name":"The Cleric","player_choice":"Leave","floor":5.0,"gold_loss":0.0,"damage_taken":0.0},{"damage_healed":0.0,"max_hp_gain":0.0,"max_hp_loss":0.0,"gold_gain":0.0,"cards_transformed":["blackbeard:BlackbeardStrike"],"event_name":"Transmorgrifier","player_choice":"Transformed","floor":12.0,"gold_loss":0.0,"damage_taken":0.0,"cards_obtained":["blackbeard:GoldenCannonball"]},{"damage_healed":0,"gold_gain":0,"player_choice":"Inject Mutagens","damage_taken":0,"relics_obtained":["MutagenicStrength"],"max_hp_gain":0,"max_hp_loss":0,"event_name":"Drug Dealer","floor":19,"gold_loss":0},{"damage_healed":0,"gold_gain":0,"player_choice":"Read","damage_taken":0,"max_hp_gain":0,"max_hp_loss":0,"event_name":"The Library","floor":24,"gold_loss":0,"cards_obtained":["blackbeard:Rum"]},{"damage_healed":0,"gold_gain":0,"player_choice":"Memory 1","damage_taken":0,"max_hp_gain":0,"max_hp_loss":0,"event_name":"SensoryStone","floor":36,"gold_loss":0},{"cards_removed":["blackbeard:RearmingStrike"],"damage_healed":0,"gold_gain":0,"player_choice":"Removed Attack","damage_taken":0,"max_hp_gain":0,"max_hp_loss":0,"event_name":"Falling","floor":48,"gold_loss":0}],"is_beta":false,"boss_relics":[{"not_picked":["hubris:CrackedHourglass","conspire:SlowCooker"],"picked":"reliquary:KinkedSpring"},{"not_picked":["Pandora\u0027s Box","Tiny House"],"picked":"aspiration:SecretTechniqueScroll"}],"items_purged_floors":[46],"is_endless":false,"potions_floor_spawned":[1,8,21,22,30,33,39,45,47,54],"killed_by":"The Heart","ascension_level":0}}