{"host":"fiyb7gvx7tok3jeh","time":1613132286,"event":{"mods":["BaseMod","Colored Map","Colored Powertips","DeckTracker","Googly Eyes","Highlight Path","Minty Spire (QoL Compilation)"],"gold_per_floor":[116,136,311,323,339,339,339,339,393,32,43,60,60,73,73,198,198,223,243,243,258,258,307,307,327,336,360,133,167,167,25,25,153,153,174,193,193,216,91,134,134,174,255,299,315,415,447,447,447,447,447],"floor_reached":50,"language":"ENG","playtime":4416,"items_purged":["Doubt","Injury","Strike_P"],"score":795,"play_id":"55d0ccd5-e9ec-41eb-aefb-874e730dd78b","local_time":"20210212141806","is_ascension_mode":true,"campfire_choices":[{"data":"Eruption","floor":6,"key":"SMITH"},{"data":"SashWhip","floor":8,"key":"SMITH"},{"floor":15,"key":"REST"},{"data":"Vault","floor":24,"key":"SMITH"},{"data":"Crescendo","floor":30,"key":"SMITH"},{"data":"Vault","floor":32,"key":"SMITH"},{"floor":41,"key":"RECALL"},{"floor":49,"key":"REST"}],"circlet_count":0,"master_deck":["Strike_P+1","Defend_P+1","Defend_P+1","Eruption+1","Vigilance+1","Consecrate+1","Wireheading+1","SashWhip+1","FlurryOfBlows+1","ThirdEye+1","Crescendo+1","CutThroughFate+1","Vault+1","Scrawl+1","CutThroughFate+1","Protect+1","LessonLearned+1","Weave+1","Vault+1","ClearTheMind","Protect+1"],"relics":["PureWater","Anchor","Singing Bowl","Golden Idol","Cursed Key","CeramicFish","TeardropLocket","Black Star","Omamori","War Paint","Boot","Potion Belt","Shuriken","Bag of Preparation"],"acts_visited":["Exordium","TheCity","TheBeyond"],"potions_floor_usage":[12,23,33,38,42,44,50],"damage_taken":[{"damage":0,"enemies":"Small Slimes","floor":1,"turns":2},{"damage":4,"enemies":"Jaw Worm","floor":2,"turns":3},{"damage":0,"enemies":"Cultist","floor":4,"turns":2},{"damage":9,"enemies":"Blue Slaver","floor":5,"turns":2},{"damage":0,"enemies":"2 Fungi Beasts","floor":11,"turns":2},{"damage":0,"enemies":"Gremlin Gang","floor":12,"turns":1},{"damage":0,"enemies":"3 Louse","floor":14,"turns":2},{"damage":18,"enemies":"The Guardian","floor":16,"turns":12},{"damage":0,"enemies":"Shell Parasite","floor":18,"turns":4},{"damage":3,"enemies":"2 Thieves","floor":19,"turns":3},{"damage":0,"enemies":"Snecko","floor":21,"turns":3},{"damage":8,"enemies":"Gremlin Leader","floor":23,"turns":3},{"damage":11,"enemies":"Shelled Parasite and Fungi","floor":25,"turns":3},{"damage":0,"enemies":"3 Cultists","floor":27,"turns":3},{"damage":0,"enemies":"Chosen and Byrds","floor":29,"turns":4},{"damage":25,"enemies":"Champ","floor":33,"turns":8},{"damage":0,"enemies":"Orb Walker","floor":35,"turns":2},{"damage":5,"enemies":"3 Shapes","floor":36,"turns":12},{"damage":8,"enemies":"Writhing Mass","floor":38,"turns":5},{"damage":0,"enemies":"Giant Head","floor":40,"turns":5},{"damage":3,"enemies":"Nemesis","floor":42,"turns":7},{"damage":0,"enemies":"Reptomancer","floor":44,"turns":6},{"damage":0,"enemies":"Maw","floor":45,"turns":4},{"damage":0,"enemies":"Transient","floor":47,"turns":6},{"damage":103,"enemies":"Time Eater","floor":50,"turns":9}],"seed_played":"6499380352713005121","potions_obtained":[{"floor":1,"key":"Explosive Potion"},{"floor":2,"key":"Weak Potion"},{"floor":11,"key":"DistilledChaos"},{"floor":16,"key":"StancePotion"},{"floor":19,"key":"Explosive Potion"},{"floor":21,"key":"AttackPotion"},{"floor":25,"key":"Fire Potion"},{"floor":33,"key":"BlessingOfTheForge"},{"floor":40,"key":"SkillPotion"},{"floor":44,"key":"Weak Potion"}],"is_trial":false,"path_per_floor":["M","M","?","M","M","R","?","R","T","$","M","M","?","M","R","B",null,"M","M","?","M","?","E","R","M","T","M","$","M","R","$","R","B",null,"M","M","?","M","$","E","R","E","T","E","M","?","M","?","R","B"],"character_chosen":"WATCHER","items_purchased":["Singing Bowl","ThirdEye","LessonLearned","Vault"],"campfire_rested":2,"item_purchase_floors":[10,10,28,31],"current_hp_per_floor":[51,47,47,47,38,38,38,38,38,38,38,38,20,20,41,23,60,60,59,59,59,74,66,66,57,57,59,59,59,59,59,59,36,69,71,68,68,62,62,64,64,63,63,63,65,65,65,65,92,0,0],"gold":447,"neow_bonus":"REMOVE_TWO","is_daily":false,"chose_seed":false,"campfire_upgraded":5,"win_rate":0.0,"timestamp":1613132286,"path_taken":["M","M","?","M","M","R","?","R","T","$","M","?","?","M","R","BOSS","M","M","?","?","?","E","R","M","T","M","?","M","R","$","R","BOSS","M","M","?","M","$","E","R","E","T","E","?","?","?","?","R","BOSS"],"items_purchased_type":["Relic","Card","Card","Card"],"build_version":"2020-12-22","purchased_purges":3,"victory":false,"max_hp_per_floor":[72,72,72,72,72,72,72,72,72,72,72,72,72,72,72,72,72,72,74,74,74,74,74,74,76,76,78,78,78,78,78,78,80,80,82,84,84,86,86,88,88,90,90,90,92,92,92,92,92,92,92],"card_choices":[{"not_picked":["Swivel","EmptyFist"],"picked":"Consecrate","floor":1},{"not_picked":["Fasting2","Indignation"],"picked":"Wireheading","floor":2},{"not_picked":["FollowUp","WreathOfFlame"],"picked":"SashWhip","floor":4},{"not_picked":["Consecrate","Indignation","JustLucky"],"picked":"SKIP","floor":5},{"not_picked":["Perseverance","WaveOfTheHand"],"picked":"Crescendo","floor":11},{"not_picked":["Protect","PathToVictory"],"picked":"CutThroughFate","floor":12},{"not_picked":["SandsOfTime","Collect"],"picked":"Vault","floor":14},{"not_picked":["Ragnarok","DeusExMachina"],"picked":"Scrawl","floor":16},{"not_picked":["FollowUp","Consecrate"],"picked":"Wireheading","floor":18},{"not_picked":["Prostrate","FlyingSleeves","Swivel"],"picked":"Singing Bowl","floor":19},{"not_picked":["FollowUp","FlurryOfBlows"],"picked":"CutThroughFate+1","floor":21},{"not_picked":["TalkToTheHand","Adaptation"],"picked":"Protect+1","floor":23},{"not_picked":["WheelKick","Fasting2","Judgement"],"picked":"Singing Bowl","floor":25},{"not_picked":["BowlingBash+1","EmptyBody","EmptyFist"],"picked":"Singing Bowl","floor":27},{"not_picked":["Swivel","EmptyBody"],"picked":"Weave+1","floor":29},{"not_picked":["Brilliance","DeusExMachina","MasterReality"],"picked":"Singing Bowl","floor":33},{"not_picked":["ReachHeaven+1","JustLucky+1","FlyingSleeves"],"picked":"Singing Bowl","floor":35},{"not_picked":["FollowUp+1","WreathOfFlame","ClearTheMind"],"picked":"Singing Bowl","floor":36},{"not_picked":["Fasting2+1","EmptyFist","PathToVictory+1"],"picked":"Singing Bowl","floor":38},{"not_picked":["JustLucky","SignatureMove+1","MentalFortress+1"],"picked":"Singing Bowl","floor":40},{"not_picked":["Pray+1","CutThroughFate+1","WaveOfTheHand+1"],"picked":"Singing Bowl","floor":42},{"not_picked":["SignatureMove+1","ReachHeaven+1"],"picked":"ClearTheMind","floor":44},{"not_picked":["FollowUp","FlurryOfBlows","ConjureBlade"],"picked":"Singing Bowl","floor":45},{"not_picked":["FlurryOfBlows+1","Collect"],"picked":"Protect+1","floor":47}],"player_experience":291690,"relics_obtained":[{"floor":9,"key":"Anchor"},{"floor":23,"key":"CeramicFish"},{"floor":26,"key":"TeardropLocket"},{"floor":40,"key":"Omamori"},{"floor":40,"key":"War Paint"},{"floor":42,"key":"Boot"},{"floor":42,"key":"Potion Belt"},{"floor":44,"key":"Shuriken"},{"floor":44,"key":"Bag of Preparation"}],"event_choices":[{"damage_healed":0,"gold_gain":175,"player_choice":"AGREE","damage_taken":0,"max_hp_gain":0,"max_hp_loss":0,"event_name":"Liars Game","floor":3,"gold_loss":0,"cards_obtained":["Doubt"]},{"damage_healed":0,"gold_gain":0,"cards_transformed":["Strike_P"],"player_choice":"Transformed","damage_taken":0,"max_hp_gain":0,"max_hp_loss":0,"event_name":"Transmorgrifier","floor":7,"gold_loss":0,"cards_obtained":["FlurryOfBlows"]},{"damage_healed":0,"gold_gain":0,"player_choice":"Take Damage","damage_taken":18,"relics_obtained":["Golden Idol"],"max_hp_gain":0,"max_hp_loss":0,"event_name":"Golden Idol","floor":13,"gold_loss":0},{"damage_healed":0,"gold_gain":0,"player_choice":"Forge","damage_taken":0,"max_hp_gain":0,"max_hp_loss":0,"event_name":"Accursed Blacksmith","floor":20,"gold_loss":0,"cards_upgraded":["Scrawl"]},{"cards_removed":["Wireheading"],"damage_healed":15,"gold_gain":0,"player_choice":"Offered Uncommon","damage_taken":0,"max_hp_gain":0,"max_hp_loss":0,"event_name":"Bonfire Elementals","floor":22,"gold_loss":0},{"cards_removed":["Strike_P"],"damage_healed":0,"gold_gain":0,"player_choice":"Purged","damage_taken":0,"max_hp_gain":0,"max_hp_loss":0,"event_name":"Purifier","floor":37,"gold_loss":0},{"damage_healed":0,"gold_gain":100,"player_choice":"Pray","damage_taken":0,"max_hp_gain":0,"max_hp_loss":0,"event_name":"Golden Shrine","floor":46,"gold_loss":0},{"damage_healed":0,"gold_gain":0,"player_choice":"Ignored","damage_taken":0,"max_hp_gain":0,"max_hp_loss":0,"event_name":"Transmorgrifier","floor":48,"gold_loss":0}],"is_beta":false,"boss_relics":[{"not_picked":["Coffee Dripper","Astrolabe"],"picked":"Cursed Key"},{"not_picked":["Runic Pyramid","Velvet Choker"],"picked":"Black Star"}],"items_purged_floors":[10,28,39],"is_endless":false,"potions_floor_spawned":[1,2,11,16,19,21,25,29,33,40,44],"killed_by":"Time Eater","ascension_level":5}}