{"host":"s24sb66hw4a4sfft","time":1613097536,"event":{"mods":["AchievementEnabler","BaseMod","Colored Map","Colored Powertips","Googly Eyes","Hermit","Hubris","Minty Spire (QoL Compilation)","Quick Restart","Shop Mod","StSLib"],"gold_per_floor":[110,125,125,125,125,160,160,187,187,219,236,263,286,301,301,301,301],"floor_reached":16,"language":"ENG","playtime":450,"items_purged":[],"score":286,"play_id":"1e74b371-f91e-4e94-a143-77b4e56e7c43","local_time":"20210211213856","is_ascension_mode":true,"campfire_choices":[{"data":"Blade Dance","floor":7.0,"key":"SMITH"},{"floor":15,"key":"REST"}],"circlet_count":0,"master_deck":["AscendersBane","Strike_G","Strike_G","Strike_G","Strike_G","Strike_G","Defend_G","Defend_G","Defend_G","Defend_G","Defend_G","Survivor","Neutralize","Heel Hook+1","Riddle With Holes+1","Blade Dance+1","Terror","Deadly Poison","Dagger Spray"],"relics":["Ring of the Snake","NeowsBlessing","Paper Crane","Odd Mushroom","Art of War","hubris:TenFootPole","Blood Vial"],"acts_visited":["Exordium"],"potions_floor_usage":[10],"damage_taken":[{"damage":0.0,"enemies":"2 Louse","floor":1.0,"turns":1.0},{"damage":0.0,"enemies":"Jaw Worm","floor":2.0,"turns":1.0},{"damage":0.0,"enemies":"Lagavulin","floor":6.0,"turns":1.0},{"damage":15.0,"enemies":"The Mushroom Lair","floor":8.0,"turns":4.0},{"damage":0,"enemies":"Gremlin Nob","floor":10,"turns":1},{"damage":4,"enemies":"Small Slimes","floor":11,"turns":3},{"damage":36,"enemies":"3 Sentries","floor":12,"turns":9},{"damage":2,"enemies":"2 Fungi Beasts","floor":14,"turns":4},{"damage":23,"enemies":"Hexaghost","floor":16,"turns":9}],"seed_played":"7350024299478161339","potions_obtained":[{"floor":2.0,"key":"Weak Potion"},{"floor":6.0,"key":"DuplicationPotion"},{"floor":8.0,"key":"SteroidPotion"},{"floor":12,"key":"Ancient Potion"}],"is_trial":false,"path_per_floor":["M","M","?","T","?","E","R","?","T","E","M","E","T","M","R","B"],"character_chosen":"THE_SILENT","items_purchased":[],"campfire_rested":1,"item_purchase_floors":[],"current_hp_per_floor":[59,59,59,59,59,59,59,44,44,44,40,4,4,4,23,2,2],"gold":301,"neow_bonus":"THREE_ENEMY_KILL","is_daily":false,"chose_seed":false,"campfire_upgraded":1,"win_rate":0.0,"timestamp":1613097536,"path_taken":["M","M","?","?","?","E","R","?","T","E","?","E","?","M","R","BOSS"],"items_purchased_type":[],"build_version":"2020-12-22","purchased_purges":0,"victory":false,"max_hp_per_floor":[66,66,66,66,66,66,66,66,66,66,66,66,66,66,66,66,66],"card_choices":[{"not_picked":["Deadly Poison","Accuracy"],"picked":"Heel Hook","floor":1.0},{"not_picked":["Escape Plan","hubris:SlightOfHand"],"picked":"Riddle With Holes","floor":2.0},{"not_picked":["Quick Slash","Cloak And Dagger"],"picked":"Blade Dance","floor":6.0},{"not_picked":["hubris:SlightOfHand","Concentrate"],"picked":"Terror","floor":10},{"not_picked":["hubris:TrickCloak","Backflip"],"picked":"Deadly Poison","floor":11},{"not_picked":["Dagger Throw","Malaise"],"picked":"Dagger Spray","floor":12},{"not_picked":["Predator","Deflect","hubris:Counter"],"picked":"SKIP","floor":14}],"player_experience":611675,"relics_obtained":[{"floor":6.0,"key":"Paper Crane"},{"floor":8.0,"key":"Odd Mushroom"},{"floor":9.0,"key":"Art of War"},{"floor":12,"key":"hubris:TenFootPole"},{"floor":13,"key":"Blood Vial"}],"event_choices":[{"damage_healed":0.0,"max_hp_gain":0.0,"max_hp_loss":0.0,"gold_gain":0.0,"event_name":"Living Wall","player_choice":"Grow","floor":3.0,"gold_loss":0.0,"damage_taken":0.0,"cards_upgraded":["Riddle With Holes"]},{"damage_healed":0.0,"max_hp_gain":0.0,"max_hp_loss":0.0,"gold_gain":0.0,"event_name":"Mushrooms","player_choice":"Fought Mushrooms","floor":8.0,"gold_loss":0.0,"damage_taken":0.0}],"is_beta":false,"boss_relics":[],"items_purged_floors":[],"is_endless":false,"potions_floor_spawned":[2,6,8,12],"killed_by":"Hexaghost","ascension_level":14}}