{"host":"2lo6hma6kymb0g9i","time":1613151955,"event":{"mods":["BaseMod","Colored Map","DeckTracker","Minty Spire (QoL Compilation)"],"gold_per_floor":[214,139,156,172,7,7,36,46,46,74,74,74,93,111,111,111,111],"floor_reached":16,"language":"JPN","playtime":895,"items_purged":[],"score":224,"play_id":"e3ce0667-2d3c-4fb2-b322-00c93365da81","local_time":"20210213024555","is_ascension_mode":true,"campfire_choices":[{"data":"Uppercut","floor":6,"key":"SMITH"},{"data":"Disarm","floor":12,"key":"SMITH"},{"data":"Cleave","floor":15,"key":"SMITH"}],"circlet_count":0,"master_deck":["AscendersBane","Strike_R","Strike_R","Strike_R","Strike_R","Defend_R","Defend_R","Defend_R","Defend_R","Bash","Disarm+1","Cleave+1","Uppercut+1","True Grit","Shrug It Off","Corruption","Pommel Strike"],"relics":["Burning Blood","Bag of Preparation","Art of War","Bronze Scales","Bottled Lightning","Centennial Puzzle"],"acts_visited":["Exordium"],"potions_floor_usage":[7,10,16],"damage_taken":[{"damage":10,"enemies":"Small Slimes","floor":1,"turns":5},{"damage":4,"enemies":"2 Louse","floor":3,"turns":3},{"damage":1,"enemies":"Cultist","floor":4,"turns":3},{"damage":36,"enemies":"3 Sentries","floor":7,"turns":7},{"damage":12,"enemies":"Large Slime","floor":8,"turns":7},{"damage":7,"enemies":"Gremlin Nob","floor":10,"turns":3},{"damage":6,"enemies":"Exordium Thugs","floor":13,"turns":3},{"damage":5,"enemies":"Gremlin Gang","floor":14,"turns":4},{"damage":27,"enemies":"Slime Boss","floor":16,"turns":7}],"seed_played":"-5276055200933210547","potions_obtained":[{"floor":1,"key":"Dexterity Potion"},{"floor":3,"key":"PowerPotion"},{"floor":8,"key":"SteroidPotion"},{"floor":13,"key":"Dexterity Potion"}],"is_trial":false,"path_per_floor":["M","?","M","M","$","R","E","M","T","E","?","R","M","M","R","B"],"character_chosen":"IRONCLAD","items_purchased":["Bag of Preparation"],"campfire_rested":0,"item_purchase_floors":[5],"current_hp_per_floor":[64,64,66,71,71,71,41,35,35,34,34,34,34,35,35,8,8],"gold":111,"neow_bonus":"HUNDRED_GOLD","is_daily":false,"chose_seed":false,"campfire_upgraded":3,"win_rate":0.0,"timestamp":1613151955,"path_taken":["M","?","M","M","$","R","E","M","T","E","?","R","?","M","R","BOSS"],"items_purchased_type":["Relic"],"build_version":"2020-12-22","purchased_purges":0,"victory":false,"max_hp_per_floor":[75,75,75,75,75,75,75,75,75,75,75,75,75,75,75,75,75],"card_choices":[{"not_picked":["Power Through","Warcry"],"picked":"Disarm","floor":1},{"not_picked":["Armaments","Shockwave"],"picked":"Cleave","floor":3},{"not_picked":["Perfected Strike","Sentinel"],"picked":"Uppercut","floor":4},{"not_picked":["Combust","Entrench"],"picked":"True Grit","floor":7},{"not_picked":["Clash","Sentinel","Thunderclap"],"picked":"SKIP","floor":8},{"not_picked":["Pummel","Searing Blow"],"picked":"Shrug It Off","floor":10},{"not_picked":["Rampage","Warcry"],"picked":"Corruption","floor":13},{"not_picked":["Perfected Strike","Heavy Blade"],"picked":"Pommel Strike","floor":14}],"player_experience":1178534,"relics_obtained":[{"floor":7,"key":"Art of War"},{"floor":9,"key":"Bronze Scales"},{"floor":10,"key":"Bottled Lightning"}],"event_choices":[{"cards_removed":["Strike_R"],"damage_healed":0,"gold_gain":0,"player_choice":"Card Removal","damage_taken":0,"max_hp_gain":0,"max_hp_loss":0,"event_name":"The Cleric","floor":2,"gold_loss":75},{"damage_healed":0,"gold_gain":0,"player_choice":"Gave Potion","damage_taken":0,"relics_obtained":["Centennial Puzzle"],"max_hp_gain":0,"max_hp_loss":0,"event_name":"WeMeetAgain","floor":11,"gold_loss":0}],"is_beta":false,"boss_relics":[],"items_purged_floors":[],"is_endless":false,"potions_floor_spawned":[1,3,4,8,13],"killed_by":"Slime Boss","ascension_level":20}}