{"host":"adt9pv9dmmkchns7","time":1613157059,"event":{"mods":["AchievementEnabler","Aspiration","BaseMod","Beaked The Cultist","Better Third Choice","Curses Come First","Energized Spire","Minty Spire (QoL Compilation)","Permanent Neow","Potionbrewer","Quick Restart","Reliquary","Replay The Spire","Robot Space Explorer","Shade Mod","Spicy Shops","StSLib","The Blackbeard","The Cursed","The Forsaken","The Gatherer","The Necromancer","Wandering Minibosses"],"gold_per_floor":[115,115,125,143,219,245,10,110,133,159,169,197,216,235,235,330,330,347,359,379,397,414,439,439,466,466,25,57,57,72,99,99,201,201,213,228,243,257,171,199,199,229,255,255,310,321,321,356,356,356,356,356,40,73,73],"floor_reached":56,"language":"ENG","playtime":5878,"items_purged":["Normality"],"score":1572,"play_id":"4c42c00b-02e6-4e33-9289-3b5b1f5aabd9","local_time":"20210212201059","is_ascension_mode":true,"campfire_choices":[{"floor":15,"key":"RECALL"},{"data":"Summon_Undead_Army","floor":24,"key":"SMITH"},{"data":"Enlightenment","floor":32,"key":"SMITH"},{"data":"Pandemic","floor":41,"key":"SMITH"},{"data":"Stop_Heart","floor":49,"key":"SMITH"},{"data":"Requiem","floor":52,"key":"SMITH"}],"circlet_count":0,"master_deck":["Strike_W","Strike_W","Strike_W","Strike_W","Defend_W+1","Defend_W+1","Defend_W","Defend_W","Negative_Energy_Arrows","Bone_Wall+1","Vampiric_Strike+1","Bone_Bullets","Necrotic_Claws","Death_March_Dance","Finger_Of_Death","Summon_Undead","Pandemic+1","Summon_Undead_Army+1","Stop_Heart+1","Cloudkill","Requiem+1","Life_Drain","Shade_Step+1","Uncharnel+1","Summon_Undead","Acid_Javelin","Acid_Javelin","Blood_Curse+1","Negative_Energy_Burst","Enlightenment+1","The Bomb","Thousand_Bone_Knives","Summon_Lich","Negative_Energy_Shield+1","Skeleton_Dragon","Bones_to_Steel+1","Bone_Bullets","Reap_The_Weak","Life_Drain+1","Summon_Undead","Life_Drain+1","Languid","Shackles_Of_Pain+1","Siphon_Strength","Summon_Undead","Bone_Prison","Consume_Illness+1"],"relics":["Vampire_Amulet","aspiration:Nostalgia","Burning Blood","War Paint","Quantum Egg","potionbrewer:Keyblade","Peace Pipe","Blue Doll","Cursed Key","wanderingMiniBosses:Inkheart","aspiration:VileToxins","reliquary:FeatherDuster","The Courier","potionbrewer:AlchemistFlask","BargainBundle","aspiration:EmptySkull","Replay:Bottled Flurry","reliquary:RedCape","Divine Protection","Garlic","Regal Pillow","reliquary:WeakTea","Calipers","Ring of Fury","Onion Ring","Oddly Smooth Stone","StrikeDummy"],"acts_visited":["Exordium","TheCity","TheBeyond","TheEnding"],"potions_floor_usage":[6,11,12,14,23,25,30,42,55,55],"damage_taken":[{"damage":7,"enemies":"Small Slimes","floor":1,"turns":4},{"damage":1,"enemies":"Jaw Worm","floor":3,"turns":4},{"damage":0,"enemies":"Cultist","floor":4,"turns":3},{"damage":11,"enemies":"Lagavulin","floor":6,"turns":7},{"damage":11,"enemies":"3 Sentries","floor":10,"turns":7},{"damage":0,"enemies":"2 Fungi Beasts","floor":11,"turns":2},{"damage":10,"enemies":"Lagavulin","floor":12,"turns":4},{"damage":0,"enemies":"Lots of Slimes","floor":13,"turns":6},{"damage":48,"enemies":"Exordium Thugs","floor":14,"turns":6},{"damage":6,"enemies":"Fading Forest","floor":16,"turns":11},{"damage":38,"enemies":"Spheric Guardian","floor":18,"turns":5},{"damage":12,"enemies":"Chosen","floor":19,"turns":2},{"damage":28,"enemies":"Centurion and Healer","floor":20,"turns":5},{"damage":40,"enemies":"Snake Plant","floor":21,"turns":3},{"damage":0,"enemies":"Snecko","floor":22,"turns":4},{"damage":29,"enemies":"Gremlin Leader","floor":23,"turns":5},{"damage":10,"enemies":"Book of Stabbing","floor":25,"turns":3},{"damage":7,"enemies":"Gremlin Leader","floor":28,"turns":3},{"damage":0,"enemies":"Sentry and Sphere","floor":30,"turns":2},{"damage":11,"enemies":"Book of Stabbing","floor":31,"turns":4},{"damage":32,"enemies":"Collector","floor":33,"turns":6},{"damage":0,"enemies":"Orb Walker","floor":35,"turns":2},{"damage":18,"enemies":"3 Darklings","floor":36,"turns":3},{"damage":41,"enemies":"Writhing Mass","floor":37,"turns":3},{"damage":21,"enemies":"Maw","floor":38,"turns":5},{"damage":0,"enemies":"Transient","floor":39,"turns":5},{"damage":13,"enemies":"R_Hoarder","floor":40,"turns":4},{"damage":25,"enemies":"Reptomancer","floor":42,"turns":4},{"damage":4,"enemies":"2 Orb Walkers","floor":45,"turns":3},{"damage":0,"enemies":"4 Shapes","floor":46,"turns":3},{"damage":18,"enemies":"Giant Head","floor":48,"turns":6},{"damage":53,"enemies":"Time Eater","floor":50,"turns":8},{"damage":58,"enemies":"Shield and Spear","floor":54,"turns":5},{"damage":45,"enemies":"The Heart","floor":55,"turns":6}],"seed_played":"4631947563861031402","potions_obtained":[{"floor":3,"key":"potionbrewer:EndurancePotion"},{"floor":4,"key":"Block Potion"},{"floor":10,"key":"ColorlessPotion"},{"floor":11,"key":"potionbrewer:CleansingPotion"},{"floor":12,"key":"Elixir"},{"floor":20,"key":"Reflective Coating"},{"floor":21,"key":"Strength Potion"},{"floor":23,"key":"AttackPotion"},{"floor":28,"key":"DistilledChaos"},{"floor":31,"key":"potionbrewer:MidasPotion"},{"floor":39,"key":"Venom Potion"},{"floor":42,"key":"potionbrewer:ToxicPotion"}],"is_trial":false,"path_per_floor":["M","?","M","M","?","E","$","?","T","E","M","E","M","M","R","B",null,"M","M","M","M","M","E","R","E","T","$","E","?","M","E","R","B",null,"M","M","M","M","M","E","R","E","T","T","?","M","?","E","R","B",null,"R","$","E","B",null],"character_chosen":"NECROMANCER","items_purchased":["potionbrewer:Keyblade","Summon_Undead","potionbrewer:AlchemistFlask","BargainBundle","Blood_Curse+1","Negative_Energy_Burst","Enlightenment","The Bomb","Siphon_Strength","Oddly Smooth Stone","Summon_Undead","Bone_Prison"],"campfire_rested":0,"item_purchase_floors":[7,7,27,27,27,27,27,27,53,53,53,53],"current_hp_per_floor":[75,60,70,75,57,57,57,57,57,61,74,73,75,40,40,58,75,53,49,52,29,43,40,40,38,38,38,49,49,60,69,69,73,75,75,71,38,47,72,70,70,66,66,66,75,75,75,66,66,40,75,75,75,43,18],"gold":73,"neow_bonus":"NOSTALGIA","is_daily":false,"chose_seed":false,"campfire_upgraded":5,"win_rate":0.0,"timestamp":1613157059,"path_taken":["M","?","M","M","?","E","$","?","T","E","M","E","M","M","R","BOSS","M","M","M","?","M","E","R","E","T","$","E","?","M","E","R","BOSS","M","M","?","M","M","E","R","E","T","?","?","M","?","E","R","BOSS","R","$","E","BOSS"],"items_purchased_type":["Relic","Card","Relic","Relic","Card","Card","Card","Card","Card","Relic","Card","Card"],"build_version":"2020-12-22","purchased_purges":1,"victory":true,"max_hp_per_floor":[75,75,75,75,75,75,75,75,75,75,75,75,75,75,75,75,75,75,75,75,75,75,75,75,75,75,75,75,75,75,75,75,75,75,75,75,75,75,75,75,75,75,75,75,75,75,75,75,75,75,75,75,75,75,75],"card_choices":[{"not_picked":["Shackles_Of_Pain","Negative_Energy_Shield"],"picked":"Vampiric_Strike","floor":1},{"not_picked":["Deaths_Shadow","Bone_Spikes"],"picked":"Bone_Bullets","floor":3},{"not_picked":["Bone_Spikes","Blood_Whip","Death_Coil"],"picked":"SKIP","floor":4},{"not_picked":["Bone_Armory","Exploit"],"picked":"Necrotic_Claws","floor":5},{"not_picked":["Shackles_Of_Pain","Bone_Spikes"],"picked":"Death_March_Dance","floor":5},{"not_picked":["Negative_Energy_Mist","Scare"],"picked":"Finger_Of_Death","floor":6},{"not_picked":["Uncharnel","Death_Knell"],"picked":"Pandemic","floor":10},{"not_picked":["Death_Coil","Blood_Whip"],"picked":"Summon_Undead_Army","floor":11},{"not_picked":["Exploit","Flesh_Made_Foul"],"picked":"Blood_for_Blood","floor":12},{"not_picked":["Negative_Energy_Shield","Chill_Blood"],"picked":"Stop_Heart","floor":13},{"not_picked":["Summon_Undead","Death_March_Dance"],"picked":"Cloudkill","floor":14},{"not_picked":["Blood_Magic","Negative_Energy_Bomb"],"picked":"Requiem","floor":16},{"not_picked":["Finger_Of_Death","Negative_Energy_Sphere","Death_Coil"],"picked":"SKIP","floor":18},{"not_picked":["Corrupt","Violent_Necrosis"],"picked":"Life_Drain","floor":19},{"not_picked":["Necrotic_Claws","Flesh_Made_Foul"],"picked":"Shade_Step+1","floor":20},{"not_picked":["Epidemic","Acid_Javelin"],"picked":"Uncharnel+1","floor":21},{"not_picked":["Blood_Shield","Life_Drain"],"picked":"Summon_Undead","floor":22},{"not_picked":["Finger_Of_Death","Bone_Shift+1"],"picked":"Acid_Javelin","floor":23},{"not_picked":["Blood_Is_Power","Requiem"],"picked":"Acid_Javelin","floor":25},{"not_picked":["Necromantic_Selection+1","Bone_Spikes"],"picked":"Thousand_Bone_Knives","floor":28},{"not_picked":["Blood_Curse","Death_Coil"],"picked":"Summon_Lich","floor":30},{"not_picked":["Blood_Shield","Bone_Bullets"],"picked":"Negative_Energy_Shield+1","floor":31},{"not_picked":["Grasp_Heart","Requiem"],"picked":"Skeleton_Dragon","floor":33},{"not_picked":["Toxic_Smoke_Screen","Blood_Whip"],"picked":"Bones_to_Steel+1","floor":35},{"not_picked":["Bone_Shift+1","Death_Knell+1"],"picked":"Bone_Bullets","floor":36},{"not_picked":["Bone_Spikes","Necromantic_Selection"],"picked":"Reap_The_Weak","floor":37},{"not_picked":["Blood_for_Blood","Death_March_Dance"],"picked":"Life_Drain+1","floor":38},{"not_picked":["Shade_Step","Deaths_Shadow","Blood_Whip"],"picked":"SKIP","floor":39},{"not_picked":["Detonate_Bones","Shackles_Of_Pain+1"],"picked":"Summon_Undead","floor":40},{"not_picked":["Blood_Whip+1","Negative_Energy_Mist+1"],"picked":"Life_Drain+1","floor":42},{"not_picked":["Death_March_Dance","Bone_Bullets+1"],"picked":"Shackles_Of_Pain+1","floor":46},{"not_picked":["Bone_Shift","Whirlwind_of_Bones","Negative_Energy_Mist"],"picked":"SKIP","floor":48},{"not_picked":["Bone_Spikes+1","Deaths_Shadow"],"picked":"Consume_Illness+1","floor":54}],"player_experience":931486,"relics_obtained":[{"floor":5,"key":"War Paint"},{"floor":6,"key":"Quantum Egg"},{"floor":10,"key":"Peace Pipe"},{"floor":12,"key":"Blue Doll"},{"floor":18,"key":"wanderingMiniBosses:Inkheart"},{"floor":23,"key":"aspiration:VileToxins"},{"floor":25,"key":"reliquary:FeatherDuster"},{"floor":26,"key":"The Courier"},{"floor":28,"key":"aspiration:EmptySkull"},{"floor":31,"key":"Replay:Bottled Flurry"},{"floor":40,"key":"Divine Protection"},{"floor":42,"key":"Garlic"},{"floor":43,"key":"Regal Pillow"},{"floor":44,"key":"reliquary:WeakTea"},{"floor":45,"key":"Calipers"},{"floor":47,"key":"Ring of Fury"},{"floor":48,"key":"Onion Ring"},{"floor":54,"key":"StrikeDummy"}],"event_choices":[{"damage_healed":75,"gold_gain":0,"player_choice":"Upgrade","damage_taken":15,"max_hp_gain":0,"max_hp_loss":75,"event_name":"betterThird:BetterShining","floor":2,"gold_loss":0,"cards_upgraded":["Vampiric_Strike","Defend_W"]},{"damage_healed":0,"gold_gain":100,"player_choice":"Pray","damage_taken":0,"max_hp_gain":0,"max_hp_loss":0,"event_name":"Golden Shrine","floor":8,"gold_loss":0},{"damage_healed":0,"gold_gain":0,"player_choice":"Got Potions","damage_taken":0,"max_hp_gain":0,"max_hp_loss":0,"event_name":"Lab","floor":29,"gold_loss":0},{"damage_healed":0,"gold_gain":0,"player_choice":"Fight","damage_taken":0,"max_hp_gain":0,"max_hp_loss":0,"event_name":"Mysterious Sphere","floor":45,"gold_loss":0}],"is_beta":false,"boss_relics":[{"not_picked":["Honey Jar","Fusion Hammer"],"picked":"Cursed Key"},{"not_picked":["aspiration:SilentSkillbook","Replay:Grab Bag"],"picked":"reliquary:RedCape"}],"items_purged_floors":[53],"is_endless":false,"potions_floor_spawned":[3,4,10,11,12,20,21,23,28,31,37,39,42,48],"ascension_level":3}}