{"host":"2lvuisjyit3p3u01","time":1613137188,"event":{"mods":["Act Like it!","BaseMod","Bestiary","Better Synergies","Bossed Relics","CapriCore","Colored Map","Colored Powertips","Duelist Mod","GifTheSpireLib","Minty Spire (QoL Compilation)","Quick Restart","Replay The Spire","StSLib"],"gold_per_floor":[136,152,28,48,48,78,92,92,115,115,115,132,33,108,108,185,185,201,201,5,18,18,43,43,53,53,53,53,53,82,94,94,94,94],"floor_reached":33,"language":"ENG","playtime":1477,"items_purged":["theDuelist:CastleWalls"],"score":566,"play_id":"a813612d-3996-4cbd-8845-e1c186eb6ee8","local_time":"20210212153948","is_ascension_mode":true,"campfire_choices":[{"floor":8,"key":"REST"},{"data":"theDuelist:BoosterDragon","floor":11,"key":"SMITH"},{"data":"theDuelist:MetalDragon","floor":15,"key":"SMITH"},{"data":"theDuelist:Kabazauls","floor":24,"key":"SMITH"},{"data":"theDuelist:FiveHeaded","floor":27,"key":"SMITH"},{"data":"theDuelist:FluteSummoning","floor":29,"key":"SMITH"},{"data":"theDuelist:WaterDragon","floor":32,"key":"SMITH"}],"circlet_count":0,"master_deck":["AscendersBane","theDuelist:BabyDragon","theDuelist:CaveDragon","theDuelist:CaveDragon","theDuelist:LesserDragon","theDuelist:LesserDragon","theDuelist:Sparks","theDuelist:Sparks","theDuelist:YamataDragon","theDuelist:FluteSummoning+1","theDuelist:MirageDragon","theDuelist:DeltaMagnet","theDuelist:BoosterDragon+1","theDuelist:MetalDragon+1","theDuelist:WaterDragon+1","theDuelist:Kabazauls+1","theDuelist:TwinBarrelDragon","theDuelist:FiveHeaded+1","theDuelist:TyrantWing+1"],"relics":["theDuelist:MillenniumPuzzle","theDuelist:CardPoolRelic","theDuelist:CardPoolBasicRelic","theDuelist:BoosterPackPoolRelic","theDuelist:CardPoolAddRelic","theDuelist:CardPoolMinusRelic","theDuelist:CardPoolSaveRelic","theDuelist:CardPoolOptionsRelic","NeowsBlessing","Omamori","theDuelist:SummonAnchor","theDuelist:MillenniumArmor","theDuelist:MillenniumKey","theDuelist:ArmorPlateB","Ancient Tea Set","Garlic","theDuelist:BoosterPackHealer"],"acts_visited":["Exordium","TheCity"],"potions_floor_usage":[6,6,16,16,25,33],"damage_taken":[{"damage":0.0,"enemies":"Cultist","floor":1.0,"turns":1.0},{"damage":0.0,"enemies":"Small Slimes","floor":2.0,"turns":1.0},{"damage":0.0,"enemies":"Jaw Worm","floor":4.0,"turns":1.0},{"damage":19,"enemies":"3 Sentries","floor":6,"turns":6},{"damage":8,"enemies":"Exordium Wildlife","floor":7,"turns":3},{"damage":0,"enemies":"3 Louse","floor":12,"turns":3},{"damage":24,"enemies":"Slime Boss","floor":16,"turns":8},{"damage":0,"enemies":"2 Thieves","floor":18,"turns":4},{"damage":0,"enemies":"Chosen","floor":21,"turns":3},{"damage":0,"enemies":"theDuelist:KaibaA2","floor":23,"turns":4},{"damage":0,"enemies":"Snecko","floor":25,"turns":4},{"damage":0,"enemies":"Gremlin Leader","floor":30,"turns":6},{"damage":0,"enemies":"Shelled Parasite and Fungi","floor":31,"turns":3},{"damage":67,"enemies":"Champ","floor":33,"turns":6}],"seed_played":"589029239195191569","potions_obtained":[{"floor":1.0,"key":"theDuelist:SealedPack"},{"floor":12,"key":"SpeedPotion"},{"floor":16,"key":"theDuelist:FlamingBottle"},{"floor":18,"key":"theDuelist:WhiteBottle"},{"floor":25,"key":"Fruit Juice"}],"is_trial":false,"path_per_floor":["M","M","$","M","?","E","M","R","T","?","R","M","$","?","R","B",null,"M","?","$","M","$","E","R","M","T","R","$","R","E","M","R","B"],"character_chosen":"THE_DUELIST","items_purchased":["theDuelist:WhiteBottle","theDuelist:BurningPotion","Swift Potion","theDuelist:ArmorPlateB","theDuelist:Kabazauls"],"campfire_rested":1,"item_purchase_floors":[3,13,13,20,20],"current_hp_per_floor":[63,63,63,63,63,44,36,57,57,57,57,57,57,46,46,22,58,58,58,58,58,58,58,58,63,63,63,63,63,63,63,63,0,0],"gold":94,"neow_bonus":"THREE_ENEMY_KILL","is_daily":false,"chose_seed":false,"campfire_upgraded":6,"win_rate":0.0,"timestamp":1613137188,"path_taken":["M","?","$","M","?","E","M","R","T","?","R","M","?","?","R","BOSS","M","?","$","?","?","E","R","M","T","R","$","R","E","?","R","BOSS"],"items_purchased_type":["Potion","Potion","Potion","Relic","Card"],"build_version":"2020-12-22","purchased_purges":1,"victory":false,"max_hp_per_floor":[70,70,70,70,70,70,70,70,70,70,70,70,70,70,70,70,70,70,70,70,70,70,70,70,75,75,75,75,75,75,75,75,75,75],"card_choices":[{"not_picked":["theDuelist:StampingDestruction","theDuelist:Earthquake","theDuelist:AxeDespair","theDuelist:Dracocension"],"picked":"theDuelist:FluteSummoning","floor":1.0},{"not_picked":["theDuelist:BusterBlader","theDuelist:Beatraptor","theDuelist:HazyFlameHydra","theDuelist:FrostflameDragon","theDuelist:Sabersaurus"],"picked":"SKIP","floor":2.0},{"not_picked":["theDuelist:BlackStego","theDuelist:AncientPixieDragon","theDuelist:RedRisingDragon","theDuelist:DragonRavine"],"picked":"theDuelist:MirageDragon","floor":4.0},{"not_picked":["theDuelist:JurassicImpact","theDuelist:CastleDragonSouls","theDuelist:AutorokketDragon"],"picked":"theDuelist:BoosterDragon","floor":6},{"not_picked":["theDuelist:Hydrogeddon","theDuelist:CyberDragonDrei","theDuelist:MadSwordBeast","theDuelist:DefenseZone","theDuelist:MegafleetDragon"],"picked":"SKIP","floor":7},{"not_picked":["theDuelist:YamataDragon","theDuelist:WhiteNightDragon","theDuelist:ThunderDragon","theDuelist:BlacklandFireDragon"],"picked":"theDuelist:MetalDragon","floor":12},{"not_picked":["theDuelist:SeismicShockwave","theDuelist:LostWorld","theDuelist:DoomkaiserDragon","theDuelist:BlasterDragonInfernos"],"picked":"theDuelist:WaterDragon","floor":16},{"not_picked":["theDuelist:YamataDragon","theDuelist:DeltaMagnet","theDuelist:GaiaDragonChamp","theDuelist:BoosterDragon","theDuelist:WaterDragon"],"picked":"SKIP","floor":18},{"not_picked":["theDuelist:ViceDragon","theDuelist:ScrapIronScarecrow","theDuelist:RedRisingDragon","theDuelist:SuperancientDinobeast"],"picked":"theDuelist:TwinBarrelDragon","floor":21},{"not_picked":["theDuelist:WaterDragon","theDuelist:CyberDragonInfinity","theDuelist:ChimeratechOverdragon","theDuelist:BlueDuston","theDuelist:BlasterDragonInfernos"],"picked":"SKIP","floor":23},{"not_picked":["theDuelist:SurvivalFittest","theDuelist:SliferSky","theDuelist:BlueDuston","theDuelist:BSkullDragon"],"picked":"theDuelist:FiveHeaded","floor":25},{"not_picked":["theDuelist:VeilDarkness+1","theDuelist:SpiralSpearStrike+1","theDuelist:SafeZone","theDuelist:DefenseDraw"],"picked":"theDuelist:TyrantWing+1","floor":30},{"not_picked":["theDuelist:BigFire","theDuelist:PotGreed","theDuelist:BigKoala","theDuelist:BlackPendant+1","theDuelist:PreventRat"],"picked":"SKIP","floor":31}],"player_experience":334662,"relics_obtained":[{"floor":6,"key":"Omamori"},{"floor":9,"key":"theDuelist:SummonAnchor"},{"floor":23,"key":"Ancient Tea Set"},{"floor":26,"key":"Garlic"},{"floor":30,"key":"theDuelist:BoosterPackHealer"}],"event_choices":[{"damage_healed":0.0,"max_hp_gain":0.0,"max_hp_loss":0.0,"gold_gain":0.0,"event_name":"Egyptian Village","player_choice":"Delta Electro","duelist":true,"floor":5.0,"gold_loss":0.0,"damage_taken":0.0,"cards_obtained":["Delta Electromagnet Warrior"]},{"damage_healed":0,"gold_gain":0,"player_choice":"Took item - Received: Millennium Armor","duelist":true,"damage_taken":0,"max_hp_gain":0,"max_hp_loss":0,"event_name":"Millennium Items","floor":10,"gold_loss":0},{"damage_healed":0,"gold_gain":75,"player_choice":"Gather Gold","damage_taken":11,"max_hp_gain":0,"max_hp_loss":0,"event_name":"World of Goop","floor":14,"gold_loss":0},{"cards_removed":["theDuelist:CastleWalls"],"damage_healed":0,"gold_gain":0,"player_choice":"Purged","damage_taken":0,"max_hp_gain":0,"max_hp_loss":0,"event_name":"Purifier","floor":19,"gold_loss":0}],"is_beta":false,"boss_relics":[{"not_picked":["Cursed Key","theDuelist:ElectricKey"],"picked":"theDuelist:MillenniumKey"}],"items_purged_floors":[3],"is_endless":false,"potions_floor_spawned":[1,12,16,18,23,25],"killed_by":"Champ","ascension_level":14}}