{"host":"4epvxsx6d4oxmc67","time":1613106147,"event":{"mods":["AchievementEnabler","BaseMod","Colored Map","Highlight Path","Minty Spire (QoL Compilation)"],"gold_per_floor":[116,129,129,139,156,156,186,186,213,213,178,211,226,237,237,340,340,340,224,224,224,224,224,224,45,45,45,0,0,0,0,0],"floor_reached":31,"language":"ENG","playtime":1214,"items_purged":["Strike_G","Defend_G"],"score":325,"play_id":"3108d730-9fe2-4c08-803f-e34a3aafcda6","local_time":"20210212050227","is_ascension_mode":true,"campfire_choices":[{"data":"Poisoned Stab","floor":6.0,"key":"SMITH"},{"floor":8.0,"key":"REST"},{"data":"Dagger Spray","floor":10.0,"key":"SMITH"},{"floor":15.0,"key":"REST"},{"data":"Adrenaline","floor":23.0,"key":"SMITH"},{"data":"Predator","floor":27,"key":"SMITH"}],"circlet_count":0,"master_deck":["Defend_G+1","Defend_G","Defend_G","Defend_G+1","Survivor","Neutralize","Poisoned Stab+1","Quick Slash+1","Dagger Spray+1","Dodge and Roll","Deadly Poison","Phantasmal Killer","Leg Sweep","Adrenaline+1","Flying Knee","Blur","Bite","Bite","Bite","Bite","Bite","PiercingWail+1","Predator+1","RitualDagger"],"relics":["Ring of the Snake","Art of War","Whetstone","Juzu Bracelet","Ectoplasm","Nloth\u0027s Gift","Happy Flower","Pen Nib"],"acts_visited":["Exordium","TheCity"],"potions_floor_usage":[24],"damage_taken":[{"damage":0.0,"enemies":"Small Slimes","floor":1.0,"turns":6.0},{"damage":0.0,"enemies":"2 Louse","floor":2.0,"turns":4.0},{"damage":0.0,"enemies":"Jaw Worm","floor":4.0,"turns":4.0},{"damage":9.0,"enemies":"Lots of Slimes","floor":5.0,"turns":3.0},{"damage":22.0,"enemies":"Lagavulin","floor":7.0,"turns":4.0},{"damage":16.0,"enemies":"Gremlin Nob","floor":12.0,"turns":4.0},{"damage":33.0,"enemies":"Exordium Wildlife","floor":13.0,"turns":7.0},{"damage":7.0,"enemies":"3 Louse","floor":14.0,"turns":2.0},{"damage":27.0,"enemies":"Slime Boss","floor":16.0,"turns":12.0},{"damage":1.0,"enemies":"3 Byrds","floor":18.0,"turns":4.0},{"damage":36,"enemies":"Slavers","floor":24,"turns":7},{"damage":8,"enemies":"2 Thieves","floor":28,"turns":3},{"damage":44,"enemies":"Gremlin Leader","floor":31,"turns":4}],"seed_played":"2627971480076301768","potions_obtained":[{"floor":1.0,"key":"FearPotion"},{"floor":5.0,"key":"AttackPotion"},{"floor":7.0,"key":"ColorlessPotion"},{"floor":14.0,"key":"Poison Potion"},{"floor":16.0,"key":"Regen Potion"}],"is_trial":false,"path_per_floor":["M","M","?","M","M","R","E","R","T","R","?","E","M","M","R","B",null,"M","$","?","?","?","R","E","$","T","R","M","?","?","E"],"character_chosen":"THE_SILENT","items_purchased":["Blur","Predator"],"campfire_rested":2,"item_purchase_floors":[19,25],"current_hp_per_floor":[70,70,56,56,47,47,25,46,46,46,63,47,14,7,28,1,70,69,69,69,49,49,49,42,42,42,42,42,42,36,0,0],"gold":0,"neow_bonus":"RANDOM_COMMON_RELIC","is_daily":false,"chose_seed":false,"campfire_upgraded":4,"win_rate":0.0,"timestamp":1613106147,"path_taken":["M","M","?","M","M","R","E","R","T","R","?","E","M","M","R","BOSS","M","$","?","?","?","R","E","?","T","R","M","?","?","E"],"items_purchased_type":["Card","Card"],"build_version":"2020-12-22","purchased_purges":2,"victory":false,"max_hp_per_floor":[70,70,70,70,70,70,70,70,70,70,70,70,70,70,70,70,70,70,70,70,49,49,49,49,49,49,49,49,49,49,49,49],"card_choices":[{"not_picked":["Finisher","Bane"],"picked":"Poisoned Stab","floor":1.0},{"not_picked":["Slice","Escape Plan"],"picked":"Quick Slash","floor":2.0},{"not_picked":["Reflex","Blur"],"picked":"Dagger Spray","floor":4.0},{"not_picked":["Deadly Poison","Dagger Throw"],"picked":"Dodge and Roll","floor":5.0},{"not_picked":["PiercingWail","Acrobatics"],"picked":"Deadly Poison","floor":7.0},{"not_picked":["Dagger Throw","Backflip"],"picked":"Phantasmal Killer","floor":12.0},{"not_picked":["All Out Attack","Deflect"],"picked":"Leg Sweep","floor":13.0},{"not_picked":["Accuracy","Dagger Spray","Distraction"],"picked":"SKIP","floor":14.0},{"not_picked":["Wraith Form v2","Tools of the Trade"],"picked":"Adrenaline","floor":16.0},{"not_picked":["Cloak And Dagger","Dagger Spray"],"picked":"Flying Knee","floor":18.0},{"not_picked":["Dodge and Roll","Malaise"],"picked":"PiercingWail+1","floor":24},{"not_picked":["Escape Plan","Concentrate","Deadly Poison"],"picked":"SKIP","floor":28}],"player_experience":95527,"relics_obtained":[{"floor":7.0,"key":"Potion Belt"},{"floor":9.0,"key":"Whetstone"},{"floor":12.0,"key":"Juzu Bracelet"},{"floor":24,"key":"Happy Flower"},{"floor":26,"key":"Pen Nib"}],"event_choices":[{"damage_healed":0.0,"max_hp_gain":0.0,"max_hp_loss":0.0,"gold_gain":0.0,"event_name":"Shining Light","player_choice":"Entered Light","floor":3.0,"gold_loss":0.0,"damage_taken":14.0,"cards_upgraded":["Defend_G","Defend_G"]},{"damage_healed":17.0,"max_hp_gain":0.0,"max_hp_loss":0.0,"gold_gain":0.0,"event_name":"The Cleric","player_choice":"Healed","floor":11.0,"gold_loss":35.0,"damage_taken":0.0},{"damage_healed":0.0,"max_hp_gain":0.0,"max_hp_loss":0.0,"gold_gain":0.0,"event_name":"Ghosts","player_choice":"Ignored","floor":20.0,"gold_loss":0.0,"damage_taken":0.0},{"damage_healed":0.0,"max_hp_gain":0.0,"max_hp_loss":21.0,"gold_gain":0.0,"event_name":"Vampires","player_choice":"Became a vampire","floor":21.0,"gold_loss":0.0,"damage_taken":0.0,"cards_obtained":["Bite","Bite","Bite","Bite","Bite"]},{"damage_healed":0.0,"max_hp_gain":0.0,"max_hp_loss":0.0,"gold_gain":0.0,"event_name":"N\u0027loth","player_choice":"Traded Relic","floor":22.0,"relics_lost":["Potion Belt"],"gold_loss":0.0,"damage_taken":0.0,"relics_obtained":["Nloth\u0027s Gift"]},{"damage_healed":0,"gold_gain":0,"player_choice":"Joined the Cult","damage_taken":6,"max_hp_gain":0,"max_hp_loss":0,"event_name":"Nest","floor":30,"gold_loss":0,"cards_obtained":["RitualDagger"]}],"is_beta":false,"boss_relics":[{"not_picked":["Velvet Choker","SacredBark"],"picked":"Ectoplasm"}],"items_purged_floors":[19,25],"is_endless":false,"potions_floor_spawned":[1,5,7,14,16],"killed_by":"Gremlin Leader","ascension_level":3}}