{"host":"zwb5naz29bygj01b","time":1613105549,"event":{"mods":["2.2 Compatiblity","AchievementEnabler","BaseMod","Bestiary","Better Altar","Better Match","Better Note","Better Sensory Stone","Better Skull","Better Third Choice","Better-Laid Plans","BetterRewards","Block Reminder","Card Forge","Colored Map","Colored Powertips","Custom Start","Dark Map","DeckTracker","Downfall","Filter the Spire","Hermit","Highlight Path","Minty Spire (QoL Compilation)","Practice Mode","Quick Restart","Random Character Button","Rare Cards Sparkle","Shade Mod","Spicy Shops","StSLib","The Bug Knight","The Cursed","The Disciple","The Hierophant","The IronCluck","Transform Curses"],"gold_per_floor":[114,130,148,167,167,167,200,200,200,233,233,47,64,64,64,164,164,179,24,24,24,40,40,40,40],"floor_reached":24,"language":"ENG","playtime":984,"items_purged":[],"score":240,"play_id":"0fa2d8eb-4995-4722-b68e-c06dfb04531d","local_time":"20210211225229","is_ascension_mode":true,"campfire_choices":[{"data":"Apotheosis","floor":6,"key":"SMITH"},{"data":"DevaForm","floor":8,"key":"SMITH"},{"data":"Eruption","floor":11,"key":"SMITH"},{"floor":15,"key":"REST"},{"data":"ConjureBlade","floor":23,"key":"SMITH"}],"circlet_count":0,"master_deck":["Strike_P","Strike_P","Strike_P","Strike_P","Defend_P+1","Defend_P","Defend_P","Defend_P","Eruption+1","Vigilance","CutThroughFate","FollowUp","EmptyBody","Apotheosis+1","WaveOfTheHand","ClearTheMind","LikeWater","ThirdEye","BowlingBash+1","DevaForm+1","FlurryOfBlows+1","ForeignInfluence","Perseverance","ConjureBlade+1","Crescendo","Evaluate","Pray","SashWhip+1","Evaluate","FlyingSleeves+1","ForeignInfluence+1"],"relics":["PureWater","Hammer of Thor","Seething Fire","Anvil of the Gods","Lee\u0027s Waffle","Melange","Kunai","Strawberry","Bronze Scales","Bottled Tornado","Bird Faced Urn","Chemical X","Black Star","Orrery","Nilry\u0027s Codex"],"acts_visited":["Exordium","TheCity"],"potions_floor_usage":[24,24,24],"damage_taken":[{"damage":6,"enemies":"Cultist","floor":1,"turns":3},{"damage":1,"enemies":"Small Slimes","floor":2,"turns":3},{"damage":0,"enemies":"2 Louse","floor":3,"turns":2},{"damage":1,"enemies":"Large Slime","floor":4,"turns":5},{"damage":6,"enemies":"Gremlin Nob","floor":7,"turns":3},{"damage":0,"enemies":"Lagavulin","floor":10,"turns":7},{"damage":9,"enemies":"Red Slaver","floor":13,"turns":3},{"damage":15,"enemies":"The Guardian","floor":16,"turns":7},{"damage":16,"enemies":"Spheric Guardian","floor":18,"turns":5},{"damage":10,"enemies":"3 Byrds","floor":22,"turns":3},{"damage":58,"enemies":"Gremlin Leader","floor":24,"turns":3}],"seed_played":"-2531046412413026190","potions_obtained":[{"floor":1,"key":"Weak Potion"},{"floor":7,"key":"DistilledChaos"},{"floor":13,"key":"Fire Potion"},{"floor":16,"key":"SkillPotion"}],"is_trial":false,"path_per_floor":["M","M","M","M","?","R","E","R","T","E","R","$","M","?","R","B",null,"M","$","?","?","M","R","E"],"character_chosen":"WATCHER","items_purchased":["Lee\u0027s Waffle","CutThroughFate","FollowUp","EmptyBody","Melange","Kunai","Strawberry","Apotheosis","ForeignInfluence","Chemical X","Orrery"],"campfire_rested":1,"item_purchase_floors":[0,0,0,0,0,0,0,0,12,12,19],"current_hp_per_floor":[80,79,79,78,61,61,55,55,55,55,55,55,48,48,73,60,86,70,70,70,54,46,46,0,0],"gold":40,"neow_bonus":"","is_daily":false,"chose_seed":false,"campfire_upgraded":4,"win_rate":0.0,"timestamp":1613105549,"path_taken":["M","?","?","M","?","R","E","R","T","E","R","$","M","?","R","BOSS","M","$","?","?","M","R","E"],"items_purchased_type":["Relic","Card","Card","Card","Relic","Relic","Relic","Card","Card","Relic","Relic"],"build_version":"2020-12-22","purchased_purges":0,"victory":false,"max_hp_per_floor":[86,86,86,86,86,86,86,86,86,86,86,86,86,86,86,86,86,86,86,86,86,86,86,86,86],"card_choices":[{"not_picked":["Evaluate","Nirvana"],"picked":"ClearTheMind","floor":1},{"not_picked":["Evaluate","Protect"],"picked":"LikeWater","floor":2},{"not_picked":["Vengeance","Study"],"picked":"ThirdEye","floor":3},{"not_picked":["SashWhip","WindmillStrike"],"picked":"BowlingBash","floor":4},{"not_picked":["SashWhip","Collect"],"picked":"DevaForm","floor":7},{"not_picked":["Sanctity","SashWhip"],"picked":"FlurryOfBlows","floor":10},{"not_picked":["JustLucky","FlyingSleeves"],"picked":"Perseverance","floor":13},{"not_picked":["Blasphemy","SpiritShield"],"picked":"ConjureBlade","floor":16},{"not_picked":["BowlingBash","WaveOfTheHand"],"picked":"Crescendo","floor":18},{"not_picked":["FlyingSleeves","JustLucky+1"],"picked":"Evaluate","floor":19},{"not_picked":["Meditate","Blasphemy"],"picked":"Pray","floor":19},{"not_picked":["Blasphemy","Protect+1"],"picked":"SashWhip+1","floor":19},{"not_picked":["EmptyBody","BowlingBash"],"picked":"Evaluate","floor":19},{"not_picked":["Study+1","Prostrate"],"picked":"FlyingSleeves+1","floor":19},{"not_picked":["ThirdEye+1","WindmillStrike"],"picked":"ForeignInfluence+1","floor":22}],"player_experience":45587,"relics_obtained":[{"floor":7,"key":"Bronze Scales"},{"floor":9,"key":"Bottled Tornado"},{"floor":10,"key":"Bird Faced Urn"},{"floor":21,"key":"Nilry\u0027s Codex"}],"event_choices":[{"damage_healed":78,"gold_gain":0,"player_choice":"Upgrade","damage_taken":17,"max_hp_gain":0,"max_hp_loss":86,"event_name":"betterThird:BetterShining","floor":5,"gold_loss":0,"cards_upgraded":["Defend_P","BowlingBash"]},{"damage_healed":0,"gold_gain":0,"player_choice":"Grow","damage_taken":0,"max_hp_gain":0,"max_hp_loss":0,"event_name":"Living Wall","floor":14,"gold_loss":0,"cards_upgraded":["FlurryOfBlows"]},{"damage_healed":0,"gold_gain":0,"player_choice":"Ignored","damage_taken":0,"max_hp_gain":0,"max_hp_loss":0,"event_name":"Vampires","floor":20,"gold_loss":0},{"damage_healed":0,"gold_gain":0,"player_choice":"Obtained Book","damage_taken":16,"max_hp_gain":0,"max_hp_loss":0,"event_name":"Cursed Tome","floor":21,"gold_loss":0}],"is_beta":false,"boss_relics":[{"not_picked":["Empty Cage","SlaversCollar"],"picked":"Black Star"}],"items_purged_floors":[],"is_endless":false,"potions_floor_spawned":[1,7,13,16,18,22],"killed_by":"Gremlin Leader","ascension_level":1}}