{"host":"g2yp6paluzgljz05","time":1613143838,"event":{"mods":["BaseMod","Bestiary","Colored Powertips","DeckTracker","Highlight Path","Minty Spire (QoL Compilation)","Quick Restart"],"gold_per_floor":[111,131,131,50,50,50,83,83,83,117,117,117,127,138,138,239,239,239,239],"floor_reached":18,"language":"ENG","playtime":668,"items_purged":[],"score":262,"play_id":"628a1cfd-1310-4fe6-91e9-15f92005341f","local_time":"20210213023038","is_ascension_mode":true,"campfire_choices":[{"data":"Zap","floor":6,"key":"SMITH"},{"data":"Loop","floor":8,"key":"SMITH"},{"floor":15,"key":"REST"}],"circlet_count":0,"master_deck":["Zap+1","Dualcast","Capacitor","Loop+1","Defragment","Rebound","Seek","Chaos","Recycle","Stack","Gash","Leap","Coolheaded"],"relics":["Cracked Core","NeowsBlessing","Nunchaku","Bag of Marbles","Regal Pillow","Pandora\u0027s Box"],"acts_visited":["Exordium","TheCity"],"potions_floor_usage":[16],"damage_taken":[{"damage":0,"enemies":"Cultist","floor":1,"turns":1},{"damage":0,"enemies":"Small Slimes","floor":2,"turns":1},{"damage":0,"enemies":"Gremlin Nob","floor":7,"turns":1},{"damage":45,"enemies":"3 Sentries","floor":10,"turns":8},{"damage":9,"enemies":"Jaw Worm","floor":13,"turns":3},{"damage":18,"enemies":"Exordium Thugs","floor":14,"turns":4},{"damage":43,"enemies":"Slime Boss","floor":16,"turns":9},{"damage":21,"enemies":"3 Byrds","floor":18,"turns":3}],"seed_played":"-4315826070709718018","potions_obtained":[{"floor":1,"key":"Strength Potion"},{"floor":2,"key":"GamblersBrew"},{"floor":12,"key":"EssenceOfDarkness"},{"floor":12,"key":"SkillPotion"},{"floor":16,"key":"Strength Potion"}],"is_trial":false,"path_per_floor":["M","M","?","$","?","R","E","R","T","E","?","?","M","M","R","B",null,"M"],"character_chosen":"DEFECT","items_purchased":["Loop"],"campfire_rested":1,"item_purchase_floors":[4],"current_hp_per_floor":[75,75,68,68,68,68,68,68,68,23,48,48,39,21,58,15,75,54,54],"gold":239,"neow_bonus":"THREE_ENEMY_KILL","is_daily":false,"chose_seed":false,"campfire_upgraded":2,"win_rate":0.0,"timestamp":1613143838,"path_taken":["M","?","?","$","?","R","E","R","T","E","?","?","?","M","R","BOSS","M"],"items_purchased_type":["Card"],"build_version":"2020-12-22","purchased_purges":0,"victory":false,"max_hp_per_floor":[75,75,75,75,75,75,75,75,75,75,75,75,75,75,75,75,75,75,75],"card_choices":[{"not_picked":["Reinforced Body","Redo","Go for the Eyes"],"picked":"SKIP","floor":1},{"not_picked":["Skim","Defragment"],"picked":"Capacitor","floor":2},{"not_picked":["Cold Snap","Lockon","Amplify"],"picked":"SKIP","floor":7},{"not_picked":["Doom and Gloom","Leap"],"picked":"Defragment","floor":10},{"not_picked":["Conserve Battery","Sweeping Beam"],"picked":"Rebound","floor":13},{"not_picked":["Go for the Eyes","Leap","Rip and Tear"],"picked":"SKIP","floor":14},{"not_picked":["Fission","Hyperbeam"],"picked":"Seek","floor":16}],"player_experience":364311,"relics_obtained":[{"floor":7,"key":"Nunchaku"},{"floor":9,"key":"Bag of Marbles"},{"floor":10,"key":"Regal Pillow"}],"event_choices":[{"cards_removed":["Strike_B"],"damage_healed":0,"gold_gain":0,"player_choice":"Card Removal","damage_taken":7,"max_hp_gain":0,"max_hp_loss":0,"event_name":"Golden Wing","floor":3,"gold_loss":0},{"cards_removed":["Strike_B"],"damage_healed":0,"gold_gain":0,"player_choice":"Forget","damage_taken":0,"max_hp_gain":0,"max_hp_loss":0,"event_name":"Living Wall","floor":5,"gold_loss":0},{"damage_healed":25,"gold_gain":0,"player_choice":"Banana","damage_taken":0,"max_hp_gain":0,"max_hp_loss":0,"event_name":"Big Fish","floor":11,"gold_loss":0},{"damage_healed":0,"gold_gain":0,"player_choice":"Got Potions","damage_taken":0,"max_hp_gain":0,"max_hp_loss":0,"event_name":"Lab","floor":12,"gold_loss":0}],"is_beta":false,"boss_relics":[{"not_picked":["FrozenCore","Inserter"],"picked":"Pandora\u0027s Box"}],"items_purged_floors":[],"is_endless":false,"potions_floor_spawned":[1,2,16],"killed_by":"3 Byrds","ascension_level":4}}