{"host":"91blwi3hgehj6ch9","time":1613116894,"event":{"mods":["2.2 Compatiblity","AchievementEnabler","BaseMod","Colored Map","DeckTracker","Keyboard Shortcuts","Minty Spire (QoL Compilation)","Permanent Neow","Quick Restart","StSLib","SuperFastMode","everything is the same but u backflip on backflip"],"gold_per_floor":[119,139,64,139,151,183,183,201,226,242,242,323,323,335,335,440,440,452,452,469,469,568,568,583,483,506,520,241,270,270,290,290,290,290],"floor_reached":33,"language":"KOR","playtime":2215,"items_purged":["Strike_R","Defend_R","Strike_R+1"],"score":336,"play_id":"e3e8c41b-e8af-4fea-be78-803ca34081fa","local_time":"20210212170134","is_ascension_mode":true,"campfire_choices":[{"data":"Evolve","floor":7,"key":"SMITH"},{"data":"Sword Boomerang","floor":15,"key":"SMITH"},{"data":"Bludgeon","floor":30,"key":"SMITH"},{"floor":32,"key":"REST"}],"circlet_count":0,"master_deck":["Defend_R+1","Defend_R","Defend_R","Bash","Sword Boomerang+1","Disarm+1","Wild Strike","Evolve+1","Burning Pact+1","Reaper","Impervious","Pommel Strike","Power Through","Bloodletting+1","Bludgeon+1","Blood for Blood","Juggernaut"],"relics":["Burning Blood","Anchor","War Paint","Juzu Bracelet","Meat on the Bone","Empty Cage","CeramicFish","Membership Card"],"acts_visited":["Exordium","TheCity"],"potions_floor_usage":[16,27,29,29],"damage_taken":[{"damage":10,"enemies":"Cultist","floor":1,"turns":5},{"damage":6,"enemies":"Jaw Worm","floor":2,"turns":4},{"damage":0,"enemies":"Small Slimes","floor":5,"turns":5},{"damage":32,"enemies":"Gremlin Nob","floor":6,"turns":4},{"damage":12,"enemies":"Looter","floor":8,"turns":5},{"damage":1,"enemies":"3 Louse","floor":10,"turns":5},{"damage":5,"enemies":"2 Fungi Beasts","floor":14,"turns":5},{"damage":32,"enemies":"The Guardian","floor":16,"turns":23},{"damage":17,"enemies":"3 Byrds","floor":18,"turns":10},{"damage":0,"enemies":"Chosen","floor":20,"turns":8},{"damage":25,"enemies":"Snake Plant","floor":24,"turns":10},{"damage":48,"enemies":"Sentry and Sphere","floor":27,"turns":7},{"damage":20,"enemies":"Chosen and Byrds","floor":29,"turns":12},{"damage":21,"enemies":"Snecko","floor":31,"turns":3},{"damage":50,"enemies":"Champ","floor":33,"turns":7}],"seed_played":"-5114687311305480625","potions_obtained":[{"floor":2,"key":"Fire Potion"},{"floor":6,"key":"AttackPotion"},{"floor":10,"key":"Fire Potion"},{"floor":16,"key":"Dexterity Potion"},{"floor":18,"key":"ElixirPotion"},{"floor":27,"key":"Block Potion"}],"is_trial":false,"path_per_floor":["M","M","$","?","M","E","R","M","T","M","?","T","?","M","R","B",null,"M","?","M","?","?","?","M","$","T","M","$","M","R","M","R","B"],"character_chosen":"IRONCLAD","items_purchased":["Membership Card","Bludgeon"],"campfire_rested":1,"item_purchase_floors":[28,28],"current_hp_per_floor":[68,68,68,57,63,37,37,31,31,36,36,36,20,37,37,27,67,63,63,72,72,72,72,53,53,53,23,23,24,24,21,45,0,0],"gold":290,"neow_bonus":"RANDOM_COMMON_RELIC","is_daily":false,"chose_seed":false,"campfire_upgraded":3,"win_rate":0.0,"timestamp":1613116894,"path_taken":["M","?","$","?","M","E","R","M","T","M","?","?","?","M","R","BOSS","M","?","M","?","?","?","M","$","T","M","$","M","R","M","R","BOSS"],"items_purchased_type":["Relic","Card"],"build_version":"2020-12-22","purchased_purges":3,"victory":false,"max_hp_per_floor":[80,80,80,80,80,80,80,80,80,80,80,80,80,80,80,80,80,80,80,80,80,80,80,80,80,80,80,80,80,80,80,80,80,80],"card_choices":[{"not_picked":["True Grit","Warcry"],"picked":"Sword Boomerang","floor":1},{"not_picked":["Clothesline","Cleave"],"picked":"Disarm","floor":2},{"not_picked":["Offering","Cleave"],"picked":"Wild Strike","floor":5},{"not_picked":["Seeing Red","Headbutt"],"picked":"Evolve","floor":6},{"not_picked":["Blood for Blood","Sentinel"],"picked":"Burning Pact","floor":8},{"not_picked":["Cleave","Clothesline","Perfected Strike"],"picked":"SKIP","floor":10},{"not_picked":["Warcry","Shockwave","Clash"],"picked":"SKIP","floor":14},{"not_picked":["Exhume","Double Tap"],"picked":"Impervious","floor":16},{"not_picked":["Anger+1","Sword Boomerang"],"picked":"Pommel Strike","floor":18},{"not_picked":["Rampage+1","Flex"],"picked":"Bloodletting+1","floor":20},{"not_picked":["Sword Boomerang","Headbutt","Havoc"],"picked":"SKIP","floor":24},{"not_picked":["Cleave","Sword Boomerang","Wild Strike"],"picked":"SKIP","floor":27},{"not_picked":["Sword Boomerang+1","Intimidate+1"],"picked":"Blood for Blood","floor":29},{"not_picked":["Pommel Strike+1","Warcry"],"picked":"Juggernaut","floor":31}],"player_experience":216791,"relics_obtained":[{"floor":6,"key":"War Paint"},{"floor":9,"key":"Juzu Bracelet"},{"floor":12,"key":"Meat on the Bone"},{"floor":26,"key":"CeramicFish"}],"event_choices":[{"damage_healed":0,"gold_gain":75,"player_choice":"Gather Gold","damage_taken":11,"max_hp_gain":0,"max_hp_loss":0,"event_name":"World of Goop","floor":4,"gold_loss":0},{"damage_healed":0,"gold_gain":0,"cards_transformed":["Strike_R"],"player_choice":"Change","damage_taken":0,"max_hp_gain":0,"max_hp_loss":0,"event_name":"Living Wall","floor":11,"gold_loss":0,"cards_obtained":["Reaper"]},{"damage_healed":0,"gold_gain":0,"player_choice":"Entered Light","damage_taken":16,"max_hp_gain":0,"max_hp_loss":0,"event_name":"Shining Light","floor":13,"gold_loss":0,"cards_upgraded":["Strike_R","Burning Pact"]},{"damage_healed":0,"gold_gain":0,"player_choice":"Read","damage_taken":0,"max_hp_gain":0,"max_hp_loss":0,"event_name":"The Library","floor":19,"gold_loss":0,"cards_obtained":["Power Through"]},{"damage_healed":0,"gold_gain":0,"player_choice":"Ignored","damage_taken":0,"max_hp_gain":0,"max_hp_loss":0,"event_name":"Ghosts","floor":21,"gold_loss":0},{"damage_healed":0,"gold_gain":99,"player_choice":"Stole From Cult","damage_taken":0,"max_hp_gain":0,"max_hp_loss":0,"event_name":"Nest","floor":22,"gold_loss":0},{"damage_healed":0,"gold_gain":0,"player_choice":"Ignored","damage_taken":0,"max_hp_gain":0,"max_hp_loss":0,"event_name":"Vampires","floor":23,"gold_loss":0}],"is_beta":false,"boss_relics":[{"not_picked":["Cursed Key","Busted Crown"],"picked":"Empty Cage"}],"items_purged_floors":[3,25,28],"is_endless":false,"potions_floor_spawned":[2,6,10,16,18,24,27],"killed_by":"Champ","ascension_level":7}}