{"host":"Jinnai","time":1613093914,"event":{"mods":["BaseMod","Block Reminder","Colored Map","Colored Powertips","Curses Come First","Highlight Path","Minty Spire (QoL Compilation)","Permanent Neow","Potion Indicator Mod","Quick Restart","Relic Stats","StSLib","ojb\u0027s Info Mod"],"gold_per_floor":[119,119,119,137,155,155,155],"floor_reached":6,"language":"ENG","playtime":233,"items_purged":[],"score":72,"play_id":"5502435e-a77d-44b5-8657-ae246fd874a8","local_time":"20210211203834","is_ascension_mode":true,"campfire_choices":[],"circlet_count":0,"master_deck":["AscendersBane","Strike_P","Strike_P","Strike_P","Strike_P","Defend_P","Defend_P","Eruption","Vigilance","FollowUp","Consecrate","BowlingBash","ThirdEye"],"relics":["Philosopher\u0027s Stone"],"acts_visited":["Exordium"],"potions_floor_usage":[],"damage_taken":[{"damage":5,"enemies":"Small Slimes","floor":1,"turns":3},{"damage":3,"enemies":"2 Louse","floor":4,"turns":2},{"damage":0,"enemies":"Jaw Worm","floor":5,"turns":1},{"damage":75,"enemies":"Gremlin Nob","floor":6,"turns":3}],"seed_played":"-4680705961085855588","potions_obtained":[],"is_trial":false,"path_per_floor":["M","?","?","M","M","E"],"character_chosen":"WATCHER","items_purchased":[],"campfire_rested":0,"item_purchase_floors":[],"current_hp_per_floor":[56,49,49,46,46,0,0],"gold":155,"neow_bonus":"BOSS_RELIC","is_daily":false,"chose_seed":false,"campfire_upgraded":0,"win_rate":0.0,"timestamp":1613093914,"path_taken":["M","?","?","M","M","E"],"items_purchased_type":[],"build_version":"2020-12-18","purchased_purges":0,"victory":false,"max_hp_per_floor":[68,68,68,68,68,68,68],"relic_stats":{"counters":[4,9],"obtain_stats":[{"Philosopher\u0027s Stone":0,"PureWater":0},{"Philosopher\u0027s Stone":0,"PureWater":0},{"Philosopher\u0027s Stone":0,"PureWater":0}]},"card_choices":[{"not_picked":["Protect","Halt"],"picked":"FollowUp","floor":1},{"not_picked":["Consecrate","Vengeance"],"picked":"BowlingBash","floor":4},{"not_picked":["Worship","LikeWater"],"picked":"ThirdEye","floor":5}],"player_experience":1720875,"relics_obtained":[],"event_choices":[{"cards_removed":["Defend_P"],"damage_healed":0,"gold_gain":0,"player_choice":"Card Removal","damage_taken":7,"max_hp_gain":0,"max_hp_loss":0,"event_name":"Golden Wing","floor":2,"gold_loss":0},{"damage_healed":0,"gold_gain":0,"cards_transformed":["Defend_P"],"player_choice":"Change","damage_taken":0,"max_hp_gain":0,"max_hp_loss":0,"event_name":"Living Wall","floor":3,"gold_loss":0,"cards_obtained":["Consecrate"]}],"is_beta":true,"boss_relics":[],"items_purged_floors":[],"is_endless":false,"potions_floor_spawned":[],"killed_by":"Gremlin Nob","ascension_level":20}}