{"host":"ix07nhfx4o3nf6kx","time":1613121560,"event":{"mods":["BaseMod","Hermit","Minty Spire (QoL Compilation)","StSLib","The Bug Knight","The Cursed","The Dragon Tamer","The Hierophant","The Jungle","The Runesmith"],"gold_per_floor":[109,122,136,24,74,84,84,39,92,92,92,69,127,190,190,174,174],"floor_reached":16,"language":"KOR","playtime":656,"items_purged":[],"score":119,"play_id":"4291d068-9169-4e7b-b0e8-1f3f9d37e4b1","local_time":"20210212181920","is_ascension_mode":false,"campfire_choices":[{"data":"hierophant:Charity","floor":7,"key":"SMITH"},{"data":"hierophant:ChurchCoffers","floor":10,"key":"SMITH"},{"data":"hierophant:Flagellation","floor":15,"key":"SMITH"}],"circlet_count":0,"master_deck":["hierophant:Strike_Hierophant","hierophant:Strike_Hierophant","hierophant:Strike_Hierophant","hierophant:Punish","hierophant:Defend_Hierophant","hierophant:Defend_Hierophant","hierophant:Defend_Hierophant","hierophant:Defend_Hierophant+1","hierophant:ChurchCoffers+1","hierophant:Flagellation","hierophant:Alms","hierophant:RustyCrate","hierophant:Doubloon","hierophant:Doubloon","hierophant:Charity+1","hierophant:Doubloon","hierophant:FaithHealing","hierophant:AuricBeam","hierophant:Shelter","hierophant:Doubloon+1","hierophant:Doubloon","hierophant:Flagellation+1","hierophant:PassingBell"],"relics":["hierophant:PropheticMaskRelic","War Paint"],"acts_visited":["Exordium"],"potions_floor_usage":[16,16,16],"damage_taken":[{"damage":4,"enemies":"Small Slimes","floor":1,"turns":5},{"damage":0,"enemies":"2 Louse","floor":2,"turns":1},{"damage":1,"enemies":"Cultist","floor":3,"turns":3},{"damage":0,"enemies":"Exordium Wildlife","floor":5,"turns":1},{"damage":5,"enemies":"2 Fungi Beasts","floor":6,"turns":3},{"damage":0,"enemies":"Gremlin Gang","floor":13,"turns":2},{"damage":5,"enemies":"3 Louse","floor":14,"turns":3},{"damage":75,"enemies":"The Guardian","floor":16,"turns":8}],"seed_played":"-7995865790701669760","potions_obtained":[{"floor":2,"key":"Weak Potion"},{"floor":13,"key":"AttackPotion"},{"floor":14,"key":"Weak Potion"}],"is_trial":false,"path_per_floor":["M","M","M","$","M","M","R","$","T","R","?","$","M","M","R","B"],"character_chosen":"HIEROPHANT","items_purchased":["hierophant:Charity","hierophant:FaithHealing","hierophant:Doubloon","hierophant:Doubloon"],"campfire_rested":0,"item_purchase_floors":[4,4,8,12],"current_hp_per_floor":[78,78,77,77,77,72,72,72,72,72,65,65,65,60,60,0,0],"gold":174,"neow_bonus":"TEN_PERCENT_HP_BONUS","is_daily":false,"chose_seed":false,"campfire_upgraded":3,"win_rate":0.0,"timestamp":1613121560,"path_taken":["M","M","M","$","M","M","R","$","T","R","?","$","M","M","R","BOSS"],"items_purchased_type":["Card","Card","Card","Card"],"build_version":"2020-12-22","purchased_purges":0,"victory":false,"max_hp_per_floor":[82,82,82,82,82,82,82,82,82,82,82,82,82,82,82,82,82],"card_choices":[{"not_picked":["hierophant:FieryStrike","hierophant:OrnateBuckler"],"picked":"hierophant:Flagellation","floor":1},{"not_picked":["hierophant:ThreeLashes","hierophant:Mercenaries"],"picked":"hierophant:Alms","floor":2},{"not_picked":["hierophant:HammerAndAnvil","hierophant:ThreeLashes"],"picked":"hierophant:RustyCrate","floor":3},{"not_picked":["hierophant:HammerAndAnvil","hierophant:FlamingChariot"],"picked":"hierophant:AuricBeam","floor":5},{"not_picked":["hierophant:DisplayOfPower","hierophant:FlamingChariot"],"picked":"hierophant:Shelter","floor":6},{"not_picked":["hierophant:HolyVerse","hierophant:Martyrdom"],"picked":"hierophant:Flagellation","floor":13},{"not_picked":["hierophant:Purify","hierophant:CoinFling"],"picked":"hierophant:PassingBell","floor":14}],"player_experience":251285,"relics_obtained":[{"floor":9,"key":"War Paint"}],"event_choices":[{"cards_removed":["hierophant:Strike_Hierophant"],"damage_healed":0,"gold_gain":0,"player_choice":"Card Removal","damage_taken":7,"max_hp_gain":0,"max_hp_loss":0,"event_name":"Golden Wing","floor":11,"gold_loss":0}],"is_beta":false,"boss_relics":[],"items_purged_floors":[],"is_endless":false,"potions_floor_spawned":[2,13,14],"killed_by":"The Guardian","ascension_level":0}}