{"host":"4epvxsx6d4oxmc67","time":1613171065,"event":{"mods":["AchievementEnabler","BaseMod","Colored Map","Highlight Path","Minty Spire (QoL Compilation)"],"gold_per_floor":[113,63,73,73,86,86,106,132,132,132,142,44,44,69,69,173,173,190,190,213,68,81,81,100,100,100,135,135,148,148,165,165,261,261,279,333,333,351,370,370,370,383,410,4,4,36,36,55,55,55],"floor_reached":51,"language":"ENG","playtime":2956,"items_purged":["Strike_B","Defend_B"],"score":746,"play_id":"36b0958c-6e52-4c56-845d-a7739b5fc6a6","local_time":"20210212230425","is_ascension_mode":true,"campfire_choices":[{"data":"Dualcast","floor":6.0,"key":"SMITH"},{"data":"Compile Driver","floor":13.0,"key":"SMITH"},{"floor":15.0,"key":"REST"},{"data":"Defragment","floor":23.0,"key":"SMITH"},{"data":"Electrodynamics","floor":25.0,"key":"SMITH"},{"data":"Ball Lightning","floor":28,"key":"SMITH"},{"data":"Barrage","floor":30,"key":"SMITH"},{"floor":32,"key":"REST"},{"floor":40,"key":"REST"},{"data":"Sweeping Beam","floor":45,"key":"SMITH"},{"floor":49,"key":"REST"}],"circlet_count":0,"master_deck":["Strike_B","Strike_B","Defend_B","Defend_B","Defend_B","Zap+1","Dualcast+1","Genetic Algorithm","Melter","Coolheaded","Capacitor","Compile Driver+1","Cold Snap","Sweeping Beam+1","Electrodynamics+1","Defragment+1","Cold Snap+1","Redo","Ball Lightning+1","Barrage+1","Streamline","Seek","Master of Strategy","Glacier+1","Darkness+1","Compile Driver+1","Fission"],"relics":["Cracked Core","Toy Ornithopter","Omamori","Bottled Lightning","Mercury Hourglass","Snecko Eye","MutagenicStrength","Blood Vial","Happy Flower","Oddly Smooth Stone","PreservedInsect","Nuclear Battery","Mango","Bag of Preparation","Vajra","Ancient Tea Set","Calipers"],"acts_visited":["Exordium","TheCity","TheBeyond"],"potions_floor_usage":[27,31,36,46,50,50,50],"damage_taken":[{"damage":2.0,"enemies":"Jaw Worm","floor":1.0,"turns":3.0},{"damage":1.0,"enemies":"Cultist","floor":3.0,"turns":3.0},{"damage":1.0,"enemies":"Small Slimes","floor":5.0,"turns":4.0},{"damage":0.0,"enemies":"Exordium Wildlife","floor":7.0,"turns":1.0},{"damage":17.0,"enemies":"3 Sentries","floor":8.0,"turns":7.0},{"damage":1.0,"enemies":"3 Louse","floor":11.0,"turns":5.0},{"damage":9.0,"enemies":"Lagavulin","floor":14.0,"turns":5.0},{"damage":36.0,"enemies":"Hexaghost","floor":16.0,"turns":10.0},{"damage":20.0,"enemies":"2 Thieves","floor":18.0,"turns":3.0},{"damage":3.0,"enemies":"Spheric Guardian","floor":22.0,"turns":3.0},{"damage":1.0,"enemies":"Cultist and Chosen","floor":24.0,"turns":6.0},{"damage":15,"enemies":"Book of Stabbing","floor":27,"turns":5},{"damage":0,"enemies":"Snake Plant","floor":29,"turns":3},{"damage":0,"enemies":"3 Cultists","floor":31,"turns":3},{"damage":32,"enemies":"Automaton","floor":33,"turns":9},{"damage":10,"enemies":"3 Darklings","floor":35,"turns":4},{"damage":26,"enemies":"2 Orb Walkers","floor":36,"turns":4},{"damage":0,"enemies":"3 Shapes","floor":38,"turns":2},{"damage":47,"enemies":"Transient","floor":39,"turns":5},{"damage":3,"enemies":"4 Shapes","floor":42,"turns":2},{"damage":13,"enemies":"Nemesis","floor":46,"turns":5},{"damage":0,"enemies":"Sphere and 2 Shapes","floor":48,"turns":4},{"damage":52,"enemies":"Time Eater","floor":50,"turns":9}],"seed_played":"2316760290893934879","potions_obtained":[{"floor":1.0,"key":"Weak Potion"},{"floor":5.0,"key":"SpeedPotion"},{"floor":11.0,"key":"PowerPotion"},{"floor":14.0,"key":"Weak Potion"},{"floor":18.0,"key":"BlessingOfTheForge"},{"floor":22.0,"key":"Fire Potion"},{"floor":27,"key":"Dexterity Potion"},{"floor":29,"key":"SteroidPotion"},{"floor":36,"key":"FocusPotion"},{"floor":38,"key":"Weak Potion"},{"floor":48,"key":"Block Potion"}],"is_trial":false,"path_per_floor":["M","?","M","?","M","R","M","E","T","T","M","$","R","E","R","B",null,"M","?","T","$","M","R","M","R","T","E","R","M","R","M","R","B",null,"M","?","?","M","M","R","$","M","T","$","R","E","?","M","R","B",null],"character_chosen":"DEFECT","items_purchased":["Cold Snap","Happy Flower","Vajra","Ancient Tea Set"],"campfire_rested":4,"item_purchase_floors":[12,21,44,44],"current_hp_per_floor":[73,73,72,72,71,71,71,54,54,54,53,53,53,49,71,45,75,55,55,55,55,54,54,55,55,55,47,47,49,49,56,75,43,75,65,60,60,62,17,43,43,42,42,42,42,36,36,38,63,28],"gold":55,"neow_bonus":"UPGRADE_CARD","is_daily":false,"chose_seed":false,"campfire_upgraded":7,"win_rate":0.0,"timestamp":1613171065,"path_taken":["M","?","M","?","M","R","M","E","T","?","?","$","R","E","R","BOSS","M","?","?","?","M","R","M","R","T","E","R","M","R","M","R","BOSS","M","?","?","M","M","R","$","?","T","$","R","E","?","M","R","BOSS"],"items_purchased_type":["Card","Relic","Relic","Relic"],"build_version":"2020-12-22","purchased_purges":2,"victory":true,"max_hp_per_floor":[75,75,75,75,75,75,75,75,75,75,75,75,75,75,75,75,75,75,75,75,75,75,75,75,75,75,75,75,75,75,75,75,75,75,75,89,89,89,89,89,89,89,89,89,89,89,85,85,85,85],"card_choices":[{"not_picked":["Sunder","Turbo"],"picked":"Genetic Algorithm","floor":1.0},{"not_picked":["Rebound","Aggregate"],"picked":"Melter","floor":3.0},{"not_picked":["Leap","Reprogram"],"picked":"Coolheaded","floor":5.0},{"not_picked":["Turbo","Force Field","Scrape"],"picked":"SKIP","floor":7.0},{"not_picked":["Beam Cell","Sweeping Beam"],"picked":"Capacitor","floor":8.0},{"not_picked":["Beam Cell","Steam"],"picked":"Compile Driver","floor":11.0},{"not_picked":["Blizzard","Reboot"],"picked":"Sweeping Beam","floor":14.0},{"not_picked":["Reboot","Biased Cognition"],"picked":"Electrodynamics","floor":16.0},{"not_picked":["Sweeping Beam","Lockon"],"picked":"Defragment","floor":18.0},{"not_picked":["Steam","Recycle"],"picked":"Cold Snap+1","floor":22.0},{"not_picked":["Barrage","Go for the Eyes"],"picked":"Redo","floor":24.0},{"not_picked":["Redo","Streamline"],"picked":"Ball Lightning","floor":27},{"not_picked":["Stack","Gash"],"picked":"Barrage","floor":29},{"not_picked":["Steam","Stack"],"picked":"Streamline","floor":31},{"not_picked":["Creative AI","Machine Learning"],"picked":"Seek","floor":33},{"not_picked":["Redo+1","Steam","Compile Driver"],"picked":"SKIP","floor":35},{"not_picked":["Forethought","PanicButton"],"picked":"Master of Strategy","floor":37},{"not_picked":["Steam+1","Sweeping Beam","Rip and Tear"],"picked":"SKIP","floor":38},{"not_picked":["Ball Lightning+1","Stack"],"picked":"Glacier+1","floor":39},{"not_picked":["Conserve Battery","Melter"],"picked":"Darkness+1","floor":42},{"not_picked":["Skim","Hologram+1"],"picked":"Compile Driver+1","floor":46},{"not_picked":["Steam+1","Coolheaded+1"],"picked":"Fission","floor":48}],"player_experience":102696,"relics_obtained":[{"floor":8.0,"key":"Toy Ornithopter"},{"floor":9.0,"key":"Omamori"},{"floor":10.0,"key":"Bottled Lightning"},{"floor":14.0,"key":"Mercury Hourglass"},{"floor":20.0,"key":"Blood Vial"},{"floor":26.0,"key":"Oddly Smooth Stone"},{"floor":27,"key":"PreservedInsect"},{"floor":36,"key":"Mango"},{"floor":43,"key":"Bag of Preparation"},{"floor":46,"key":"Calipers"}],"event_choices":[{"cards_removed":["Strike_B"],"damage_healed":0.0,"max_hp_gain":0.0,"max_hp_loss":0.0,"gold_gain":0.0,"event_name":"The Cleric","player_choice":"Card Removal","floor":2.0,"gold_loss":50.0,"damage_taken":0.0},{"damage_healed":0.0,"max_hp_gain":0.0,"max_hp_loss":0.0,"gold_gain":0.0,"event_name":"Liars Game","player_choice":"Ignored","floor":4.0,"gold_loss":0.0,"damage_taken":0.0},{"damage_healed":0.0,"max_hp_gain":0.0,"max_hp_loss":0.0,"gold_gain":0.0,"event_name":"Drug Dealer","player_choice":"Inject Mutagens","floor":19.0,"gold_loss":0.0,"damage_taken":0.0,"relics_obtained":["MutagenicStrength"]},{"damage_healed":0,"gold_gain":0,"player_choice":"Fight","damage_taken":0,"max_hp_gain":0,"max_hp_loss":0,"event_name":"Mysterious Sphere","floor":36,"gold_loss":0},{"damage_healed":0,"gold_gain":0,"player_choice":"Memory 1","damage_taken":0,"max_hp_gain":0,"max_hp_loss":0,"event_name":"SensoryStone","floor":37,"gold_loss":0},{"damage_healed":0,"gold_gain":0,"player_choice":"Max HP","damage_taken":0,"max_hp_gain":0,"max_hp_loss":4,"event_name":"Winding Halls","floor":47,"gold_loss":0}],"is_beta":false,"boss_relics":[{"not_picked":["Pandora\u0027s Box","Calling Bell"],"picked":"Snecko Eye"},{"not_picked":["Cursed Key","Black Star"],"picked":"Nuclear Battery"}],"items_purged_floors":[12,44],"is_endless":false,"potions_floor_spawned":[1,5,11,14,18,22,27,29,36,38,48],"ascension_level":2}}