{"host":"wq5h7jomr5a1xww7","time":1613102112,"event":{"mods":["BaseMod","Beaked The Cultist","Highlight Path","Minty Spire (QoL Compilation)","Relic Stats","StSLib"],"gold_per_floor":[109,124,124,143,153,178,178,198,280,280,295,295,42,67,67,167,167,179,179,198,198,227,253,253,269,269,300,319,338,358,371,371,475,475,485,510,560,573,605,630,647,665,691,691,720,737,763,782,782,782,782,782,0,27,27],"floor_reached":56,"language":"ENG","playtime":5231,"items_purged":["beaked:Strike_Y+1"],"score":1423,"play_id":"a8cc4811-5829-4dff-bf1a-98ca5f0320c5","local_time":"20210211215512","is_ascension_mode":false,"campfire_choices":[{"data":"beaked:StickSmack","floor":7.0,"key":"SMITH"},{"data":"beaked:Molting","floor":10.0,"key":"SMITH"},{"data":"beaked:AwakenedForm","floor":15.0,"key":"SMITH"},{"floor":32.0,"key":"REST"},{"floor":49,"key":"RECALL"},{"data":"beaked:MachineEssence","floor":52,"key":"SMITH"}],"circlet_count":0,"master_deck":["beaked:Strike_Y+1","beaked:Defend_Y","beaked:Defend_Y","beaked:Defend_Y","beaked:Defend_Y","beaked:Ceremony","beaked:Ceremony","beaked:Ceremony","beaked:StickSmack+1","beaked:Molting+1","beaked:Flinch","beaked:MimicMachine+1","beaked:AwakenedForm+1","beaked:TuckingFeathers+1","beaked:BarbedWire+1","beaked:KnowThyFoe+1","beaked:Flinch+1","beaked:BounceBack+1","beaked:KnowThyFoe+1","beaked:Roost+1","beaked:SacrificialAttack+1","beaked:Foresight+1","beaked:TuckingFeathers+1","beaked:WindBringer+1","beaked:BloodRitual+1","beaked:WarriorEssence+1","beaked:Tweet+1","beaked:WarriorEssence+1","beaked:Brace+1","beaked:DigDeep+1","beaked:VigorBurst+1","Purity+1","beaked:WarriorEssence+1","beaked:Brace+1","beaked:MachineEssence+1","beaked:WarriorEssence+1","beaked:DigDeep+1"],"relics":["beaked:MendingPlumage","Toxic Egg 2","Darkstone Periapt","beaked:ShinyBauble","Pocketwatch","beaked:MawFillet","Oddly Smooth Stone","Molten Egg 2","Peace Pipe","Blue Candle","Astrolabe","Orichalcum","Torii","Bronze Scales","Potion Belt","StoneCalendar","Bottled Tornado","TungstenRod","HornCleat","Turnip"],"acts_visited":["Exordium","TheCity","TheBeyond","TheEnding"],"potions_floor_usage":[47,55,55,55],"damage_taken":[{"damage":10.0,"enemies":"2 Louse","floor":1.0,"turns":5.0},{"damage":10.0,"enemies":"Jaw Worm","floor":2.0,"turns":4.0},{"damage":6.0,"enemies":"Cultist","floor":4.0,"turns":4.0},{"damage":39.0,"enemies":"Exordium Thugs","floor":5.0,"turns":11.0},{"damage":31.0,"enemies":"3 Sentries","floor":6.0,"turns":8.0},{"damage":10.0,"enemies":"3 Louse","floor":8.0,"turns":9.0},{"damage":28.0,"enemies":"Exordium Wildlife","floor":11.0,"turns":9.0},{"damage":0.0,"enemies":"Gremlin Nob","floor":14.0,"turns":3.0},{"damage":30.0,"enemies":"Slime Boss","floor":16.0,"turns":8.0},{"damage":11.0,"enemies":"Chosen","floor":18.0,"turns":6.0},{"damage":19.0,"enemies":"3 Byrds","floor":20.0,"turns":6.0},{"damage":31.0,"enemies":"Book of Stabbing","floor":22.0,"turns":6.0},{"damage":26.0,"enemies":"Slavers","floor":23.0,"turns":5.0},{"damage":0.0,"enemies":"Snecko","floor":25.0,"turns":4.0},{"damage":48.0,"enemies":"Gremlin Leader","floor":27.0,"turns":8.0},{"damage":16.0,"enemies":"Cultist and Chosen","floor":28.0,"turns":8.0},{"damage":38.0,"enemies":"Snake Plant","floor":29.0,"turns":5.0},{"damage":10.0,"enemies":"Shelled Parasite and Fungi","floor":30.0,"turns":5.0},{"damage":21.0,"enemies":"Snecko","floor":31.0,"turns":4.0},{"damage":17.0,"enemies":"Collector","floor":33.0,"turns":7.0},{"damage":12.0,"enemies":"Orb Walker","floor":35.0,"turns":3.0},{"damage":12.0,"enemies":"Giant Head","floor":36.0,"turns":6.0},{"damage":29.0,"enemies":"Mind Bloom Boss Battle","floor":37.0,"turns":8.0},{"damage":10.0,"enemies":"3 Darklings","floor":38.0,"turns":6.0},{"damage":14.0,"enemies":"beaked:SuperParasite","floor":39.0,"turns":5.0},{"damage":36.0,"enemies":"Reptomancer","floor":40.0,"turns":7.0},{"damage":19.0,"enemies":"Maw","floor":41.0,"turns":6.0},{"damage":52.0,"enemies":"4 Shapes","floor":42.0,"turns":8.0},{"damage":21.0,"enemies":"Giant Head","floor":45.0,"turns":7.0},{"damage":23.0,"enemies":"Spire Growth","floor":46.0,"turns":6.0},{"damage":88,"enemies":"Reptomancer","floor":47,"turns":8},{"damage":28,"enemies":"Writhing Mass","floor":48,"turns":7},{"damage":73,"enemies":"Awakened One","floor":50,"turns":9},{"damage":33,"enemies":"Shield and Spear","floor":54,"turns":6},{"damage":44,"enemies":"The Heart","floor":55,"turns":9}],"seed_played":"-2263709497109454963","potions_obtained":[{"floor":5.0,"key":"PowerPotion"},{"floor":6.0,"key":"Swift Potion"},{"floor":8.0,"key":"SneckoOil"},{"floor":16.0,"key":"DistilledChaos"},{"floor":18.0,"key":"SneckoOil"},{"floor":22.0,"key":"beaked:MendingBrew"},{"floor":23.0,"key":"DistilledChaos"},{"floor":27.0,"key":"Regen Potion"},{"floor":29.0,"key":"ColorlessPotion"},{"floor":36.0,"key":"AttackPotion"},{"floor":46.0,"key":"SkillPotion"},{"floor":47,"key":"Strength Potion"},{"floor":48,"key":"FairyPotion"}],"is_trial":false,"path_per_floor":["M","M","?","M","M","E","R","M","T","R","M","?","$","E","R","B",null,"M","?","M","?","E","E","R","M","T","E","M","M","M","M","R","B",null,"M","E","?","M","E","E","M","M","T","?","E","M","E","M","R","B",null,"R","$","E","B",null],"character_chosen":"BEAKED_THE_CULTIST","items_purchased":["beaked:ShinyBauble","TungstenRod","beaked:WarriorEssence+1","HornCleat","SpeedPotion","SpeedPotion"],"campfire_rested":1,"item_purchase_floors":[13,53,53,53,53,53],"current_hp_per_floor":[52,53,46,53,55,41,41,55,55,55,53,42,42,55,55,47,55,55,55,52,52,39,50,50,55,55,42,55,36,55,39,55,55,55,55,55,55,55,55,55,55,60,60,60,60,60,41,60,60,60,60,60,60,60,60],"gold":27,"neow_bonus":"TEN_PERCENT_HP_BONUS","is_daily":false,"chose_seed":false,"campfire_upgraded":4,"win_rate":0.0,"timestamp":1613102112,"path_taken":["M","M","?","M","M","E","R","M","T","R","M","?","$","E","R","BOSS","M","?","M","?","E","E","R","M","T","E","M","M","?","M","R","BOSS","M","E","?","M","E","E","M","M","T","?","E","M","E","M","R","BOSS","R","$","E","BOSS"],"items_purchased_type":["Relic","Relic","Card","Relic","Potion","Potion"],"build_version":"2020-12-22","purchased_purges":1,"victory":true,"max_hp_per_floor":[55,55,55,55,55,55,55,55,55,55,55,55,55,55,55,55,55,55,55,55,55,55,55,55,55,55,55,55,55,55,55,55,55,55,55,55,55,55,55,55,55,60,60,60,60,60,60,60,60,60,60,60,60,60,60],"relic_stats":{"Darkstone Periapt":0,"Torii":60,"counters":[35,226],"Blue Candle":[0],"Astrolabe":["beaked:BloodRitual","beaked:WarriorEssence","beaked:Tweet"],"StoneCalendar":[55],"Orichalcum":[42],"Peace Pipe":0,"Bronze Scales":[343],"Turnip":[2],"obtain_stats":[{"Darkstone Periapt":9,"Potion Belt":40,"beaked:ShinyBauble":13,"Torii":37,"Blue Candle":27,"Astrolabe":34,"Oddly Smooth Stone":22,"StoneCalendar":45,"Orichalcum":36,"Bottled Tornado":47,"Peace Pipe":26,"HornCleat":53,"Bronze Scales":39,"beaked:MawFillet":17,"Molten Egg 2":23,"Turnip":54,"beaked:MendingPlumage":0,"Toxic Egg 2":6,"TungstenRod":53,"Pocketwatch":14},{"Darkstone Periapt":6,"Potion Belt":26,"beaked:ShinyBauble":7,"Torii":23,"Blue Candle":15,"Astrolabe":20,"Oddly Smooth Stone":12,"StoneCalendar":29,"Orichalcum":22,"Bottled Tornado":31,"Peace Pipe":14,"HornCleat":33,"Bronze Scales":25,"beaked:MawFillet":9,"Molten Egg 2":13,"Turnip":34,"beaked:MendingPlumage":0,"Toxic Egg 2":5,"TungstenRod":33,"Pocketwatch":8},{"Darkstone Periapt":41,"Potion Belt":160,"beaked:ShinyBauble":50,"Torii":142,"Blue Candle":96,"Astrolabe":125,"Oddly Smooth Stone":79,"StoneCalendar":181,"Orichalcum":134,"Bottled Tornado":195,"Peace Pipe":88,"HornCleat":211,"Bronze Scales":153,"beaked:MawFillet":61,"Molten Egg 2":84,"Turnip":217,"beaked:MendingPlumage":0,"Toxic Egg 2":32,"TungstenRod":211,"Pocketwatch":53}],"TungstenRod":27,"Pocketwatch":[81]},"card_choices":[{"not_picked":["beaked:Flinch","beaked:Cower"],"picked":"beaked:StickSmack","floor":1.0},{"not_picked":["beaked:Cower","beaked:SurvivalInstinct"],"picked":"beaked:Molting","floor":2.0},{"not_picked":["beaked:Tweet","beaked:SurvivalInstinct"],"picked":"beaked:Flinch","floor":4.0},{"not_picked":["beaked:VolatileMisfortune","beaked:RitualOfBody"],"picked":"beaked:MimicMachine","floor":5.0},{"not_picked":["beaked:TuckingFeathers+1","beaked:MachineSpirit+1"],"picked":"beaked:AwakenedForm","floor":6.0},{"not_picked":["beaked:Cower+1","beaked:Tweet+1"],"picked":"beaked:TuckingFeathers+1","floor":11.0},{"not_picked":["beaked:Recite+1","beaked:Redirect+1"],"picked":"beaked:BarbedWire+1","floor":14.0},{"not_picked":["beaked:WildInstinct","beaked:Brainwash+1"],"picked":"beaked:KnowThyFoe+1","floor":16.0},{"not_picked":["beaked:Struggle+1","beaked:Overpower"],"picked":"beaked:Flinch+1","floor":18.0},{"not_picked":["beaked:BloodRitual+1","beaked:MimicMachine+1"],"picked":"beaked:BounceBack+1","floor":20.0},{"not_picked":["beaked:BraceForImpact+1","beaked:RuinSticks"],"picked":"beaked:KnowThyFoe+1","floor":22.0},{"not_picked":["beaked:MimicHuntress+1","beaked:MimicMachine+1"],"picked":"beaked:Roost+1","floor":23.0},{"not_picked":["beaked:RitualOfBody+1","beaked:BloodRitual+1"],"picked":"beaked:SacrificialAttack+1","floor":25.0},{"not_picked":["beaked:DesperateSwing+1","beaked:CrazyRituals"],"picked":"beaked:Foresight+1","floor":27.0},{"not_picked":["beaked:RitualOfBody","beaked:Poke+1"],"picked":"beaked:TuckingFeathers+1","floor":28.0},{"not_picked":["beaked:Foresight+1","beaked:Tweet+1"],"picked":"beaked:WindBringer+1","floor":29.0},{"not_picked":["beaked:DigDeeper+1","beaked:Tradeoff+1","beaked:Resilience+1"],"picked":"SKIP","floor":31.0},{"not_picked":["beaked:Tweet+1","beaked:Redirect+1"],"picked":"beaked:WarriorEssence+1","floor":35.0},{"not_picked":["beaked:Insight+1","beaked:Poke+1"],"picked":"beaked:Brace+1","floor":36.0},{"not_picked":["beaked:Tradeoff+1","beaked:BraceForImpact+1"],"picked":"beaked:DigDeep+1","floor":37.0},{"not_picked":["beaked:BraceForImpact+1","beaked:Foresight+1","beaked:WarriorSpirit+1"],"picked":"SKIP","floor":39.0},{"not_picked":["beaked:Resilience+1","beaked:CursingBlood+1"],"picked":"beaked:VigorBurst+1","floor":42.0},{"not_picked":["Trip+1","Madness+1"],"picked":"Purity+1","floor":44.0},{"not_picked":["beaked:FeelMyPain+1","beaked:BraceForImpact+1"],"picked":"beaked:WarriorEssence+1","floor":45.0},{"not_picked":["beaked:SacrificialAttack+1","beaked:MachineSpirit+1"],"picked":"beaked:Brace+1","floor":47},{"not_picked":["beaked:WindBringer+1","beaked:DesperateSwing+1"],"picked":"beaked:MachineEssence","floor":48},{"not_picked":["beaked:Foresight+1","beaked:Evade+1"],"picked":"beaked:DigDeep+1","floor":54}],"player_experience":90236,"relics_obtained":[{"floor":6.0,"key":"Toxic Egg 2"},{"floor":9.0,"key":"Darkstone Periapt"},{"floor":14.0,"key":"Pocketwatch"},{"floor":22.0,"key":"Oddly Smooth Stone"},{"floor":23.0,"key":"Molten Egg 2"},{"floor":26.0,"key":"Peace Pipe"},{"floor":27.0,"key":"Blue Candle"},{"floor":36.0,"key":"Orichalcum"},{"floor":37.0,"key":"Torii"},{"floor":39.0,"key":"Bronze Scales"},{"floor":40.0,"key":"Potion Belt"},{"floor":45.0,"key":"StoneCalendar"},{"floor":47,"key":"Bottled Tornado"},{"floor":54,"key":"Turnip"}],"event_choices":[{"cards_removed":["beaked:Strike_Y"],"damage_healed":0.0,"max_hp_gain":0.0,"max_hp_loss":0.0,"gold_gain":0.0,"event_name":"Golden Wing","player_choice":"Card Removal","floor":3.0,"gold_loss":0.0,"damage_taken":7.0},{"damage_healed":0.0,"max_hp_gain":0.0,"max_hp_loss":0.0,"gold_gain":0.0,"event_name":"Shining Light","player_choice":"Entered Light","floor":12.0,"gold_loss":0.0,"damage_taken":11.0,"cards_upgraded":["beaked:Strike_Y","beaked:Strike_Y"]},{"damage_healed":0.0,"max_hp_gain":0.0,"max_hp_loss":0.0,"gold_gain":0.0,"event_name":"The Mausoleum","player_choice":"Ignored","floor":19.0,"gold_loss":0.0,"damage_taken":0.0},{"damage_healed":0.0,"max_hp_gain":0.0,"max_hp_loss":0.0,"gold_gain":0.0,"event_name":"Upgrade Shrine","player_choice":"Upgraded","floor":21.0,"gold_loss":0.0,"damage_taken":0.0,"cards_upgraded":["beaked:MimicMachine"]},{"damage_healed":0.0,"max_hp_gain":0.0,"max_hp_loss":0.0,"gold_gain":0.0,"event_name":"MindBloom","player_choice":"Fight","floor":37.0,"gold_loss":0.0,"damage_taken":0.0},{"damage_healed":0.0,"max_hp_gain":0.0,"max_hp_loss":0.0,"gold_gain":0.0,"event_name":"SensoryStone","player_choice":"Memory 1","floor":44.0,"gold_loss":0.0,"damage_taken":0.0}],"is_beta":false,"boss_relics":[{"not_picked":["Black Star","Empty Cage"],"picked":"beaked:MawFillet"},{"not_picked":["Calling Bell","Sozu"],"picked":"Astrolabe"}],"items_purged_floors":[53],"is_endless":false,"potions_floor_spawned":[5,6,8,16,18,22,23,27,29,36,37,46,47,48],"ascension_level":0}}