{"host":"xi9hztp74zq5zdao","time":1613163835,"event":{"mods":["2.2 Compatiblity","BaseMod","Colored Map","Googly Eyes","Minty Spire (QoL Compilation)","Relic Sorter","StSLib","The Gatherer","The Hierophant","everything is the same but u backflip on backflip"],"gold_per_floor":[212,162,7,7,23,23,58,58,112,124,124,36,53,114,114,114,114,114],"floor_reached":16,"language":"ENG","playtime":549,"items_purged":["Gatherer:Defend_Gatherer"],"score":113,"play_id":"abfecbc2-bc53-42c8-b847-ef91611a39ea","local_time":"20210212160355","is_ascension_mode":true,"metric_token":657,"campfire_choices":[{"data":"Gatherer:Centralize","floor":6,"key":"SMITH"},{"data":"Gatherer:FlowerWhip+1","floor":8,"key":"SMITH"},{"data":"Gatherer:QuickSynthesis","floor":15,"key":"SMITH"}],"circlet_count":0,"master_deck":["Gatherer:Strike_Gatherer","Gatherer:Strike_Gatherer","Gatherer:Strike_Gatherer","Gatherer:Strike_Gatherer","Gatherer:Defend_Gatherer","Gatherer:Defend_Gatherer","Gatherer:Defend_Gatherer","Gatherer:Defend_Gatherer","Gatherer:Centralize+1","Gatherer:FlowerWhip+2","Gatherer:QuickSynthesis+1","Gatherer:Overflowing","Gatherer:SaveValuables","Gatherer:WoolGloves","Gatherer:QuickSynthesis","Gatherer:Duality"],"relics":["Gatherer:AlchemyBag","Membership Card","Vajra","Smiling Mask","Blue Candle"],"acts_visited":["Exordium"],"potions_floor_usage":[7],"damage_taken":[{"damage":0,"enemies":"2 Louse","floor":1,"turns":3},{"damage":1,"enemies":"Cultist","floor":5,"turns":3},{"damage":28,"enemies":"3 Sentries","floor":7,"turns":7},{"damage":1,"enemies":"Jaw Worm","floor":10,"turns":2},{"damage":0,"enemies":"Large Slime","floor":13,"turns":5},{"damage":47,"enemies":"Slime Boss","floor":16,"turns":6}],"seed_played":"7665904542281714465","potions_obtained":[{"floor":5,"key":"DistilledChaos"},{"floor":7,"key":"BlessingOfTheForge"}],"is_trial":false,"path_per_floor":["M","?","$","?","M","R","E","R","T","M","T","$","M","?","R","B"],"character_chosen":"THE_GATHERER","items_purchased":["Membership Card","Gatherer:WoolGloves","Gatherer:QuickSynthesis"],"campfire_rested":0,"item_purchase_floors":[3,12,12],"current_hp_per_floor":[72,72,72,72,71,71,43,43,43,42,42,42,42,42,42,0,0,0],"gold":114,"neow_bonus":"HUNDRED_GOLD","is_daily":false,"chose_seed":false,"campfire_upgraded":3,"win_rate":0.0,"timestamp":1613163835,"path_taken":["M","?","$","?","?","R","E","R","T","M","?","$","M","?","R","BOSS"],"items_purchased_type":["Relic","Card","Card"],"build_version":"2020-12-22","purchased_purges":1,"victory":false,"max_hp_per_floor":[72,72,72,72,72,72,72,72,72,72,72,72,72,72,72,72,72,72],"card_choices":[{"not_picked":["Gatherer:CollectorsShot","Gatherer:ScrollOfWall"],"picked":"Gatherer:Nutrients","floor":1},{"not_picked":["Gatherer:ScherryThrow","Gatherer:EnergyBasket"],"picked":"Gatherer:QuickSynthesis","floor":5},{"not_picked":["Gatherer:TacticalStrike","Gatherer:Convert"],"picked":"Gatherer:Overflowing","floor":7},{"not_picked":["Gatherer:AromaProtection","Gatherer:Duplicator"],"picked":"Gatherer:SaveValuables","floor":10},{"not_picked":["Gatherer:BambuSword","Gatherer:FragileHammer"],"picked":"Gatherer:Duality","floor":13}],"player_experience":1261693,"relics_obtained":[{"floor":7,"key":"Vajra"},{"floor":9,"key":"Smiling Mask"},{"floor":11,"key":"Blue Candle"}],"event_choices":[{"cards_removed":["Gatherer:Nutrients"],"damage_healed":0,"gold_gain":0,"player_choice":"Card Removal","damage_taken":0,"max_hp_gain":0,"max_hp_loss":0,"event_name":"The Cleric","floor":2,"gold_loss":50},{"cards_removed":["Gatherer:Strike_Gatherer"],"damage_healed":0,"gold_gain":0,"player_choice":"Offered Basic","damage_taken":0,"max_hp_gain":0,"max_hp_loss":0,"event_name":"Bonfire Elementals","floor":4,"gold_loss":0},{"damage_healed":0,"gold_gain":61,"player_choice":"Gained Gold","damage_taken":0,"max_hp_gain":0,"max_hp_loss":0,"event_name":"Golden Wing","floor":14,"gold_loss":0}],"is_beta":false,"boss_relics":[],"items_purged_floors":[12],"is_endless":false,"potions_floor_spawned":[5,7],"killed_by":"Slime Boss","ascension_level":3}}