{"host":"dr5t8qsew5rvjx1s","time":1613119595,"event":{"mods":["100% Spire Juice","Act Like it!","BaseMod","Colored Powertips","Minty Spire (QoL Compilation)","Pale of the Ancients","Railgun Mod","Replay The Spire","StSLib","The Jungle","The Servant 0.9.4","Waifu the Spire"],"gold_per_floor":[117,117,95,114,127,127,127,204,229,229,239,253,48,61,61,166,166,185,198,216,216,216],"floor_reached":21,"language":"ENG","playtime":1684,"items_purged":[],"score":173,"play_id":"6eeabeb7-47a7-4206-9bcc-0e19a2af8396","local_time":"20210212094635","is_ascension_mode":false,"campfire_choices":[{"data":"TheRailgun:Negative_Field","floor":6.0,"key":"SMITH"},{"data":"TheRailgun:Iron_Dust_Sword","floor":10.0,"key":"SMITH"},{"floor":15.0,"key":"DIG"}],"circlet_count":0,"master_deck":["TheRailgun:Strike","TheRailgun:Strike+1","TheRailgun:Strike","TheRailgun:Strike","TheRailgun:Defend","TheRailgun:Defend","TheRailgun:Defend+1","TheRailgun:Defend","TheRailgun:Static","TheRailgun:Zip","TheRailgun:Iron_Dust_Sword+1","TheRailgun:Spark","TheRailgun:Negative_Field+1","TheRailgun:Electrical_Fire","TheRailgun:Push","TheRailgun:Magnetic_Movement","TheRailgun:Teleporter","TheRailgun:Iron_Dust_Sword","Panacea","TheRailgun:Iron_Dust_Field","TheRailgun:Iron_Dust_Field+1","TheRailgun:Scatter_Railgun+1"],"relics":["TheRailgun:CoinRelic","Onion Ring","Centennial Puzzle","BargainBundle","Singing Bowl","Replay:Bronze Core"],"acts_visited":["Exordium","Exordium"],"potions_floor_usage":[20,20],"damage_taken":[{"damage":2.0,"enemies":"Small Slimes","floor":1.0,"turns":2.0},{"damage":0.0,"enemies":"Cultist","floor":4.0,"turns":3.0},{"damage":1.0,"enemies":"Jaw Worm","floor":5.0,"turns":3.0},{"damage":0.0,"enemies":"Blue Slaver","floor":11.0,"turns":2.0},{"damage":1.0,"enemies":"Gremlin Gang","floor":12.0,"turns":4.0},{"damage":0.0,"enemies":"Large Slime","floor":14.0,"turns":2.0},{"damage":4.0,"enemies":"Fading Forest","floor":16.0,"turns":11.0},{"damage":44.0,"enemies":"theJungle:Flameango_and_Byrd","floor":18.0,"turns":4.0},{"damage":25,"enemies":"theJungle:MUSHROOMGANG","floor":19,"turns":3},{"damage":4,"enemies":"theJungle:Lyon","floor":20,"turns":3},{"damage":10,"enemies":"Snake Plant","floor":21,"turns":2}],"seed_played":"-2145449422613704765","potions_obtained":[{"floor":11.0,"key":"SteroidPotion"},{"floor":12.0,"key":"Swift Potion"},{"floor":18,"key":"Explosive Potion"}],"is_trial":false,"path_per_floor":["M","?","$","M","M","R","?","T","T","R","M","M","$","M","R","B",null,"M","M","M","M"],"character_chosen":"THE_DEFAULT","items_purchased":["TheRailgun:Negative_Field","BargainBundle","TheRailgun:Magnetic_Movement","TheRailgun:Teleporter","TheRailgun:Iron_Dust_Sword","Regen Potion","Panacea"],"campfire_rested":0,"item_purchase_floors":[3,13,13,13,13,13,13],"current_hp_per_floor":[68,68,68,68,67,67,53,53,53,53,53,52,52,52,52,66,72,28,3,4,0,0],"gold":216,"neow_bonus":"TRANSFORM_CARD","is_daily":false,"chose_seed":false,"campfire_upgraded":2,"win_rate":0.0,"timestamp":1613119595,"path_taken":["M","?","$","M","?","R","?","?","T","R","M","M","$","M","R","BOSS","M","M","M","M"],"items_purchased_type":["Card","Relic","Card","Card","Card","Potion","Card"],"build_version":"2020-12-22","purchased_purges":0,"victory":false,"max_hp_per_floor":[70,70,70,70,70,70,70,70,70,70,70,70,70,70,70,72,72,72,72,72,72,72],"card_choices":[{"not_picked":["TheRailgun:Sister_Noise","TheRailgun:Electrical_Storm"],"picked":"TheRailgun:Spark","floor":1.0},{"not_picked":["TheRailgun:Sister_Network","TheRailgun:Overload","TheRailgun:Hypercharge"],"picked":"SKIP","floor":4.0},{"not_picked":["TheRailgun:Discharge","TheRailgun:Aerial_Shot","TheRailgun:Zip"],"picked":"SKIP","floor":5.0},{"not_picked":["TheRailgun:Positive_Field","TheRailgun:Electrical_Storm"],"picked":"TheRailgun:Electrical_Fire","floor":11.0},{"not_picked":["TheRailgun:Discharge","TheRailgun:Electric_Fence"],"picked":"TheRailgun:Push","floor":12.0},{"not_picked":["TheRailgun:Recharge","TheRailgun:Sister_Noise","TheRailgun:Thunderjolt"],"picked":"SKIP","floor":14.0},{"not_picked":["TheRailgun:Circuitous","TheRailgun:Thunder","TheRailgun:Supercharge"],"picked":"Singing Bowl","floor":16.0},{"not_picked":["TheRailgun:Stun_Shock+1","TheRailgun:Sister_Network"],"picked":"TheRailgun:Iron_Dust_Field","floor":18},{"not_picked":["TheRailgun:Push","TheRailgun:Oneesama"],"picked":"TheRailgun:Iron_Dust_Field+1","floor":19},{"not_picked":["TheRailgun:Gekotamania","TheRailgun:Spark+1"],"picked":"TheRailgun:Scatter_Railgun+1","floor":20}],"player_experience":720746,"relics_obtained":[{"floor":8.0,"key":"Onion Ring"},{"floor":9.0,"key":"Centennial Puzzle"},{"floor":15.0,"key":"Singing Bowl"}],"event_choices":[{"damage_healed":0.0,"max_hp_gain":0.0,"max_hp_loss":0.0,"gold_gain":0.0,"event_name":"Purifier","player_choice":"Ignored","floor":2.0,"gold_loss":0.0,"damage_taken":0.0},{"damage_healed":0.0,"max_hp_gain":0.0,"max_hp_loss":0.0,"gold_gain":0.0,"event_name":"Shining Light","player_choice":"Entered Light","floor":7.0,"gold_loss":0.0,"damage_taken":14.0,"cards_upgraded":["TheRailgun:Strike","TheRailgun:Defend"]}],"is_beta":false,"boss_relics":[{"not_picked":["ReplayTheSpireMod:DimensionalGlitch","Coffee Dripper"],"picked":"Replay:Bronze Core"}],"items_purged_floors":[],"is_endless":false,"potions_floor_spawned":[11,12,14,18],"killed_by":"Snake Plant","ascension_level":0}}