{"host":"s24sb66hw4a4sfft","time":1613113783,"event":{"mods":["AchievementEnabler","BaseMod","Colored Map","Colored Powertips","Googly Eyes","Hermit","Hubris","Minty Spire (QoL Compilation)","Quick Restart","Shop Mod","StSLib"],"gold_per_floor":[19,19,39,39,39,39,73,88,88,99,99,99,118,145,157,271,283,309,321,351,394,406,406],"floor_reached":22,"language":"ENG","playtime":715,"items_purged":[],"score":196,"play_id":"a4d2ab6d-4bb7-49db-bb8b-818ef2760414","local_time":"20210212020943","is_ascension_mode":false,"campfire_choices":[{"data":"hermit:Magnum","floor":6.0,"key":"SMITH"},{"floor":12.0,"key":"REST"},{"floor":15.0,"key":"REST"}],"circlet_count":0,"master_deck":["hermit:Strike_Hermit","hermit:Strike_Hermit","hermit:Strike_Hermit","hermit:Strike_Hermit","hermit:Defend_Hermit","hermit:Defend_Hermit","hermit:Defend_Hermit","hermit:Snapshot","hermit:Covet","hermit:Magnum+1","hermit:Glare","hermit:Determination","hermit:Showdown+1","hermit:PistolWhip","hermit:Deadeye","hermit:DeadOrAlive","hermit:Horror","hermit:GoldenBullet"],"relics":["hermit:Momento","hubris:Towel","PreservedInsect","hubris:Metronome","MawBank","Black Star"],"acts_visited":["Exordium","TheCity"],"potions_floor_usage":[16,16,16,21,21],"damage_taken":[{"damage":10.0,"enemies":"2 Louse","floor":1.0,"turns":2.0},{"damage":1.0,"enemies":"Jaw Worm","floor":3.0,"turns":3.0},{"damage":26.0,"enemies":"Gremlin Nob","floor":7.0,"turns":4.0},{"damage":0.0,"enemies":"Cultist","floor":8.0,"turns":2.0},{"damage":0.0,"enemies":"Looter","floor":10.0,"turns":2.0},{"damage":0.0,"enemies":"Large Slime","floor":13.0,"turns":2.0},{"damage":13.0,"enemies":"3 Sentries","floor":14.0,"turns":4.0},{"damage":32,"enemies":"Hexaghost","floor":16,"turns":5},{"damage":25,"enemies":"2 Thieves","floor":18,"turns":3},{"damage":10,"enemies":"Chosen","floor":20,"turns":3},{"damage":31,"enemies":"Centurion and Healer","floor":21,"turns":4},{"damage":0,"enemies":"Shelled Parasite and Fungi","floor":22,"turns":1}],"seed_played":"-5685054128771201771","potions_obtained":[{"floor":7.0,"key":"Fire Potion"},{"floor":8.0,"key":"Dexterity Potion"},{"floor":10.0,"key":"FearPotion"},{"floor":13.0,"key":"hermit:Tonic"},{"floor":16,"key":"FearPotion"},{"floor":20,"key":"Fire Potion"}],"is_trial":false,"path_per_floor":["M","?","M","?","$","R","E","M","T","M","?","R","M","E","R","B",null,"M","?","M","M","M"],"character_chosen":"HERMIT","items_purchased":[],"campfire_rested":2,"item_purchase_floors":[],"current_hp_per_floor":[65,65,64,64,64,64,38,38,38,38,38,60,60,47,69,37,75,50,50,40,9,9,9],"gold":406,"neow_bonus":"THREE_RARE_CARDS","is_daily":false,"chose_seed":false,"campfire_upgraded":1,"win_rate":0.0,"timestamp":1613113783,"path_taken":["M","?","M","?","$","R","E","?","T","M","?","R","M","E","R","BOSS","M","?","M","?","?"],"items_purchased_type":[],"build_version":"2020-12-22","purchased_purges":0,"victory":false,"max_hp_per_floor":[75,75,75,75,75,75,75,75,75,75,75,75,75,75,75,75,75,75,75,75,75,75,75],"card_choices":[{"not_picked":["hermit:Purgatory","hermit:OverwhelmingPower"],"picked":"hermit:Magnum","floor":0.0},{"not_picked":["hermit:TrackingShot","hermit:BodyArmor","hermit:ItchyTrigger"],"picked":"SKIP","floor":1.0},{"not_picked":["hermit:Cheat","hermit:NoHoldsBarred"],"picked":"hermit:Glare","floor":3.0},{"not_picked":["hermit:TrackingShot","hermit:Midnight"],"picked":"hermit:Determination","floor":7.0},{"not_picked":["hermit:Ricochet","hermit:Misfire"],"picked":"hermit:Showdown","floor":8.0},{"not_picked":["hermit:NoHoldsBarred","hermit:HoleUp"],"picked":"hermit:PistolWhip","floor":10.0},{"not_picked":["hermit:Desperado","hermit:HighCaliber"],"picked":"hermit:Deadeye","floor":13.0},{"not_picked":["hermit:Misfire","hermit:LuckOfTheDraw","hermit:CalledShot"],"picked":"SKIP","floor":14.0},{"not_picked":["hermit:FatalDesire","hermit:BlackWind"],"picked":"hermit:DeadOrAlive","floor":16},{"not_picked":["hermit:GhostlyPresence","hermit:Feint","hermit:DeadMansHand"],"picked":"SKIP","floor":18},{"not_picked":["hermit:Glare","hermit:Scavenge"],"picked":"hermit:Horror","floor":20},{"not_picked":["hermit:Deadeye","hermit:TrackingShot+1"],"picked":"hermit:GoldenBullet","floor":21}],"player_experience":619355,"relics_obtained":[{"floor":7.0,"key":"PreservedInsect"},{"floor":9.0,"key":"hubris:Metronome"},{"floor":14.0,"key":"MawBank"}],"event_choices":[{"cards_removed":["hermit:Defend_Hermit"],"damage_healed":0.0,"max_hp_gain":0.0,"max_hp_loss":0.0,"gold_gain":0.0,"event_name":"Purifier","player_choice":"Purged","floor":4.0,"gold_loss":0.0,"damage_taken":0.0},{"damage_healed":0,"gold_gain":0,"player_choice":"Ignored","damage_taken":0,"max_hp_gain":0,"max_hp_loss":0,"event_name":"NoteForYourself","floor":19,"gold_loss":0}],"is_beta":false,"boss_relics":[{"not_picked":["Velvet Choker","Runic Pyramid"],"picked":"Black Star"}],"items_purged_floors":[],"is_endless":false,"potions_floor_spawned":[7,8,10,13,16,20],"killed_by":"Shelled Parasite and Fungi","ascension_level":0}}