{"host":"5gc11emcm5chfr5t","time":1613155646,"event":{"mods":["2.2 Compatiblity","AchievementEnabler","BaseMod","Bestiary","Better Note","Colored Map","Colored Powertips","Downfall","Googly Eyes","Minty Spire (QoL Compilation)","Rare Cards Sparkle","StSLib"],"gold_per_floor":[99,99,99,99,99,133,156,56,89,100,106,123,175,228,244,259,259,259],"floor_reached":16,"language":"ENG","playtime":941,"items_purged":[],"score":262,"play_id":"c4d98754-6f9d-47da-95e5-6baae52b88c4","local_time":"20210212134726","is_ascension_mode":true,"campfire_choices":[{"floor":1,"key":"RECALL"},{"data":"sneckomod:TailWhip","floor":8,"key":"SMITH"}],"circlet_count":0,"master_deck":["AscendersBane","sneckomod:Strike","sneckomod:Strike","sneckomod:Strike","sneckomod:Defend","sneckomod:Defend","sneckomod:Defend","sneckomod:TailWhip+1","sneckomod:SnekBite","sneckomod:Unknown","sneckomod:Unknown","sneckomod:QuickMove","sneckomod:Unknown0Cost","Regret","sneckomod:UnknownClassPURPLE","sneckomod:GlitteringGambit","sneckomod:TrashToTreasure","sneckomod:UnknownClassBLUE","sneckomod:ImprovisedGuard","sneckomod:IronFang","sneckomod:Unknown3Cost"],"relics":["sneckomod:SneckoSoul","downfall:HeartsMalice","Lantern","Sundial","sneckomod:BlankCard","downfall:HeartBlessingRed","StrikeDummy","Odd Mushroom"],"acts_visited":["Exordium"],"potions_floor_usage":[16],"damage_taken":[{"damage":0,"enemies":"Cultist","floor":2,"turns":1},{"damage":0,"enemies":"Jaw Worm","floor":3,"turns":1},{"damage":0,"enemies":"3 Sentries","floor":6,"turns":1},{"damage":27,"enemies":"Gremlin Nob","floor":9,"turns":4},{"damage":8,"enemies":"2 Louse","floor":10,"turns":2},{"damage":2,"enemies":"downfall:FleeingMerchant","floor":11,"turns":4},{"damage":4,"enemies":"Blue Slaver","floor":12,"turns":2},{"damage":3,"enemies":"The Mushroom Lair","floor":13,"turns":2},{"damage":2,"enemies":"3 Louse","floor":15,"turns":5},{"damage":59,"enemies":"WA_ARCHETYPE_RETAIN","floor":16,"turns":13}],"seed_played":"734641945411749678","potions_obtained":[{"floor":5,"key":"FairyPotion"},{"floor":5,"key":"Guardian:BlockOnCardUsePotion"}],"is_trial":false,"path_per_floor":["R","M","M","?","?","E","T","R","E","M","$","M","?","T","M","B"],"character_chosen":"THE_SNECKO","items_purchased":[],"campfire_rested":0,"item_purchase_floors":[],"current_hp_per_floor":[75,75,75,75,75,75,75,75,48,40,38,34,31,31,29,0,0,0],"gold":259,"neow_bonus":"THREE_ENEMY_KILL","is_daily":false,"chose_seed":false,"campfire_upgraded":1,"win_rate":0.0,"timestamp":1613155646,"path_taken":["R","M","M","?","?","E","T","R","E","?","$","?","?","?","M","BOSS"],"items_purchased_type":[],"build_version":"2020-12-22","purchased_purges":0,"victory":false,"max_hp_per_floor":[83,83,83,83,83,83,83,83,83,83,83,83,83,83,83,83,83,83],"card_choices":[{"not_picked":["sneckomod:UnknownX","sneckomod:Unknown1Cost"],"picked":"sneckomod:QuickMove","floor":2},{"not_picked":["sneckomod:MixItUp","sneckomod:UnknownClassTHE_BRONZE_AUTOMATON"],"picked":"sneckomod:Unknown0Cost","floor":3},{"not_picked":["sneckomod:DiceBlock","sneckomod:IronFang"],"picked":"sneckomod:UnknownClassPURPLE","floor":6},{"not_picked":["sneckomod:SerpentIdol","sneckomod:UnknownDraw"],"picked":"sneckomod:GlitteringGambit","floor":9},{"not_picked":["sneckomod:PureSnecko","sneckomod:UnknownClassSLIMEBOUND"],"picked":"sneckomod:TrashToTreasure","floor":10},{"not_picked":["sneckomod:IronFang","sneckomod:TrashToTreasure"],"picked":"sneckomod:UnknownClassBLUE","floor":11},{"not_picked":["sneckomod:UnknownClassGREEN","sneckomod:UnknownClassBLUE"],"picked":"sneckomod:ImprovisedGuard","floor":12},{"not_picked":["sneckomod:Nope","sneckomod:DiceBlock"],"picked":"sneckomod:IronFang","floor":13},{"not_picked":["sneckomod:Unknown2Cost","sneckomod:Nope"],"picked":"sneckomod:Unknown3Cost","floor":15}],"player_experience":602554,"relics_obtained":[{"floor":6,"key":"Sundial"},{"floor":7,"key":"sneckomod:BlankCard"},{"floor":9,"key":"StrikeDummy"},{"floor":13,"key":"Odd Mushroom"}],"event_choices":[{"damage_healed":0,"gold_gain":0,"player_choice":"Box","damage_taken":0,"relics_obtained":["Lantern"],"max_hp_gain":0,"max_hp_loss":0,"event_name":"Big Fish","floor":4,"gold_loss":0,"cards_obtained":["Regret"]},{"damage_healed":0,"gold_gain":0,"player_choice":"Got Potions","damage_taken":0,"max_hp_gain":0,"max_hp_loss":0,"event_name":"Lab","floor":5,"gold_loss":0},{"damage_healed":0,"gold_gain":0,"player_choice":"Fought Mushrooms","damage_taken":0,"max_hp_gain":0,"max_hp_loss":0,"event_name":"Mushrooms","floor":13,"gold_loss":0}],"is_beta":false,"boss_relics":[],"items_purged_floors":[],"is_endless":false,"potions_floor_spawned":[9,10,13,15],"killed_by":"WA_ARCHETYPE_RETAIN","ascension_level":20}}