{"host":"r4aerl4ckfvw1dw3","time":1613100432,"event":{"mods":["BaseMod","BetterRewards","Minty Spire (QoL Compilation)","Quick Restart","StSLib"],"gold_per_floor":[110,121,40,56,56,56,117,117,117,128,128,162,183,200,200,305,305,324,30,47,67,83,83,110,110,110,110,128,28,60,73,73,175,175,189,237,237,253,269,269,296,315,362,379,379,379,1,14,14,14,14,14,14,42,42,42],"floor_reached":55,"language":"ENG","playtime":2740,"items_purged":["Strike_B","Strike_B","Strike_B"],"score":736,"play_id":"9e419d03-ec9d-4b56-bf53-7537f0568f07","local_time":"20210211192712","is_ascension_mode":true,"campfire_choices":[{"data":"Defragment","floor":6.0,"key":"SMITH"},{"data":"Loop","floor":8.0,"key":"SMITH"},{"floor":15.0,"key":"REST"},{"data":"Echo Form","floor":23.0,"key":"SMITH"},{"floor":25.0,"key":"REST"},{"floor":27.0,"key":"REST"},{"data":"Buffer","floor":32.0,"key":"SMITH"},{"floor":40.0,"key":"REST"},{"floor":45.0,"key":"REST"},{"floor":49.0,"key":"RECALL"},{"data":"Defragment","floor":52,"key":"SMITH"}],"circlet_count":0,"master_deck":["Strike_B+1","Defend_B","Defend_B+1","Defend_B","Defend_B","Zap+1","Dualcast+1","Cold Snap","Go for the Eyes","Defragment+1","Loop+1","Sweeping Beam","Ball Lightning","Stack","Ball Lightning","Echo Form+1","Conserve Battery","Defragment+1","Coolheaded","Genetic Algorithm+1","Buffer+1","Cold Snap+1","Electrodynamics","Reboot","Loop+1","Capacitor+1","Heatsinks+1","Stack+1","Defragment+1"],"relics":["Cracked Core","Mummified Hand","Ornamental Fan","Vajra","Odd Mushroom","Nuclear Battery","Medical Kit","War Paint","DataDisk","Red Mask","Black Star","Emotion Chip","StoneCalendar","Darkstone Periapt","TheAbacus","Akabeko","Eternal Feather"],"acts_visited":["Exordium","TheCity","TheBeyond","TheEnding"],"potions_floor_usage":[50,50,50],"damage_taken":[{"damage":7.0,"enemies":"Jaw Worm","floor":1.0,"turns":3.0},{"damage":1.0,"enemies":"Small Slimes","floor":2.0,"turns":3.0},{"damage":0.0,"enemies":"2 Louse","floor":4.0,"turns":3.0},{"damage":4.0,"enemies":"3 Sentries","floor":7.0,"turns":7.0},{"damage":4.0,"enemies":"2 Fungi Beasts","floor":10.0,"turns":4.0},{"damage":18.0,"enemies":"Lagavulin","floor":12.0,"turns":5.0},{"damage":0.0,"enemies":"The Mushroom Lair","floor":13.0,"turns":3.0},{"damage":0.0,"enemies":"Exordium Wildlife","floor":14.0,"turns":3.0},{"damage":21.0,"enemies":"Hexaghost","floor":16.0,"turns":7.0},{"damage":2.0,"enemies":"Chosen","floor":18.0,"turns":3.0},{"damage":10.0,"enemies":"Spheric Guardian","floor":20.0,"turns":4.0},{"damage":16.0,"enemies":"Snake Plant","floor":21.0,"turns":4.0},{"damage":0.0,"enemies":"Snecko","floor":22.0,"turns":4.0},{"damage":34.0,"enemies":"Slavers","floor":24.0,"turns":5.0},{"damage":0.0,"enemies":"Chosen and Byrds","floor":28.0,"turns":5.0},{"damage":2.0,"enemies":"Masked Bandits","floor":30.0,"turns":2.0},{"damage":3.0,"enemies":"3 Cultists","floor":31.0,"turns":5.0},{"damage":8.0,"enemies":"Champ","floor":33.0,"turns":8.0},{"damage":0.0,"enemies":"3 Shapes","floor":35.0,"turns":2.0},{"damage":18.0,"enemies":"2 Orb Walkers","floor":36.0,"turns":5.0},{"damage":1.0,"enemies":"3 Darklings","floor":38.0,"turns":3.0},{"damage":22.0,"enemies":"Spire Growth","floor":39.0,"turns":5.0},{"damage":28.0,"enemies":"Nemesis","floor":41.0,"turns":9.0},{"damage":0.0,"enemies":"Jaw Worm Horde","floor":42.0,"turns":2.0},{"damage":0.0,"enemies":"Transient","floor":44.0,"turns":5.0},{"damage":0.0,"enemies":"Maw","floor":48.0,"turns":5.0},{"damage":33,"enemies":"Awakened One","floor":50,"turns":15},{"damage":43,"enemies":"Shield and Spear","floor":54,"turns":4},{"damage":28,"enemies":"The Heart","floor":55,"turns":2}],"seed_played":"3351127549551585325","potions_obtained":[{"floor":1.0,"key":"SpeedPotion"},{"floor":7.0,"key":"SpeedPotion"},{"floor":10.0,"key":"FocusPotion"},{"floor":12.0,"key":"PowerPotion"},{"floor":18.0,"key":"Block Potion"},{"floor":24.0,"key":"DuplicationPotion"},{"floor":28.0,"key":"SkillPotion"},{"floor":35.0,"key":"GamblersBrew"},{"floor":39.0,"key":"FocusPotion"},{"floor":41.0,"key":"SteroidPotion"},{"floor":44.0,"key":"FearPotion"}],"is_trial":false,"path_per_floor":["M","M","$","M","?","R","?","R","T","M","?","E","?","M","R","B",null,"M","$","M","M","M","R","E","R","T","R","M","$","?","M","R","B",null,"M","?","?","M","M","R","E","M","T","M","R","?","$","M","R","B",null,"R","$","E","B"],"character_chosen":"DEFECT","items_purchased":["Defragment","Defragment","Medical Kit","Dexterity Potion","Explosive Potion","TheAbacus"],"campfire_rested":5,"item_purchase_floors":[3,19,19,47,47,47],"current_hp_per_floor":[68,67,67,67,67,67,63,63,63,59,44,26,26,26,48,27,75,73,73,63,47,47,47,13,35,35,57,57,57,55,52,52,44,75,75,57,57,56,34,55,27,27,27,27,48,48,48,48,48,15,71,71,71,28,0,0],"gold":42,"neow_bonus":"UPGRADE_CARD","is_daily":false,"chose_seed":false,"campfire_upgraded":5,"win_rate":0.0,"timestamp":1613100432,"path_taken":["M","M","$","M","?","R","?","R","T","M","?","E","?","M","R","BOSS","M","$","M","M","M","R","E","R","T","R","M","$","?","M","R","BOSS","M","?","?","M","M","R","E","M","T","M","R","?","$","M","R","BOSS","R","$","E","BOSS"],"items_purchased_type":["Card","Card","Relic","Potion","Potion","Relic"],"build_version":"2020-12-22","purchased_purges":3,"victory":false,"max_hp_per_floor":[75,75,75,75,75,75,75,75,75,75,75,75,75,75,75,75,75,75,75,75,75,75,75,75,75,75,75,75,75,75,75,75,75,75,75,75,71,71,71,71,71,71,71,71,71,71,71,71,71,71,71,71,71,71,71,71],"card_choices":[{"not_picked":["Tempest","Go for the Eyes"],"picked":"Cold Snap","floor":1.0},{"not_picked":["Gash","Recycle"],"picked":"Go for the Eyes","floor":2.0},{"not_picked":["Darkness","Self Repair"],"picked":"Loop","floor":4.0},{"not_picked":["Skim","Ball Lightning"],"picked":"Sweeping Beam","floor":7.0},{"not_picked":["Defragment","Auto Shields"],"picked":"Ball Lightning","floor":10.0},{"not_picked":["Steam","Lockon","White Noise"],"picked":"SKIP","floor":12.0},{"not_picked":["Barrage","Steam"],"picked":"Stack","floor":13.0},{"not_picked":["Redo","Recycle"],"picked":"Ball Lightning","floor":14.0},{"not_picked":["Multi-Cast","Biased Cognition"],"picked":"Echo Form","floor":16.0},{"not_picked":["Barrage","Streamline"],"picked":"Conserve Battery","floor":18.0},{"not_picked":["FTL","Compile Driver","Barrage"],"picked":"SKIP","floor":20.0},{"not_picked":["Turbo","Leap"],"picked":"Coolheaded","floor":21.0},{"not_picked":["Steam Power","Rebound"],"picked":"Genetic Algorithm","floor":22.0},{"not_picked":["Go for the Eyes","Darkness"],"picked":"Buffer","floor":24.0},{"not_picked":["Redo+1","Gash"],"picked":"Cold Snap+1","floor":28.0},{"not_picked":["Chill+1","Conserve Battery"],"picked":"Electrodynamics","floor":30.0},{"not_picked":["Coolheaded","Chaos+1","Leap"],"picked":"SKIP","floor":31.0},{"not_picked":["Echo Form","Fission"],"picked":"Reboot","floor":33.0},{"not_picked":["Beam Cell","Stack+1"],"picked":"Loop+1","floor":35.0},{"not_picked":["Self Repair","Barrage+1"],"picked":"Capacitor+1","floor":36.0},{"not_picked":["Fusion","Conserve Battery","Ball Lightning"],"picked":"SKIP","floor":38.0},{"not_picked":["Storm","BootSequence","Aggregate+1"],"picked":"SKIP","floor":39.0},{"not_picked":["Hello World","Sweeping Beam+1"],"picked":"Heatsinks+1","floor":41.0},{"not_picked":["Compile Driver+1","Fusion+1"],"picked":"Stack+1","floor":42.0},{"not_picked":["Gash+1","FTL+1","Sweeping Beam"],"picked":"SKIP","floor":44.0},{"not_picked":["Leap+1","White Noise","Barrage"],"picked":"SKIP","floor":48.0},{"not_picked":["Aggregate","Barrage+1","Meteor Strike"],"picked":"SKIP","floor":54}],"player_experience":584001,"relics_obtained":[{"floor":7.0,"key":"Mummified Hand"},{"floor":9.0,"key":"Ornamental Fan"},{"floor":12.0,"key":"Vajra"},{"floor":13.0,"key":"Odd Mushroom"},{"floor":24.0,"key":"War Paint"},{"floor":26.0,"key":"DataDisk"},{"floor":30.0,"key":"Red Mask"},{"floor":36.0,"key":"Emotion Chip"},{"floor":41.0,"key":"StoneCalendar"},{"floor":41.0,"key":"Darkstone Periapt"},{"floor":54,"key":"Akabeko"},{"floor":54,"key":"Eternal Feather"}],"event_choices":[{"damage_healed":0.0,"max_hp_gain":0.0,"max_hp_loss":0.0,"gold_gain":0.0,"event_name":"Liars Game","player_choice":"Ignored","floor":5.0,"gold_loss":0.0,"damage_taken":0.0},{"damage_healed":0.0,"max_hp_gain":0.0,"max_hp_loss":0.0,"gold_gain":0.0,"event_name":"Dead Adventurer","player_choice":"Searched \u00272\u0027 times","floor":7.0,"gold_loss":0.0,"damage_taken":0.0},{"damage_healed":0.0,"max_hp_gain":0.0,"max_hp_loss":0.0,"gold_gain":0.0,"event_name":"Shining Light","player_choice":"Entered Light","floor":11.0,"gold_loss":0.0,"damage_taken":15.0,"cards_upgraded":["Strike_B","Dualcast"]},{"damage_healed":0.0,"max_hp_gain":0.0,"max_hp_loss":0.0,"gold_gain":0.0,"event_name":"Mushrooms","player_choice":"Fought Mushrooms","floor":13.0,"gold_loss":0.0,"damage_taken":0.0},{"damage_healed":0.0,"max_hp_gain":0.0,"max_hp_loss":0.0,"gold_gain":0.0,"event_name":"Masked Bandits","player_choice":"Fought Bandits","floor":30.0,"gold_loss":0.0,"damage_taken":0.0},{"damage_healed":0.0,"max_hp_gain":0.0,"max_hp_loss":0.0,"gold_gain":0.0,"event_name":"Mysterious Sphere","player_choice":"Fight","floor":36.0,"gold_loss":0.0,"damage_taken":0.0},{"damage_healed":0.0,"max_hp_gain":0.0,"max_hp_loss":4.0,"gold_gain":0.0,"event_name":"Winding Halls","player_choice":"Max HP","floor":37.0,"gold_loss":0.0,"damage_taken":0.0},{"damage_healed":0.0,"max_hp_gain":0.0,"max_hp_loss":0.0,"gold_gain":0.0,"event_name":"Duplicator","player_choice":"Copied","floor":46.0,"gold_loss":0.0,"damage_taken":0.0,"cards_obtained":["Defragment"]}],"is_beta":false,"boss_relics":[{"not_picked":["Coffee Dripper","Cursed Key"],"picked":"Nuclear Battery"},{"not_picked":["Pandora\u0027s Box","FrozenCore"],"picked":"Black Star"}],"items_purged_floors":[19,29,47],"is_endless":false,"potions_floor_spawned":[1,7,10,12,16,18,22,24,28,35,39,41,44],"killed_by":"The Heart","ascension_level":2}}