{"host":"06h77atpgiec8kbk","time":1613097825,"event":{"mods":["Act Like it!","Arknights","Aspiration","Bard","BaseMod","Colored Powertips","Downfall","Energized Spire","Hermit","Marisa£®ÏF”Í°°ƒß¿Ì…≥£©","Minty Spire (QoL Compilation)","Quick Restart","Reimu£®≤©¿ˆ¡È√Œ£©","Relic Stats","Reliquary","Replay The Spire","StSLib","The Construct","The Cursed","The Gatherer","The Hierophant","The Runesmith","[GremlinLeader]The Maniac"],"gold_per_floor":[113,288,307,307,55,55,81,81,81,109,122,136,151,169,169,169,169],"floor_reached":16,"language":"ZHS","playtime":866,"items_purged":["Doubt"],"score":144,"play_id":"cfb5039b-7536-4d91-8311-d3d4fbe3b765","local_time":"20210212104345","is_ascension_mode":true,"campfire_choices":[{"data":"ats:Emotion Absorption","floor":6,"key":"SMITH"},{"data":"ats:Neurotoxin","floor":8,"key":"SMITH"},{"floor":15,"key":"RECALL"}],"circlet_count":0,"master_deck":["ats:Strike C","ats:Strike G+1","ats:Strike S","ats:Strike V","ats:Armor Crushing Shot+1","ats:Defend","ats:Defend","ats:Defend","ats:Defend","ats:Emotion Absorption+1","Injury","ats:Neurotoxin","ats:Neurotoxin+1","Secret Technique","Secret Technique","ats:Powerful Strike+1","ats:Ambush","ats:Powerful Strike+1"],"relics":["ats:Sanity","NeowsBlessing","Molten Egg 2","ReplayTheSpireMod:ShopPack","ats:Originium","Chameleon Ring","Whetstone"],"acts_visited":["Exordium"],"potions_floor_usage":[16],"damage_taken":[{"damage":0.0,"enemies":"Small Slimes","floor":1.0,"turns":1.0},{"damage":0.0,"enemies":"Jaw Worm","floor":3.0,"turns":1.0},{"damage":0,"enemies":"Lagavulin","floor":7,"turns":4},{"damage":29,"enemies":"3 Sentries","floor":10,"turns":6},{"damage":0,"enemies":"2 Louse","floor":11,"turns":2},{"damage":9,"enemies":"Blue Slaver","floor":12,"turns":4},{"damage":1,"enemies":"2 Fungi Beasts","floor":13,"turns":3},{"damage":16,"enemies":"Large Slime","floor":14,"turns":5},{"damage":17,"enemies":"Hexaghost","floor":16,"turns":6}],"seed_played":"-5885680612522540101","potions_obtained":[{"floor":1.0,"key":"ats:Emergency Sanity Potion"},{"floor":10,"key":"Venom Potion"}],"is_trial":false,"path_per_floor":["M","?","M","?","$","R","E","R","T","E","M","M","M","M","R","B"],"character_chosen":"DOCTOR_CLASS","items_purchased":["ats:Neurotoxin","ReplayTheSpireMod:ShopPack"],"campfire_rested":0,"item_purchase_floors":[5,5],"current_hp_per_floor":[72,72,72,72,72,72,72,72,72,43,43,34,33,17,17,0,0],"gold":169,"neow_bonus":"THREE_ENEMY_KILL","is_daily":false,"chose_seed":false,"campfire_upgraded":2,"win_rate":0.0,"timestamp":1613097825,"path_taken":["M","?","M","?","?","R","E","R","T","E","M","M","M","M","R","BOSS"],"items_purchased_type":["Card","Relic"],"build_version":"2020-12-22","purchased_purges":1,"victory":false,"max_hp_per_floor":[72,72,72,72,72,72,72,72,72,72,72,72,72,72,72,72,72],"relic_stats":{"counters":[9,32],"Whetstone":["ats:Strike G","ats:Armor Crushing Shot"],"obtain_stats":[{"Chameleon Ring":7,"NeowsBlessing":0,"ats:Originium":7,"Molten Egg 2":4,"ats:Sanity":0,"Whetstone":10,"ReplayTheSpireMod:ShopPack":5},{"Chameleon Ring":3,"NeowsBlessing":0,"ats:Originium":3,"Molten Egg 2":2,"ats:Sanity":0,"Whetstone":4,"ReplayTheSpireMod:ShopPack":2},{"Chameleon Ring":6,"NeowsBlessing":0,"ats:Originium":6,"Molten Egg 2":2,"ats:Sanity":0,"Whetstone":12,"ReplayTheSpireMod:ShopPack":2}]},"card_choices":[{"not_picked":["ats:Support Order","ats:Hook Shot","ats:Very Hot Blade"],"picked":"SKIP","floor":1.0},{"not_picked":["ats:Consecutive Shot Auto","ats:Ignite","ats:Cat Scratch"],"picked":"SKIP","floor":3.0},{"not_picked":["Replay:Bootleg Shield Generator","Poisoned Strike"],"picked":"Secret Technique","floor":5},{"not_picked":["Poisoned Strike","HandOfGreed"],"picked":"Secret Technique","floor":5},{"not_picked":["ats:Demon Strength","ats:Soul Absorption"],"picked":"ats:Powerful Strike+1","floor":7},{"not_picked":["ats:Closed Bolt Burst Fire+1","ats:Composite Medical Shells","ats:Phantom"],"picked":"SKIP","floor":10},{"not_picked":["ats:Closed Bolt Burst Fire+1","ats:Collapsing Strike+1"],"picked":"ats:Ambush","floor":11},{"not_picked":["ats:Hammer On+1","ats:Ignite+1","ats:Guard Mode"],"picked":"SKIP","floor":12},{"not_picked":["ats:Revitalization","ats:Shell Defense","ats:Absolute Focus"],"picked":"SKIP","floor":13},{"not_picked":["ats:Shell Defense","ats:Healing Strengthening"],"picked":"ats:Powerful Strike+1","floor":14}],"player_experience":852113,"relics_obtained":[{"floor":7,"key":"ats:Originium"},{"floor":7,"key":"Chameleon Ring"},{"floor":10,"key":"ats:Originium"},{"floor":10,"key":"Whetstone"}],"event_choices":[{"damage_healed":0.0,"max_hp_gain":0.0,"max_hp_loss":0.0,"gold_gain":175.0,"event_name":"Liars Game","player_choice":"AGREE","floor":2.0,"gold_loss":0.0,"damage_taken":0.0,"cards_obtained":["Doubt"]}],"is_beta":false,"boss_relics":[],"items_purged_floors":[5],"is_endless":false,"potions_floor_spawned":[1,10],"killed_by":"Hexaghost","ascension_level":1}}