{"host":"kg61lsvem4dxoat8","time":1613127219,"event":{"mods":["AchievementEnabler","BaseMod","Better Altar","Better Match","Better Sensory Stone","Better Skull","Block Reminder","Highlight Path","Minty Spire (QoL Compilation)","Quick Restart","Rare Cards Sparkle","Relic Sorter","Relic Stats","StSLib","Synergy Search","slay the spire mod where everything is the same but ironclad has a cowboy hat"],"gold_per_floor":[113,113,38,48,48,48,58,58,58,86,103,103,118,142,142,142,142],"floor_reached":16,"language":"ENG","playtime":336,"items_purged":["Strike_R"],"score":153,"play_id":"1ba386de-9812-436a-849b-613c3c8880ae","local_time":"20210212185339","is_ascension_mode":true,"campfire_choices":[{"data":"Dropkick","floor":6,"key":"SMITH"},{"floor":8,"key":"REST"},{"data":"Fiend Fire","floor":15,"key":"SMITH"}],"circlet_count":0,"master_deck":["AscendersBane","Strike_R","Strike_R","Strike_R","Defend_R","Defend_R","Defend_R","Defend_R","Bash","Dropkick+1","Fiend Fire+1","True Grit"],"relics":["Burning Blood","Dead Branch","Unceasing Top","Incense Burner","Tiny Chest","Golden Idol"],"acts_visited":["Exordium"],"potions_floor_usage":[13,16],"damage_taken":[{"damage":10,"enemies":"Cultist","floor":1,"turns":3},{"damage":8,"enemies":"Jaw Worm","floor":4,"turns":2},{"damage":0,"enemies":"2 Louse","floor":7,"turns":3},{"damage":35,"enemies":"Lagavulin","floor":10,"turns":6},{"damage":6,"enemies":"Blue Slaver","floor":11,"turns":3},{"damage":12,"enemies":"Gremlin Gang","floor":13,"turns":4},{"damage":0,"enemies":"2 Fungi Beasts","floor":14,"turns":2},{"damage":52,"enemies":"Hexaghost","floor":16,"turns":7}],"seed_played":"1005889962252458695","potions_obtained":[{"floor":7,"key":"Fire Potion"},{"floor":10,"key":"Dexterity Potion"},{"floor":13,"key":"BloodPotion"},{"floor":14,"key":"Regen Potion"}],"is_trial":false,"path_per_floor":["M","?","$","M","?","R","M","R","T","E","M","?","M","M","R","B"],"character_chosen":"IRONCLAD","items_purchased":[],"campfire_rested":1,"item_purchase_floors":[],"current_hp_per_floor":[47,47,47,45,33,33,39,63,63,34,34,34,28,34,34,0,0],"gold":142,"neow_bonus":"ONE_RARE_RELIC","is_daily":false,"chose_seed":false,"campfire_upgraded":2,"win_rate":0.0,"timestamp":1613127219,"path_taken":["M","?","$","?","?","R","M","R","T","E","M","?","M","M","R","BOSS"],"items_purchased_type":[],"build_version":"2020-12-22","purchased_purges":1,"victory":false,"max_hp_per_floor":[80,80,80,80,80,80,80,80,80,80,80,74,74,74,74,74,74],"relic_stats":{"counters":[8,30],"Golden Idol":8,"Dead Branch":[46],"Tiny Chest":0,"obtain_stats":[{"Golden Idol":12,"Dead Branch":0,"Tiny Chest":10,"Incense Burner":9,"Burning Blood":0,"Unceasing Top":5},{"Golden Idol":5,"Dead Branch":0,"Tiny Chest":4,"Incense Burner":3,"Burning Blood":0,"Unceasing Top":2},{"Golden Idol":17,"Dead Branch":0,"Tiny Chest":14,"Incense Burner":8,"Burning Blood":0,"Unceasing Top":5}],"Burning Blood":42,"Unceasing Top":[0]},"card_choices":[{"not_picked":["Twin Strike","True Grit"],"picked":"Dropkick","floor":1},{"not_picked":["Iron Wave","Warcry","Pommel Strike"],"picked":"SKIP","floor":4},{"not_picked":["Warcry","Headbutt","Ghostly Armor"],"picked":"SKIP","floor":7},{"not_picked":["Inflame","Clash"],"picked":"Fiend Fire","floor":10},{"not_picked":["Heavy Blade","Perfected Strike"],"picked":"True Grit","floor":11},{"not_picked":["Headbutt","Pummel","Intimidate"],"picked":"SKIP","floor":13},{"not_picked":["Warcry","Searing Blow","Thunderclap"],"picked":"SKIP","floor":14}],"player_experience":1493668,"relics_obtained":[{"floor":9,"key":"Incense Burner"},{"floor":10,"key":"Tiny Chest"}],"event_choices":[{"cards_removed":["Strike_R"],"damage_healed":0,"gold_gain":0,"player_choice":"Card Removal","damage_taken":0,"max_hp_gain":0,"max_hp_loss":0,"event_name":"Wheel of Change","floor":2,"gold_loss":0},{"damage_healed":0,"gold_gain":0,"player_choice":"Success","damage_taken":12,"relics_obtained":["Unceasing Top"],"max_hp_gain":0,"max_hp_loss":0,"event_name":"Scrap Ooze","floor":5,"gold_loss":0},{"damage_healed":0,"gold_gain":0,"player_choice":"Lose Max HP","damage_taken":0,"relics_obtained":["Golden Idol"],"max_hp_gain":0,"max_hp_loss":6,"event_name":"Golden Idol","floor":12,"gold_loss":0}],"is_beta":false,"boss_relics":[],"items_purged_floors":[3],"is_endless":false,"potions_floor_spawned":[7,10,13,14],"killed_by":"Hexaghost","ascension_level":10}}