{"host":"pj7egx7jkoz18hom","time":1613107483,"event":{"mods":["AchievementEnabler","BaseMod","Keyboard Shortcuts","Minty Spire (QoL Compilation)","SuperFastMode"],"gold_per_floor":[112,125,143,155,173,173,201,218,218,237,272,272,299,331,331,434,434,444,369,388,408,408,434,434,434,434,468,93,193,206,226,226,329,329,344,358,36,36,55,82,102,102,102,102,129,143,193,203,203,203],"floor_reached":51,"language":"KOR","playtime":2520,"items_purged":["Bash"],"score":911,"play_id":"ab03e7b7-60a4-4998-b734-22e952df77d1","local_time":"20210212142443","is_ascension_mode":true,"campfire_choices":[{"data":"Perfected Strike","floor":6,"key":"SMITH"},{"data":"True Grit","floor":12,"key":"SMITH"},{"data":"Shrug It Off","floor":15,"key":"SMITH"},{"data":"Perfected Strike","floor":25,"key":"SMITH"},{"floor":32,"key":"REST"},{"data":"Seeing Red","floor":42,"key":"SMITH"},{"data":"Shrug It Off","floor":44,"key":"SMITH"},{"data":"Pommel Strike","floor":49,"key":"SMITH"}],"circlet_count":0,"master_deck":["Strike_R","Strike_R","Strike_R","Strike_R","Strike_R","Defend_R","Defend_R","Shrug It Off+1","Shrug It Off+1","Perfected Strike+1","True Grit+1","Pommel Strike","Pommel Strike+1","Thunderclap","Wild Strike","Flame Barrier+1","Seeing Red+1","Perfected Strike+1","Wild Strike","Blind+1","Wild Strike","Twin Strike","Perfected Strike+1","Wild Strike+1","Good Instincts+1","Secret Weapon+1","Intimidate+1","Wild Strike+1","True Grit+1"],"relics":["Burning Blood","TungstenRod","Bag of Marbles","Mummified Hand","Lantern","Odd Mushroom","Paper Frog","Runic Cube","Toxic Egg 2","Gremlin Horn","Omamori","Red Skull","Brimstone","Incense Burner","Bottled Lightning","Empty Cage","Meat on the Bone","Potion Belt","Pear","Frozen Egg 2","StoneCalendar"],"acts_visited":["Exordium","TheCity","TheBeyond"],"potions_floor_usage":[8,13,14,23,27,29,33,33,39,39,45,50,50],"damage_taken":[{"damage":1,"enemies":"Small Slimes","floor":1,"turns":3},{"damage":5,"enemies":"2 Louse","floor":2,"turns":3},{"damage":2,"enemies":"Jaw Worm","floor":3,"turns":5},{"damage":0,"enemies":"3 Louse","floor":4,"turns":6},{"damage":17,"enemies":"Large Slime","floor":5,"turns":7},{"damage":14,"enemies":"3 Sentries","floor":7,"turns":8},{"damage":0,"enemies":"2 Fungi Beasts","floor":8,"turns":3},{"damage":11,"enemies":"Exordium Wildlife","floor":10,"turns":4},{"damage":13,"enemies":"Lagavulin","floor":11,"turns":6},{"damage":0,"enemies":"The Mushroom Lair","floor":13,"turns":4},{"damage":0,"enemies":"Gremlin Nob","floor":14,"turns":3},{"damage":63,"enemies":"Hexaghost","floor":16,"turns":10},{"damage":0,"enemies":"Shell Parasite","floor":18,"turns":1},{"damage":5,"enemies":"3 Byrds","floor":20,"turns":5},{"damage":13,"enemies":"3 Cultists","floor":21,"turns":6},{"damage":43,"enemies":"Gremlin Leader","floor":23,"turns":6},{"damage":27,"enemies":"Book of Stabbing","floor":27,"turns":5},{"damage":7,"enemies":"Colosseum Slavers","floor":29,"turns":3},{"damage":0,"enemies":"Colosseum Nobs","floor":29,"turns":2},{"damage":10,"enemies":"Centurion and Healer","floor":30,"turns":3},{"damage":0,"enemies":"Snecko","floor":31,"turns":2},{"damage":45,"enemies":"Collector","floor":33,"turns":7},{"damage":20,"enemies":"3 Darklings","floor":35,"turns":3},{"damage":11,"enemies":"Orb Walker","floor":36,"turns":2},{"damage":7,"enemies":"Maw","floor":39,"turns":5},{"damage":0,"enemies":"Nemesis","floor":40,"turns":3},{"damage":14,"enemies":"Transient","floor":41,"turns":5},{"damage":15,"enemies":"Giant Head","floor":45,"turns":7},{"damage":5,"enemies":"Writhing Mass","floor":46,"turns":4},{"damage":4,"enemies":"Mind Bloom Boss Battle","floor":47,"turns":5},{"damage":0,"enemies":"3 Darklings","floor":48,"turns":4},{"damage":42,"enemies":"Time Eater","floor":50,"turns":8}],"seed_played":"6780045636377691091","potions_obtained":[{"floor":1,"key":"Ancient Potion"},{"floor":2,"key":"BloodPotion"},{"floor":5,"key":"Swift Potion"},{"floor":8,"key":"SteroidPotion"},{"floor":10,"key":"HeartOfIron"},{"floor":20,"key":"EssenceOfSteel"},{"floor":23,"key":"Energy Potion"},{"floor":29,"key":"BloodPotion"},{"floor":31,"key":"DistilledChaos"},{"floor":33,"key":"Strength Potion"},{"floor":35,"key":"AttackPotion"},{"floor":41,"key":"GamblersBrew"},{"floor":46,"key":"FearPotion"},{"floor":47,"key":"Weak Potion"}],"is_trial":false,"path_per_floor":["M","M","M","M","M","R","E","M","T","M","E","R","?","E","R","B",null,"M","?","M","M","?","E","?","R","T","E","$","?","M","M","R","B",null,"M","M","$","?","M","E","M","R","T","R","E","M","?","M","R","B",null],"character_chosen":"IRONCLAD","items_purchased":["Brimstone","Wild Strike","Blind+1","Meat on the Bone","Good Instincts+1"],"campfire_rested":1,"item_purchase_floors":[28,28,28,37,37],"current_hp_per_floor":[61,62,66,72,61,61,53,75,75,70,63,63,69,75,75,18,80,80,80,80,73,73,36,36,36,36,15,15,36,32,38,62,23,80,66,61,61,61,60,66,58,58,68,68,59,60,62,68,68,44],"gold":203,"neow_bonus":"ONE_RARE_RELIC","is_daily":false,"chose_seed":false,"campfire_upgraded":7,"win_rate":0.0,"timestamp":1613107483,"path_taken":["M","M","M","M","M","R","E","M","T","M","E","R","?","E","R","BOSS","M","?","M","M","?","E","?","R","T","E","$","?","M","M","R","BOSS","M","M","$","?","M","E","M","R","T","R","E","M","?","M","R","BOSS"],"items_purchased_type":["Relic","Card","Card","Relic","Card"],"build_version":"2020-12-22","purchased_purges":1,"victory":true,"max_hp_per_floor":[80,80,80,80,80,80,80,80,80,80,80,80,80,80,80,80,80,80,80,80,80,80,80,80,80,80,80,80,80,80,80,80,80,80,80,80,80,80,80,80,80,80,90,90,90,90,90,90,90,90],"card_choices":[{"not_picked":["Flame Barrier","Clash"],"picked":"Sword Boomerang","floor":1},{"not_picked":["Power Through","Clash"],"picked":"Shrug It Off","floor":2},{"not_picked":["Reckless Charge","Perfected Strike"],"picked":"Shrug It Off","floor":3},{"not_picked":["Warcry","Feel No Pain"],"picked":"Perfected Strike","floor":4},{"not_picked":["Burning Pact","Blood for Blood","Rage"],"picked":"SKIP","floor":5},{"not_picked":["Iron Wave","Clothesline"],"picked":"True Grit","floor":7},{"not_picked":["Power Through","Battle Trance"],"picked":"Pommel Strike","floor":8},{"not_picked":["Armaments","Shrug It Off"],"picked":"Pommel Strike","floor":10},{"not_picked":["Impervious","Clothesline","Feel No Pain"],"picked":"SKIP","floor":11},{"not_picked":["Reckless Charge","Whirlwind"],"picked":"Thunderclap","floor":13},{"not_picked":["Cleave","Pommel Strike"],"picked":"Wild Strike","floor":14},{"not_picked":["Flex","Infernal Blade"],"picked":"Flame Barrier+1","floor":18},{"not_picked":["Flex","Feel No Pain"],"picked":"Seeing Red","floor":20},{"not_picked":["Warcry","Shrug It Off","Uppercut"],"picked":"SKIP","floor":21},{"not_picked":["Blood for Blood","Feel No Pain","Headbutt"],"picked":"SKIP","floor":23},{"not_picked":["Headbutt+1","Iron Wave","Rampage"],"picked":"SKIP","floor":27},{"not_picked":["Entrench+1","True Grit+1"],"picked":"Wild Strike","floor":29},{"not_picked":["Pommel Strike","Anger"],"picked":"Twin Strike","floor":30},{"not_picked":["Brutality","Clothesline","Warcry+1"],"picked":"SKIP","floor":31},{"not_picked":["Iron Wave","Entrench+1"],"picked":"Perfected Strike+1","floor":35},{"not_picked":["Entrench+1","Battle Trance+1"],"picked":"Wild Strike+1","floor":36},{"not_picked":["Metamorphosis+1","Deep Breath+1"],"picked":"Secret Weapon+1","floor":38},{"not_picked":["Feel No Pain","Heavy Blade","Headbutt"],"picked":"SKIP","floor":39},{"not_picked":["Warcry+1","Hemokinesis","Clothesline"],"picked":"SKIP","floor":40},{"not_picked":["Body Slam","Inflame","Anger+1"],"picked":"SKIP","floor":41},{"not_picked":["Reaper","Body Slam+1"],"picked":"Intimidate+1","floor":45},{"not_picked":["Rampage","Sword Boomerang"],"picked":"Wild Strike+1","floor":46},{"not_picked":["Whirlwind+1","Heavy Blade"],"picked":"True Grit+1","floor":47},{"not_picked":["Whirlwind","Cleave","Pummel"],"picked":"SKIP","floor":48}],"player_experience":7118,"relics_obtained":[{"floor":7,"key":"Bag of Marbles"},{"floor":9,"key":"Mummified Hand"},{"floor":11,"key":"Lantern"},{"floor":13,"key":"Odd Mushroom"},{"floor":14,"key":"Paper Frog"},{"floor":23,"key":"Toxic Egg 2"},{"floor":26,"key":"Omamori"},{"floor":27,"key":"Red Skull"},{"floor":29,"key":"Incense Burner"},{"floor":29,"key":"Bottled Lightning"},{"floor":40,"key":"Potion Belt"},{"floor":43,"key":"Pear"},{"floor":45,"key":"Frozen Egg 2"},{"floor":47,"key":"StoneCalendar"}],"event_choices":[{"damage_healed":0,"gold_gain":0,"player_choice":"Fought Mushrooms","damage_taken":0,"max_hp_gain":0,"max_hp_loss":0,"event_name":"Mushrooms","floor":13,"gold_loss":0},{"cards_removed":["Defend_R"],"damage_healed":0,"gold_gain":0,"player_choice":"Gave Gold","damage_taken":0,"max_hp_gain":0,"max_hp_loss":0,"event_name":"Beggar","floor":19,"gold_loss":75},{"damage_healed":0,"gold_gain":0,"player_choice":"Read","damage_taken":0,"max_hp_gain":0,"max_hp_loss":0,"event_name":"The Library","floor":22,"gold_loss":0,"cards_obtained":["Perfected Strike"]},{"damage_healed":0,"gold_gain":0,"player_choice":"Opened","damage_taken":0,"relics_obtained":["Gremlin Horn"],"max_hp_gain":0,"max_hp_loss":0,"event_name":"The Mausoleum","floor":24,"gold_loss":0},{"damage_healed":0,"gold_gain":0,"player_choice":"Fight","damage_taken":0,"max_hp_gain":0,"max_hp_loss":0,"event_name":"Colosseum","floor":29,"gold_loss":0},{"damage_healed":0,"gold_gain":0,"player_choice":"Fought Nobs","damage_taken":0,"max_hp_gain":0,"max_hp_loss":0,"event_name":"Colosseum","floor":29,"gold_loss":0},{"damage_healed":0,"gold_gain":0,"player_choice":"Memory 1","damage_taken":0,"max_hp_gain":0,"max_hp_loss":0,"event_name":"SensoryStone","floor":38,"gold_loss":0},{"damage_healed":0,"gold_gain":0,"player_choice":"Fight","damage_taken":0,"max_hp_gain":0,"max_hp_loss":0,"event_name":"MindBloom","floor":47,"gold_loss":0}],"is_beta":false,"boss_relics":[{"not_picked":["Runic Dome","Ectoplasm"],"picked":"Runic Cube"},{"not_picked":["Astrolabe","Coffee Dripper"],"picked":"Empty Cage"}],"items_purged_floors":[28],"is_endless":false,"potions_floor_spawned":[1,2,5,8,10,20,23,29,31,33,35,41,46,47],"ascension_level":1}}