{"host":"niv6bi8ufjzyofbf","time":1613138995,"event":{"mods":["ATMod(∞¢Ë™Mod)","Act Like it!","BaseMod","Colored Powertips","Conspire","Gensokyo","Hermit","Mad Scientist","Marisa£®ÏF”Í°°ƒß¿Ì…≥£©","Minty Spire (QoL Compilation)","Quick Restart","Rare Cards Sparkle","Reimu£®≤©¿ˆ¡È√Œ£©","Relic Filter Mod","Reliquary","Replay The Spire","Shop Mod","Spicy Shops","StSLib","SuperFastMode","The Cursed","The Servant 0.9.4","Youmu£®ªÍ∆«—˝√Œ£©","°æ“≈ŒÔø®≈∆°øREMEMod","≤–¡Ù÷ÆŒÔ"],"gold_per_floor":[19,231809,231884,231896,230018,230018,230044,230058,230106,230106,230133,230133,230145,228953,228953,229048,229048,229062,229062,229072,228560,228768,228768,228796,228808,228808,228818,228848,228868,228341,228361,228361,228461,228461,228481,228063,228082,228098,228098,228098,228110,228162,228162,228162,228197,227360,227360,227360,227376,227410,227410,227410],"floor_reached":53,"language":"ZHS","playtime":3223,"items_purged":["Pride","Regret","TheCursedMod:CleanUpWorkshop","Amnesia","Shame","Injury","Parasite","Writhe"],"score":1198,"play_id":"91253ebd-83c1-4ffa-8d69-61ab678d828d","local_time":"20210212220955","is_ascension_mode":true,"campfire_choices":[{"data":"TheCursedMod:CursedRelics","floor":6.0,"key":"SMITH"},{"data":"TheCursedMod:CollectTribute","floor":15,"key":"SMITH"},{"data":"TheCursedMod:DemonicPact","floor":23,"key":"SMITH"},{"data":"conspire:Banana","floor":32,"key":"SMITH"},{"data":"TheCursedMod:AshesToAshes","floor":40,"key":"SMITH"},{"data":"TheCursedMod:SpitefulPray","floor":44,"key":"SMITH"},{"data":"Secret Weapon","floor":51,"key":"SMITH"}],"circlet_count":0,"master_deck":["TheCursedMod:Strike_TheCursed","TheCursedMod:SpitefulStrike","TheCursedMod:TacticalStrike","TheCursedMod:VitalStrike","TheCursedMod:FuryStrike","TheCursedMod:FuryStrike","TheCursedMod:CircleOfWindfury+1","TheCursedMod:CursedSpellbook","TheCursedMod:StunningStrike","TheCursedMod:SpitefulPlan","TheCursedMod:CollectTribute+1","TheCursedMod:AbyssShockwave","TheCursedMod:DemonicPact+1","TheCursedMod:CircleOfWindfury+1","TheCursedMod:CursedRelics+1","TheCursedMod:CursedBoomerang","REME_EyeOfCthun","TheCursedMod:UltimatePain+1","TheCursedMod:AshesToAshes+1","TheCursedMod:CursedBlade","TheCursedMod:HellsGateOpen","TheCursedMod:CursedBlade","conspire:Banana+1","REME_WheelOfFate","TheCursedMod:DemonSword+1","TheCursedMod:SpitefulPray+1","TheCursedMod:OutForBlood+1","Secret Weapon+1"],"relics":["TheCursedMod:FourLeafCloverCharm","REME_ComplimentaryCards","AT_ATBox","Calipers","Iron Hammer","conspire:GiftBox","OrangePellets","Mummified Hand","TentaclePot:ReiMu","AT_RedTearstoneRing","PlaceholderMod:FlatBlood","Strange Spoon","Centennial Puzzle","reliquary:SilkGlove","Lizard Tail","MerchantsRug","Bottled Lightning","Blood Vial","Toy Ornithopter","AT_BladeRuinedKing","Frozen Eye","reliquary:WeakTea","reliquary:NewFriend","TheAbacus","Pen Nib","REME_DuelDisc","MutagenicStrength","Membership Card","Replay:Baseball","Snack Pack","Bag of Marbles","AT_SunfireAegis","reliquary:TridentHead","Pocketwatch","ReplayFunnel","Chemical X","ReplayTheSpireMod:Shallot","ReplayTheSpireMod:Lightbulb","Onion Ring","ReplayTheSpireMod:ShopPack","Happy Flower","reliquary:Craggleroot","CrazyTorch:ReiMu","HandDrill","TheCursedMod:PinkPellets","reliquary:PurpleTingedLeaf","Blue Doll","AT_Kusabimaru","conspire:DecoderRing","War Paint","reliquary:TatteredRug","Potion Belt","ClockworkSouvenir","AT_GuinsooRageblade","reliquary:Sideboard","Guide Book","reliquary:HotPoker"],"acts_visited":["Exordium","TheCity","TheBeyond"],"potions_floor_usage":[16,27],"damage_taken":[{"damage":0.0,"enemies":"Cultist","floor":1.0,"turns":2.0},{"damage":0.0,"enemies":"2 Louse","floor":4.0,"turns":1.0},{"damage":0.0,"enemies":"3 Sentries","floor":7.0,"turns":1.0},{"damage":15.0,"enemies":"conspire:RoseBush","floor":8.0,"turns":1.0},{"damage":24,"enemies":"conspire:2 RoseBushes","floor":13,"turns":1},{"damage":24,"enemies":"Hexaghost","floor":16,"turns":3},{"damage":10,"enemies":"conspire:FuzzyDice","floor":18,"turns":2},{"damage":0,"enemies":"Shell Parasite","floor":20,"turns":1},{"damage":0,"enemies":"Book of Stabbing","floor":24,"turns":1},{"damage":0,"enemies":"Snake Plant","floor":25,"turns":1},{"damage":63,"enemies":"conspire:HollyBat","floor":27,"turns":9},{"damage":0,"enemies":"Replay:Snechameleon","floor":28,"turns":1},{"damage":0,"enemies":"Sentry and Sphere","floor":29,"turns":1},{"damage":0,"enemies":"Chosen and Byrds","floor":31,"turns":1},{"damage":0,"enemies":"Collector","floor":33,"turns":2},{"damage":8,"enemies":"3 Shapes","floor":35,"turns":1},{"damage":0,"enemies":"3 Darklings","floor":37,"turns":1},{"damage":0,"enemies":"Spire Growth","floor":38,"turns":1},{"damage":0,"enemies":"Transient","floor":41,"turns":2},{"damage":0,"enemies":"2 Orb Walkers","floor":42,"turns":1},{"damage":0,"enemies":"R_Hoarder","floor":45,"turns":2},{"damage":0,"enemies":"Sphere and 2 Shapes","floor":49,"turns":1},{"damage":0,"enemies":"Giant Head","floor":50,"turns":1},{"damage":0,"enemies":"Time Eater","floor":52,"turns":1}],"seed_played":"-2508851127068986570","potions_obtained":[{"floor":13,"key":"SteroidPotion"},{"floor":18,"key":"AttackPotion"},{"floor":29,"key":"DuplicationPotion"},{"floor":50,"key":"FairyPotion"}],"is_trial":false,"path_per_floor":["M","$","?","M","$","R","E","M","T","?","T","?","M","$","R","B",null,"M","?","M","$","?","R","E","M","T","M","E","M","$","M","R","B",null,"M","$","M","M","?","R","M","?","T","R","E","$","PTL","PTL","M","E","R","B",null],"character_chosen":"THE_CURSED","items_purchased":["TheCursedMod:SpitefulPlan","Iron Hammer","conspire:GiftBox","OrangePellets","Mummified Hand","TentaclePot:ReiMu","AT_RedTearstoneRing","Swift Potion","LiquidMemories","Strength Potion","TheCursedMod:AbyssShockwave","PlaceholderMod:FlatBlood","Strange Spoon","Centennial Puzzle","reliquary:SilkGlove","Lizard Tail","FairyPotion","TheCursedMod:DemonicPact","TheCursedMod:CircleOfWindfury+1","TheCursedMod:CursedRelics","MerchantsRug","Bottled Lightning","Frozen Eye","reliquary:WeakTea","reliquary:NewFriend","TheAbacus","Pen Nib","REME_EyeOfCthun","Membership Card","Replay:Baseball","Snack Pack","Bag of Marbles","AT_SunfireAegis","Chemical X","ReplayTheSpireMod:Shallot","ReplayTheSpireMod:Lightbulb","Onion Ring","ReplayTheSpireMod:ShopPack","CrazyTorch:ReiMu","HandDrill","TheCursedMod:PinkPellets","reliquary:PurpleTingedLeaf","Blue Doll","reliquary:TatteredRug","Adrenaline Potion","Potion Belt","ClockworkSouvenir","AT_GuinsooRageblade","TheCursedMod:OutForBlood","Secret Weapon","reliquary:Sideboard","Guide Book"],"campfire_rested":0,"item_purchase_floors":[2,2,2,2,2,2,2,2,2,2,2,5,5,5,5,5,5,5,5,5,5,5,14,14,14,14,14,14,21,21,21,21,21,30,30,30,30,30,36,36,36,36,36,46,46,46,46,46,46,46,46,46],"current_hp_per_floor":[75,75,68,68,68,68,68,55,55,55,55,75,51,51,51,34,75,65,65,67,67,49,49,51,53,53,78,75,75,72,72,72,72,72,64,64,66,69,69,69,72,74,74,74,76,76,76,76,76,76,76,76],"gold":227410,"neow_bonus":"ONE_RARE_RELIC","is_daily":false,"chose_seed":false,"campfire_upgraded":7,"win_rate":0.0,"timestamp":1613138995,"path_taken":["M","?","?","M","$","R","E","?","T","?","?","?","M","$","R","BOSS","M","?","M","$","?","R","E","M","T","M","E","M","$","M","R","BOSS","M","$","M","M","?","R","M","?","T","R","E","$","PTL","PTL","M","E","R","BOSS"],"items_purchased_type":["Card","Relic","Relic","Relic","Relic","Relic","Relic","Potion","Potion","Potion","Card","Relic","Relic","Relic","Relic","Relic","Potion","Card","Card","Card","Relic","Relic","Relic","Relic","Relic","Relic","Relic","Card","Relic","Relic","Relic","Relic","Relic","Relic","Relic","Relic","Relic","Relic","Relic","Relic","Relic","Relic","Relic","Relic","Potion","Relic","Relic","Relic","Card","Card","Relic","Relic"],"build_version":"2020-12-22","purchased_purges":8,"victory":true,"max_hp_per_floor":[75,75,75,75,75,75,75,75,75,75,75,75,75,75,75,75,75,75,75,75,75,75,75,75,75,75,75,75,75,72,72,72,72,72,72,72,72,72,72,72,72,74,74,74,76,76,76,76,76,76,76,76],"card_choices":[{"not_picked":["TheCursedMod:FleshFromBone","TheCursedMod:ManaBullet","TheCursedMod:VitalStrike"],"picked":"SKIP","floor":1.0},{"not_picked":["TheCursedMod:DemonicPact","TheCursedMod:CircleOfAbyss"],"picked":"TheCursedMod:CollectTribute","floor":2.0},{"not_picked":["TheCursedMod:SaltUponWound","TheCursedMod:SoulReap","TheCursedMod:WearCloak"],"picked":"SKIP","floor":4.0},{"not_picked":["TheCursedMod:LuckyCharm","TheCursedMod:Grudge"],"picked":"TheCursedMod:CursedBoomerang","floor":7.0},{"not_picked":["TheCursedMod:SmokeScreen","TheCursedMod:RapidMovement","TheCursedMod:CircleOfFlame"],"picked":"SKIP","floor":8.0},{"not_picked":["TheCursedMod:DoubleShield","TheCursedMod:BlessingInDisguise","TheCursedMod:RapidMovement"],"picked":"SKIP","floor":13},{"not_picked":["TheCursedMod:CircleOfAbyss","TheCursedMod:OutForBlood"],"picked":"TheCursedMod:UltimatePain","floor":16},{"not_picked":["TheCursedMod:CursedShiv","TheCursedMod:RapidMovement","TheCursedMod:DoubleShield"],"picked":"SKIP","floor":18},{"not_picked":["TheCursedMod:Obscuration","TheCursedMod:TacticalStrike","TheCursedMod:Stigma"],"picked":"SKIP","floor":20},{"not_picked":["TheCursedMod:Stretching","TheCursedMod:SurpriseAttack"],"picked":"TheCursedMod:AshesToAshes","floor":22},{"not_picked":["TheCursedMod:ReleasedKnowledge","TheCursedMod:VitalStrike"],"picked":"TheCursedMod:CursedBlade","floor":24},{"not_picked":["TheCursedMod:CircleOfCorruption","TheCursedMod:CircleOfAbyss"],"picked":"TheCursedMod:HellsGateOpen","floor":25},{"not_picked":["TheCursedMod:Stigma","TheCursedMod:Hemoplague"],"picked":"TheCursedMod:CursedBlade","floor":27},{"not_picked":["TheCursedMod:Obscuration","TheCursedMod:RapidMovement","TheCursedMod:CircleOfAmplification"],"picked":"SKIP","floor":28},{"not_picked":["TheCursedMod:CursedBlade","TheCursedMod:ManaBullet","TheCursedMod:HellsGateOpen"],"picked":"SKIP","floor":29},{"not_picked":["Transmutation","Mind Blast"],"picked":"conspire:Banana","floor":30},{"not_picked":["Secret Weapon","Thinking Ahead"],"picked":"REME_WheelOfFate","floor":30},{"not_picked":["TheCursedMod:Torture","TheCursedMod:SoulReap","TheCursedMod:StingEye"],"picked":"SKIP","floor":31},{"not_picked":["TheCursedMod:AntiAging","TheCursedMod:ParallelWorld"],"picked":"TheCursedMod:DemonSword","floor":33},{"not_picked":["TheCursedMod:Stretching+1","TheCursedMod:FuryStrike","TheCursedMod:SpitefulStrike"],"picked":"SKIP","floor":35},{"not_picked":["TheCursedMod:Stigma","TheCursedMod:Stretching+1","TheCursedMod:Evocation"],"picked":"SKIP","floor":37},{"not_picked":["TheCursedMod:VitalStrike","TheCursedMod:CursedShiv+1","TheCursedMod:TroublousMinions"],"picked":"SKIP","floor":38},{"not_picked":["TheCursedMod:SpitefulPlan+1","TheCursedMod:CursedBlade+1"],"picked":"TheCursedMod:SpitefulPray","floor":41},{"not_picked":["TheCursedMod:RavingStaff","TheCursedMod:WearCloak+1","TheCursedMod:CircleOfWindfury"],"picked":"SKIP","floor":45},{"not_picked":["TheCursedMod:Stigma+1","TheCursedMod:WearCloak+1","TheCursedMod:VitalStrike+1"],"picked":"SKIP","floor":49},{"not_picked":["TheCursedMod:AbyssShockwave+1","TheCursedMod:Stretching"],"picked":"TheCursedMod:SpitefulPray+1","floor":50}],"player_experience":619144,"relics_obtained":[{"floor":7.0,"key":"Blood Vial"},{"floor":9.0,"key":"Toy Ornithopter"},{"floor":11.0,"key":"AT_BladeRuinedKing"},{"floor":24,"key":"reliquary:TridentHead"},{"floor":26,"key":"Pocketwatch"},{"floor":28,"key":"ReplayFunnel"},{"floor":42,"key":"AT_Kusabimaru"},{"floor":43,"key":"conspire:DecoderRing"},{"floor":45,"key":"War Paint"},{"floor":50,"key":"reliquary:HotPoker"}],"event_choices":[{"damage_healed":0.0,"max_hp_gain":0.0,"max_hp_loss":0.0,"gold_gain":75.0,"event_name":"FaceTrader","player_choice":"Touch","floor":3.0,"gold_loss":0.0,"damage_taken":7.0},{"damage_healed":0.0,"max_hp_gain":0.0,"max_hp_loss":0.0,"gold_gain":0.0,"event_name":"conspire:Investor","player_choice":"Leave","floor":10.0,"gold_loss":0.0,"damage_taken":0.0},{"damage_healed":0,"gold_gain":0,"player_choice":"Inject Mutagens","damage_taken":0,"relics_obtained":["MutagenicStrength"],"max_hp_gain":0,"max_hp_loss":0,"event_name":"Drug Dealer","floor":19,"gold_loss":0},{"damage_healed":0,"gold_gain":0,"player_choice":"Fight","damage_taken":0,"max_hp_gain":0,"max_hp_loss":0,"event_name":"Mysterious Sphere","floor":42,"gold_loss":0}],"is_beta":false,"boss_relics":[{"not_picked":["Busted Crown","Runic Dome"],"picked":"REME_DuelDisc"},{"not_picked":["Snecko Heart","Sozu"],"picked":"reliquary:Craggleroot"}],"items_purged_floors":[2,5,5,14,14,21,30,46],"is_endless":false,"potions_floor_spawned":[4,8,13,18,20,29,31,33,38,41,50],"ascension_level":3}}