{"host":"d61fcf2p3sjwe6yo","time":1613140343,"event":{"mods":["BaseMod","Colored Map","Koishi","Marisa????????","Minty Spire (QoL Compilation)","StSLib","SuperFastMode","The Servant 0.9.4"],"gold_per_floor":[109,109,122,122,47,47,57,57,80,80,115,41,52,64,64,141,141,157,173,200,228,240,252,274,299,334,346,378,401,447,111,111,185,235,247,247,262,273,107,141,160,171,171,185,185,200,200,215,215,215,215,215,215,17,50,50,50],"floor_reached":56,"language":"ENG","playtime":4211,"items_purged":["Strike_S","Strike_S"],"score":1860,"play_id":"16ed0674-5967-4077-9caa-d5be4ffc7e58","local_time":"20210212173223","is_ascension_mode":true,"campfire_choices":[{"data":"KidneyShot","floor":6,"key":"SMITH"},{"data":"Replace","floor":8,"key":"SMITH"},{"data":"Exchange","floor":10,"key":"SMITH"},{"data":"Potential","floor":15,"key":"SMITH"},{"data":"SilverBlades","floor":23,"key":"SMITH"},{"data":"SurpressingFire","floor":27,"key":"SMITH"},{"floor":32,"key":"REST"},{"floor":45,"key":"REST"},{"floor":47,"key":"REST"},{"floor":49,"key":"RECALL"},{"data":"FloweringNight","floor":53,"key":"SMITH"}],"circlet_count":0,"master_deck":["AscendersBane","Strike_S","Defend_S","Defend_S","Defend_S+1","Defend_S","KidneyShot+1","Exchange+1","Spin+1","Replace+1","Potential+1","SilverBlades+1","InstantArmor","TheWorld+1","FastForward","Luminosity+1","SurpressingFire+1","Defy+1","PendulumOfEternity","Potential+1","Rearm","Luminosity","FloweringNight+1","ShiftingGears","BottledTime+1","Misdirection+1","Moonlight+1","FastForward","BottledTime+1","Misdirection","LightFlow+1"],"relics":["Uniform","Gremlin Horn","Toy Ornithopter","Akabeko","Philosopher\u0027s Stone","MawBank","Omamori","Boot","Pan","Tiny House","Pen Nib","Molten Egg 2","War Paint"],"acts_visited":["Exordium","TheCity","TheBeyond","TheEnding"],"potions_floor_usage":[11,16,25,28,29,33,51,51,55,56],"damage_taken":[{"damage":4,"enemies":"Small Slimes","floor":1,"turns":4},{"damage":3,"enemies":"Cultist","floor":3,"turns":4},{"damage":0,"enemies":"Jaw Worm","floor":7,"turns":3},{"damage":16,"enemies":"3 Sentries","floor":11,"turns":3},{"damage":0,"enemies":"Exordium Wildlife","floor":13,"turns":1},{"damage":0,"enemies":"Lots of Slimes","floor":14,"turns":1},{"damage":35,"enemies":"Slime Boss","floor":16,"turns":9},{"damage":0,"enemies":"Chosen","floor":18,"turns":3},{"damage":11,"enemies":"2 Thieves","floor":19,"turns":3},{"damage":12,"enemies":"Sentry and Sphere","floor":21,"turns":5},{"damage":19,"enemies":"Snake Plant","floor":24,"turns":4},{"damage":0,"enemies":"Snecko","floor":25,"turns":3},{"damage":3,"enemies":"Sentry and Sphere","floor":28,"turns":6},{"damage":0,"enemies":"Centurion and Healer","floor":29,"turns":6},{"damage":11,"enemies":"Slavers","floor":30,"turns":6},{"damage":8,"enemies":"Champ","floor":33,"turns":11},{"damage":0,"enemies":"Orb Walker","floor":35,"turns":2},{"damage":3,"enemies":"3 Shapes","floor":37,"turns":4},{"damage":0,"enemies":"Transient","floor":38,"turns":6},{"damage":2,"enemies":"Reptomancer","floor":40,"turns":4},{"damage":22,"enemies":"Sphere and 2 Shapes","floor":41,"turns":4},{"damage":8,"enemies":"Maw","floor":42,"turns":5},{"damage":6,"enemies":"Jaw Worm Horde","floor":44,"turns":4},{"damage":1,"enemies":"Transient","floor":46,"turns":6},{"damage":5,"enemies":"Sphere and 2 Shapes","floor":48,"turns":6},{"damage":41,"enemies":"Awakened One","floor":50,"turns":17},{"damage":0,"enemies":"Time Eater","floor":51,"turns":8},{"damage":44,"enemies":"Shield and Spear","floor":55,"turns":11},{"damage":34,"enemies":"The Heart","floor":56,"turns":3}],"seed_played":"-2070353222454266046","potions_obtained":[{"floor":7,"key":"LiquidBronze"},{"floor":13,"key":"Swift Potion"},{"floor":21,"key":"Regen Potion"},{"floor":24,"key":"SneckoOil"},{"floor":28,"key":"PowerPotion"},{"floor":29,"key":"Energy Potion"},{"floor":34,"key":"BlessingOfTheForge"},{"floor":35,"key":"GamblersBrew"},{"floor":41,"key":"PowerPotion"},{"floor":42,"key":"SkillPotion"}],"is_trial":false,"path_per_floor":["M","?","M","?","$","R","M","R","T","R","E","$","M","M","R","B",null,"M","M","T","M","?","R","M","M","T","R","M","M","E","$","R","B",null,"M","?","M","M","$","E","M","M","T","M","R","M","R","M","R","B","B",null,"R","$","E","B"],"character_chosen":"THE_SERVANT","items_purchased":["SilverBlades","Pan","Luminosity","Pen Nib","PowerPotion","Dexterity Potion","Misdirection"],"campfire_rested":3,"item_purchase_floors":[12,31,31,39,54,54,54],"current_hp_per_floor":[56,56,53,53,53,53,53,53,53,53,42,42,42,42,42,12,53,53,42,42,30,30,30,11,16,16,16,33,38,27,27,46,43,65,65,65,62,62,62,60,38,30,30,24,45,44,65,60,60,19,29,61,61,61,22,0,0],"gold":50,"neow_bonus":"TEN_PERCENT_HP_BONUS","is_daily":false,"chose_seed":false,"campfire_upgraded":7,"win_rate":0.0,"timestamp":1613140343,"path_taken":["M","?","?","?","?","R","?","R","T","R","E","$","M","M","R","BOSS","M","M","?","M","?","R","M","M","T","R","?","M","E","$","R","BOSS","M","?","M","M","$","E","M","M","T","M","R","M","R","?","R","BOSS","BOSS","R","$","E","BOSS"],"items_purchased_type":["Card","Relic","Card","Relic","Potion","Potion","Card"],"build_version":"2020-12-22","purchased_purges":2,"victory":false,"max_hp_per_floor":[66,66,66,66,66,66,66,66,66,66,66,66,66,66,66,66,66,66,66,66,66,66,66,66,66,66,66,66,66,66,66,66,66,71,71,71,71,71,71,71,71,71,71,71,71,71,71,71,71,71,71,71,71,71,71,71,71],"card_choices":[{"not_picked":["Manipulate","ShatteredReality"],"picked":"BottledTime","floor":1},{"not_picked":["Advance","ShatteredReality"],"picked":"Spin","floor":3},{"not_picked":["ShatteredReality","Spin"],"picked":"Replace","floor":7},{"not_picked":["Replace","Misdirection"],"picked":"Potential","floor":11},{"not_picked":["Gouge","Shuttle","Unruled"],"picked":"SKIP","floor":13},{"not_picked":["DoubleEdge","Foresight"],"picked":"InstantArmor","floor":14},{"not_picked":["MurderousAura","Solidify"],"picked":"TheWorld","floor":16},{"not_picked":["Ricochet","Starlight"],"picked":"FastForward","floor":18},{"not_picked":["SilverBlades","BottledTime"],"picked":"Luminosity+1","floor":19},{"not_picked":["DoubleEdge","Starlight"],"picked":"SurpressingFire","floor":21},{"not_picked":["Unruled","Rearm","Alleviate"],"picked":"SKIP","floor":24},{"not_picked":["Manipulate","StarChef"],"picked":"Defy+1","floor":25},{"not_picked":["Replace","FastForward"],"picked":"PendulumOfEternity","floor":28},{"not_picked":["Rearm","Alleviate"],"picked":"Potential+1","floor":29},{"not_picked":["Alleviate","StarChef"],"picked":"Rearm","floor":30},{"not_picked":["FlawlessForm","KillingDoll"],"picked":"FloweringNight","floor":33},{"not_picked":["SpecialFormula","Spin"],"picked":"ShiftingGears","floor":34},{"not_picked":["MoonPhase+1","ShatteredReality+1","Rewind"],"picked":"SKIP","floor":35},{"not_picked":["ShatteredReality","Rearm","Comet"],"picked":"SKIP","floor":37},{"not_picked":["Rearm","Starlight"],"picked":"BottledTime","floor":38},{"not_picked":["FastForward","Spin+1"],"picked":"Misdirection+1","floor":40},{"not_picked":["Rearm","Ricochet+1","Revamp"],"picked":"SKIP","floor":41},{"not_picked":["Comet+1","Revamp+1"],"picked":"Moonlight+1","floor":42},{"not_picked":["Snipe+1","RealityMarble"],"picked":"FastForward","floor":44},{"not_picked":["Embodiment","SpecialFormula"],"picked":"BottledTime+1","floor":46},{"not_picked":["StarChef","Gouge+1","Revamp"],"picked":"SKIP","floor":48},{"not_picked":["BottledTime","MoonPhase"],"picked":"LightFlow+1","floor":55}],"player_experience":342576,"relics_obtained":[{"floor":9,"key":"Toy Ornithopter"},{"floor":11,"key":"Akabeko"},{"floor":20,"key":"MawBank"},{"floor":26,"key":"Omamori"},{"floor":30,"key":"Boot"},{"floor":40,"key":"Molten Egg 2"},{"floor":55,"key":"War Paint"}],"event_choices":[{"cards_removed":["BottledTime"],"damage_healed":0,"gold_gain":0,"player_choice":"Gave Card","damage_taken":0,"relics_obtained":["Gremlin Horn"],"max_hp_gain":0,"max_hp_loss":0,"event_name":"WeMeetAgain","floor":2,"gold_loss":0},{"damage_healed":0,"gold_gain":0,"player_choice":"Upgraded","damage_taken":0,"max_hp_gain":0,"max_hp_loss":0,"event_name":"Upgrade Shrine","floor":4,"gold_loss":0,"cards_upgraded":["Spin"]},{"cards_removed":["Strike_S"],"damage_healed":0,"gold_gain":0,"player_choice":"Purged","damage_taken":0,"max_hp_gain":0,"max_hp_loss":0,"event_name":"Purifier","floor":22,"gold_loss":0},{"damage_healed":0,"gold_gain":0,"player_choice":"Ignored","damage_taken":0,"max_hp_gain":0,"max_hp_loss":0,"event_name":"Mysterious Sphere","floor":36,"gold_loss":0}],"is_beta":false,"boss_relics":[{"not_picked":["Astrolabe","Velvet Choker"],"picked":"Philosopher\u0027s Stone"},{"not_picked":["Black Star","SacredBark"],"picked":"Tiny House"}],"items_purged_floors":[5,31],"is_endless":false,"potions_floor_spawned":[7,13,21,24,28,29,35,41,42],"killed_by":"The Heart","ascension_level":20}}