{"host":"ox77rn1xcurm2t5a","time":1613171893,"event":{"mods":["2.2 Compatiblity","AchievementEnabler","Act Like it!","Aspiration","BaseMod","Best Route Mod","Better Match","Better Note","Better Sensory Stone","Block Reminder","Colored Map","Colored Powertips","Conjunction","Conspire","Custom Start","Energized Spire","GifTheSpireLib","Gold Saver","Gremlin Skip","Halation","Highlight Path","Hubris","Infinite Spire","Minty Spire (QoL Compilation)","Pale of the Ancients","Quick Restart","Replay The Spire","Reworked Bosses","ShortenTheSpire","Spire Exporter","StSLib","Stuff the Spire","Wandering Minibosses"],"gold_per_floor":[856,875,204,220,25,25,52,69,69,69,69,69,102,120,120,219,219,230,230,230,230,250,250,278,278,278,84,118,118,150,110,110,215,215,225,239,239,259,271,271,304,319,342,373,373,88,122,134,134,134,134,134,134,163,163],"floor_reached":56,"language":"ENG","playtime":1438,"items_purged":["Defend_R","Defend_R","Defend_R","Defend_R"],"score":1507,"play_id":"214af387-a6a5-4899-a216-295ca2a65435","local_time":"20210213011813","is_ascension_mode":true,"campfire_choices":[{"floor":6.0,"key":"RECALL"},{"data":"Flex","floor":10.0,"key":"SMITH"},{"data":"Inflame","floor":12.0,"key":"SMITH"},{"data":"Berserk","floor":15.0,"key":"SMITH"},{"data":"Metallicize","floor":23.0,"key":"SMITH"},{"data":"Inflame","floor":25.0,"key":"SMITH"},{"data":"Inflame","floor":29.0,"key":"SMITH"},{"data":"Bash","floor":32.0,"key":"SMITH"},{"data":"Perfected Strike","floor":40.0,"key":"SMITH"},{"data":"Inflame","floor":49,"key":"SMITH"},{"data":"Cleave","floor":52,"key":"SMITH"}],"circlet_count":0,"master_deck":["Strike_R","Strike_R","Strike_R","Strike_R","Strike_R","Bash+1","Flex+1","Sword Boomerang+1","Inflame+1","Perfected Strike+1","Clash","Inflame+1","Metallicize+1","Berserk+1","Thunderclap+1","Inflame+1","Cleave+1","Shrug It Off+1","Ghostly Armor+1","Ghostly Armor+1","Spot Weakness+1","Perfected Strike+1","Cleave+1","Flex+1","Inflame+1","Perfected Strike+1","Sword Boomerang+1"],"relics":["Burning Blood","NeowsBlessing","conspire:Dentures","White Beast Statue","Ancient Tea Set","aspiration:FrozenJewel","StuffTheSpire:CocoNut","aspiration:PoetsPen_weak","StuffTheSpire:HistoryBook","StuffTheSpire:HeavyRock","aspiration:HummingbirdHeart","Replay:Accelerometer","StuffTheSpire:OldFever","Coffee Dripper","Replay:Baseball","StuffTheSpire:SapphireSignet","conspire:Boomerang","Kunai","ReplayTheSpireMod:Ninjato","hubris:SlimyHat"],"acts_visited":["Exordium","TheCity","TheBeyond","TheEnding"],"potions_floor_usage":[48,54,55,55],"damage_taken":[{"damage":0.0,"enemies":"2 Louse","floor":1.0,"turns":1.0},{"damage":0.0,"enemies":"Jaw Worm","floor":2.0,"turns":1.0},{"damage":0.0,"enemies":"infinitespire:Voidling","floor":4.0,"turns":1.0},{"damage":22.0,"enemies":"Lagavulin","floor":7.0,"turns":6.0},{"damage":0.0,"enemies":"2 Fungi Beasts","floor":8.0,"turns":2.0},{"damage":4.0,"enemies":"3 Sentries","floor":13.0,"turns":4.0},{"damage":0.0,"enemies":"Exordium Wildlife","floor":14.0,"turns":2.0},{"damage":25.0,"enemies":"The Guardian","floor":16.0,"turns":9.0},{"damage":3.0,"enemies":"3 Byrds","floor":18.0,"turns":4.0},{"damage":7.0,"enemies":"Shell Parasite","floor":22.0,"turns":2.0},{"damage":12.0,"enemies":"Book of Stabbing","floor":24.0,"turns":2.0},{"damage":20.0,"enemies":"Nightmare","floor":28.0,"turns":4.0},{"damage":0.0,"enemies":"Gremlin Leader","floor":30.0,"turns":2.0},{"damage":5.0,"enemies":"hubris:MusketHawk","floor":33.0,"turns":3.0},{"damage":0.0,"enemies":"3 Darklings","floor":35.0,"turns":2.0},{"damage":0.0,"enemies":"Orb Walker","floor":36.0,"turns":2.0},{"damage":9.0,"enemies":"Writhing Mass","floor":38.0,"turns":3.0},{"damage":0.0,"enemies":"Transient","floor":39.0,"turns":5.0},{"damage":0.0,"enemies":"Giant Head","floor":41.0,"turns":5.0},{"damage":6,"enemies":"4 Shapes","floor":42,"turns":3},{"damage":14,"enemies":"R_Hoarder","floor":44,"turns":4},{"damage":7,"enemies":"Giant Head","floor":47,"turns":4},{"damage":0,"enemies":"Jaw Worm Horde","floor":48,"turns":2},{"damage":0,"enemies":"bossMod:newShapes","floor":50,"turns":3},{"damage":2,"enemies":"Shield and Spear","floor":54,"turns":3},{"damage":69,"enemies":"The Heart","floor":55,"turns":5}],"seed_played":"-9172082686381190474","potions_obtained":[{"floor":2.0,"key":"Dexterity Potion"},{"floor":4.0,"key":"Elixir"},{"floor":7.0,"key":"Fire Potion"},{"floor":8.0,"key":"LiquidBronze"},{"floor":13.0,"key":"ColorlessPotion"},{"floor":14.0,"key":"SmokeBomb"},{"floor":22.0,"key":"Fire Potion"},{"floor":24.0,"key":"LiquidMemories"},{"floor":28.0,"key":"Weak Potion"},{"floor":30.0,"key":"Adrenaline Potion"},{"floor":33.0,"key":"Flashbang"},{"floor":35.0,"key":"CultistPotion"},{"floor":48,"key":"SmokeBomb"},{"floor":54,"key":"Ancient Potion"}],"is_trial":false,"path_per_floor":["M","M","$","M","$","R","E","M","T","R","?","R","E","M","R","B",null,"M","?","AVR","?","M","R","E","R","T","$","NM","R","E","?","R","B",null,"M","M","AVR","M","M","R","E","M","T","E","?","$","E","M","R","B",null,"R","$","E","B",null],"character_chosen":"IRONCLAD","items_purchased":["Inflame","conspire:Dentures","White Beast Statue","Clash","Inflame","Inflame","Kunai","Inflame"],"campfire_rested":0,"item_purchase_floors":[3,3,3,5,5,27,46,46],"current_hp_per_floor":[80,80,80,80,80,80,64,70,70,70,70,70,79,85,85,66,87,87,87,87,87,86,86,80,80,80,80,66,66,72,72,72,73,87,87,87,87,84,87,87,87,87,87,79,79,79,78,84,84,87,87,87,87,87,26],"gold":163,"neow_bonus":"THREE_ENEMY_KILL","is_daily":false,"chose_seed":false,"campfire_upgraded":10,"win_rate":0.0,"timestamp":1613171893,"path_taken":["M","M","$","M","$","R","E","M","T","R","?","R","E","M","R","BOSS","M","?","AVR","?","M","R","E","R","T","?","NM","R","E","?","R","BOSS","M","M","AVR","?","M","R","E","M","T","E","?","$","E","M","R","BOSS","R","$","E","BOSS"],"items_purchased_type":["Card","Relic","Relic","Card","Card","Card","Relic","Card"],"build_version":"2020-12-22","purchased_purges":4,"victory":true,"max_hp_per_floor":[80,80,80,80,80,80,80,80,80,80,80,80,87,87,87,87,87,87,87,87,87,87,87,87,87,87,87,87,87,87,87,87,87,87,87,87,87,87,87,87,87,87,87,87,87,87,87,87,87,87,87,87,87,87,87],"card_choices":[{"not_picked":["Reckless Charge","Hemokinesis"],"picked":"Flex","floor":1.0},{"not_picked":["Power Through","Iron Wave"],"picked":"Sword Boomerang","floor":2.0},{"not_picked":["Entrench","Feel No Pain"],"picked":"Perfected Strike","floor":4.0},{"not_picked":["Disarm","Clothesline","Warcry"],"picked":"SKIP","floor":7.0},{"not_picked":["ReplayTheSpireMod:LeadingStrike","StuffTheSpire:RockThrow"],"picked":"Metallicize","floor":8.0},{"not_picked":["True Grit","ReplayTheSpireMod:Strike From Hell","Shrug It Off"],"picked":"SKIP","floor":13.0},{"not_picked":["Defy Death","Ghostly Armor"],"picked":"Berserk","floor":14.0},{"not_picked":["Burning Pact","Havoc","Body Slam"],"picked":"SKIP","floor":18.0},{"not_picked":["Armaments","Run Through+1"],"picked":"Thunderclap+1","floor":22.0},{"not_picked":["Evolve","Second Wind","conspire:Purge"],"picked":"SKIP","floor":24.0},{"not_picked":["True Grit","Second Wind"],"picked":"Cleave","floor":28.0},{"not_picked":["ReplayTheSpireMod:LeadingStrike","ReplayTheSpireMod:Limb From Limb"],"picked":"Shrug It Off+1","floor":30.0},{"not_picked":["ReplayTheSpireMod:Corrosion Curse+1","Clothesline"],"picked":"Ghostly Armor+1","floor":35.0},{"not_picked":["Heavy Blade","Replay:Undeath\u0027s Touch+1"],"picked":"Ghostly Armor+1","floor":36.0},{"not_picked":["ReplayTheSpireMod:Strike From Hell+1","Pommel Strike"],"picked":"Spot Weakness+1","floor":38.0},{"not_picked":["Iron Wave+1","Sentinel+1","Armaments"],"picked":"SKIP","floor":39.0},{"not_picked":["ReplayTheSpireMod:Strike From Hell","Clash+1"],"picked":"Perfected Strike+1","floor":41.0},{"not_picked":["Havoc+1","Wild Strike"],"picked":"Cleave+1","floor":42},{"not_picked":["Whirlwind","Shrug It Off"],"picked":"Flex+1","floor":44},{"not_picked":["Demonic Infusion","Seeing Red","Massacre+1"],"picked":"SKIP","floor":47},{"not_picked":["Dropkick","Seeing Red+1"],"picked":"Perfected Strike+1","floor":48},{"not_picked":["Warcry","Shockwave"],"picked":"Sword Boomerang+1","floor":54}],"player_experience":3093856,"relics_obtained":[{"floor":7.0,"key":"Ancient Tea Set"},{"floor":9.0,"key":"aspiration:FrozenJewel"},{"floor":13.0,"key":"StuffTheSpire:CocoNut"},{"floor":24.0,"key":"StuffTheSpire:HeavyRock"},{"floor":26.0,"key":"aspiration:HummingbirdHeart"},{"floor":28.0,"key":"Replay:Accelerometer"},{"floor":30.0,"key":"StuffTheSpire:OldFever"},{"floor":41.0,"key":"StuffTheSpire:SapphireSignet"},{"floor":44,"key":"conspire:Boomerang"},{"floor":47,"key":"ReplayTheSpireMod:Ninjato"},{"floor":54,"key":"hubris:SlimyHat"}],"event_choices":[{"damage_healed":0.0,"max_hp_gain":0.0,"max_hp_loss":0.0,"gold_gain":1.0,"event_name":"betterStone:BetterStone","player_choice":"1","floor":11.0,"gold_loss":0.0,"damage_taken":0.0},{"damage_healed":0.0,"max_hp_gain":0.0,"max_hp_loss":0.0,"gold_gain":0.0,"event_name":"betterNote:BetterNote","player_choice":"Ignored","floor":19.0,"gold_loss":0.0,"damage_taken":0.0,"cards_obtained":["Strike_P"]},{"damage_healed":0.0,"max_hp_gain":0.0,"max_hp_loss":0.0,"gold_gain":0.0,"event_name":"Designer","player_choice":"Upgrade","floor":31.0,"gold_loss":40.0,"damage_taken":0.0,"cards_upgraded":["Sword Boomerang"]}],"is_beta":false,"boss_relics":[{"not_picked":["hubris:CrackedHourglass","energizedSpire:DeadBattery","hubris:BlackHole"]},{"not_picked":["conspire:RunicOctahedron","conspire:SlowCooker"],"picked":"Coffee Dripper"}],"items_purged_floors":[3,5,20,27],"is_endless":false,"potions_floor_spawned":[2,4,7,8,13,14,16,18,22,24,28,30,33,35,36,38,39,41,42,44,47,48,54],"ascension_level":1}}