{"host":"sian7qp8a9pc9xwd","time":1613154131,"event":{"mods":["BaseMod","Minty Spire (QoL Compilation)","StSLib","SuperFastMode"],"gold_per_floor":[132,162,142,201,81,81,193,205,274,335,335,84,84,129,129,259,259,298,316,17,17,55,55,55,89,115,176,220,220,260,283,283,409,409,478,778,778,778],"floor_reached":37,"language":"ENG","playtime":1494,"items_purged":["Strike_P","Strike_P"],"score":600,"play_id":"8da61edb-172c-4223-b935-92aee39b8c8f","local_time":"20210212132211","is_ascension_mode":true,"campfire_choices":[{"data":"HandOfGreed","floor":6.0,"key":"SMITH"},{"data":"Eruption","floor":11.0,"key":"SMITH"},{"data":"CutThroughFate","floor":13.0,"key":"SMITH"},{"data":"TalkToTheHand","floor":15.0,"key":"SMITH"},{"data":"FlurryOfBlows","floor":23.0,"key":"SMITH"},{"data":"MentalFortress","floor":29.0,"key":"SMITH"},{"floor":32.0,"key":"REST"}],"circlet_count":0,"master_deck":["AscendersBane","Strike_P","Strike_P","Defend_P","Defend_P","Defend_P","Eruption+1","Vigilance","HandOfGreed+1","FlurryOfBlows+1","FollowUp","CutThroughFate+1","TalkToTheHand+1","FollowUp+1","Worship","MentalFortress+1","CutThroughFate","LessonLearned","CutThroughFate"],"relics":["HolyWater","HornCleat","Oddly Smooth Stone","Black Star","Torii","Lizard Tail","Toy Ornithopter","PreservedInsect","Lantern"],"acts_visited":["Exordium","TheCity","TheBeyond"],"potions_floor_usage":[],"damage_taken":[{"damage":4.0,"enemies":"Jaw Worm","floor":1.0,"turns":3.0},{"damage":0.0,"enemies":"Cultist","floor":2.0,"turns":3.0},{"damage":3.0,"enemies":"2 Louse","floor":4.0,"turns":4.0},{"damage":17.0,"enemies":"Lots of Slimes","floor":7.0,"turns":10.0},{"damage":0.0,"enemies":"Large Slime","floor":8.0,"turns":2.0},{"damage":1.0,"enemies":"Exordium Wildlife","floor":10.0,"turns":4.0},{"damage":0.0,"enemies":"Looter","floor":14.0,"turns":2.0},{"damage":7.0,"enemies":"The Guardian","floor":16.0,"turns":7.0},{"damage":0.0,"enemies":"2 Thieves","floor":18.0,"turns":1.0},{"damage":3.0,"enemies":"Chosen","floor":19.0,"turns":4.0},{"damage":16.0,"enemies":"Snake Plant","floor":22.0,"turns":4.0},{"damage":38.0,"enemies":"Book of Stabbing","floor":25.0,"turns":7.0},{"damage":21.0,"enemies":"3 Cultists","floor":27.0,"turns":5.0},{"damage":14.0,"enemies":"Snecko","floor":28.0,"turns":4.0},{"damage":17.0,"enemies":"Snake Plant","floor":30.0,"turns":3.0},{"damage":38.0,"enemies":"Collector","floor":33.0,"turns":8.0},{"damage":59.0,"enemies":"3 Shapes","floor":35.0,"turns":9.0},{"damage":10,"enemies":"Orb Walker","floor":37,"turns":4}],"seed_played":"7052031342612957866","potions_obtained":[{"floor":2.0,"key":"StancePotion"},{"floor":3.0,"key":"EntropicBrew"},{"floor":7.0,"key":"BottledMiracle"},{"floor":22.0,"key":"EssenceOfSteel"},{"floor":25.0,"key":"SpeedPotion"}],"is_trial":false,"path_per_floor":["M","M","?","M","$","R","M","M","T","M","R","$","R","M","R","B",null,"M","M","$","?","M","R","?","E","T","M","M","R","M","T","R","B",null,"M","?","M"],"character_chosen":"WATCHER","items_purchased":["FollowUp","Oddly Smooth Stone","Torii"],"campfire_rested":1,"item_purchase_floors":[5,12,20],"current_hp_per_floor":[43,43,43,40,40,40,23,23,23,22,22,22,22,22,22,15,58,58,55,55,82,66,66,66,28,28,7,41,41,24,24,48,15,65,6,6,0,0],"gold":778,"neow_bonus":"RANDOM_COLORLESS_2","is_daily":false,"chose_seed":false,"campfire_upgraded":6,"win_rate":0.0,"timestamp":1613154131,"path_taken":["M","M","?","?","?","R","?","M","T","?","R","$","R","M","R","BOSS","M","?","$","?","?","R","?","E","T","M","?","R","M","?","R","BOSS","M","?","M"],"items_purchased_type":["Card","Relic","Relic"],"build_version":"2020-12-22","purchased_purges":2,"victory":false,"max_hp_per_floor":[72,72,72,72,72,72,72,72,72,72,72,72,72,72,72,72,72,72,72,72,82,82,82,82,82,82,82,82,82,82,82,82,82,82,82,82,82,82],"card_choices":[{"not_picked":["Mayhem","Secret Technique"],"picked":"HandOfGreed","floor":0.0},{"not_picked":["PathToVictory","EmptyBody","SashWhip"],"picked":"SKIP","floor":1.0},{"not_picked":["FearNoEvil","WheelKick","SashWhip"],"picked":"SKIP","floor":2.0},{"not_picked":["WaveOfTheHand","Swivel"],"picked":"FlurryOfBlows","floor":4.0},{"not_picked":["Consecrate","CarveReality","ConjureBlade"],"picked":"SKIP","floor":7.0},{"not_picked":["PathToVictory","ThirdEye"],"picked":"CutThroughFate","floor":8.0},{"not_picked":["FearNoEvil","LikeWater","Conclude"],"picked":"SKIP","floor":10.0},{"not_picked":["Pray","FollowUp"],"picked":"TalkToTheHand","floor":14.0},{"not_picked":["DevaForm","DeusExMachina"],"picked":"Judgement","floor":16.0},{"not_picked":["PathToVictory","Adaptation","Protect"],"picked":"SKIP","floor":18.0},{"not_picked":["Protect","EmptyFist"],"picked":"FollowUp+1","floor":19.0},{"not_picked":["FlyingSleeves","Crescendo+1"],"picked":"Worship","floor":22.0},{"not_picked":["ReachHeaven","Protect","JustLucky+1"],"picked":"SKIP","floor":25.0},{"not_picked":["Indignation","SignatureMove+1","ReachHeaven"],"picked":"SKIP","floor":27.0},{"not_picked":["DevaForm","WaveOfTheHand+1","PathToVictory"],"picked":"SKIP","floor":28.0},{"not_picked":["Evaluate","WreathOfFlame"],"picked":"CutThroughFate","floor":30.0},{"not_picked":["ConjureBlade","Omniscience"],"picked":"LessonLearned","floor":33.0},{"not_picked":["ClearTheMind+1","BattleHymn"],"picked":"CutThroughFate","floor":35.0}],"player_experience":978322,"relics_obtained":[{"floor":9.0,"key":"HornCleat"},{"floor":25.0,"key":"Lizard Tail"},{"floor":25.0,"key":"Toy Ornithopter"},{"floor":26.0,"key":"PreservedInsect"},{"floor":31.0,"key":"Lantern"}],"event_choices":[{"damage_healed":0.0,"max_hp_gain":0.0,"max_hp_loss":0.0,"gold_gain":0.0,"event_name":"The Woman in Blue","player_choice":"Bought 1 Potion","floor":3.0,"gold_loss":0.0,"damage_taken":0.0},{"cards_removed":["Judgement"],"damage_healed":17.0,"max_hp_gain":10.0,"max_hp_loss":0.0,"gold_gain":0.0,"event_name":"Bonfire Elementals","player_choice":"Offered Rare","floor":21.0,"gold_loss":0.0,"damage_taken":0.0},{"damage_healed":0.0,"max_hp_gain":0.0,"max_hp_loss":0.0,"gold_gain":0.0,"cards_transformed":["Defend_P"],"event_name":"Transmorgrifier","player_choice":"Transformed","floor":24.0,"gold_loss":0.0,"damage_taken":0.0,"cards_obtained":["MentalFortress"]},{"damage_healed":0.0,"max_hp_gain":0.0,"max_hp_loss":0.0,"gold_gain":300.0,"event_name":"Wheel of Change","player_choice":"Gold","floor":36.0,"gold_loss":0.0,"damage_taken":0.0}],"is_beta":false,"boss_relics":[{"not_picked":["Fusion Hammer","Runic Pyramid"],"picked":"Black Star"},{"not_picked":["SacredBark","Busted Crown"],"picked":"HolyWater"}],"items_purged_floors":[5,12],"is_endless":false,"potions_floor_spawned":[2,7,8,16,22,25],"killed_by":"Orb Walker","ascension_level":10}}