{"host":"4eao2pkwlmv012cz","time":1613123353,"event":{"mods":["BaseMod","Colored Powertips","Minty Spire (QoL Compilation)","Permanent Neow","Quick Restart","Random Character Button","StSLib"],"gold_per_floor":[16,30,30,44,68,68,104,104,104,143,143,163,197,197,197,293,293,306,221,240,39,39,39],"floor_reached":22,"language":"ENG","playtime":858,"items_purged":[],"score":408,"play_id":"14c21ce1-5211-4669-874e-4f8159abd888","local_time":"20210212044913","is_ascension_mode":true,"campfire_choices":[{"data":"Zap","floor":6.0,"key":"SMITH"},{"floor":8.0,"key":"REST"},{"data":"Auto Shields","floor":11,"key":"SMITH"},{"floor":15,"key":"REST"}],"circlet_count":0,"master_deck":["AscendersBane","Strike_B","Strike_B","Strike_B","Strike_B","Defend_B","Defend_B","Defend_B","Defend_B","Zap+1","Dualcast","Gash","Ball Lightning","Injury","Cold Snap","Leap","Rebound+1","Auto Shields+1","Ball Lightning+1","Reinforced Body","Creative AI","Rebound+1","Barrage+1","Mayhem"],"relics":["Cracked Core","TungstenRod","Golden Idol","Molten Egg 2","Letter Opener","Happy Flower","Shuriken","Matryoshka","SacredBark","Bird Faced Urn"],"acts_visited":["Exordium","TheCity"],"potions_floor_usage":[13,18,22],"damage_taken":[{"damage":2.0,"enemies":"2 Louse","floor":1.0,"turns":3.0},{"damage":6.0,"enemies":"Jaw Worm","floor":2.0,"turns":3.0},{"damage":6.0,"enemies":"Small Slimes","floor":4.0,"turns":3.0},{"damage":0.0,"enemies":"2 Fungi Beasts","floor":5.0,"turns":4.0},{"damage":20.0,"enemies":"Lagavulin","floor":7.0,"turns":4.0},{"damage":24,"enemies":"Gremlin Nob","floor":10,"turns":4},{"damage":8,"enemies":"Gremlin Gang","floor":12,"turns":4},{"damage":19,"enemies":"Lagavulin","floor":13,"turns":5},{"damage":4,"enemies":"The Guardian","floor":16,"turns":13},{"damage":21,"enemies":"Chosen","floor":18,"turns":6},{"damage":28,"enemies":"3 Byrds","floor":20,"turns":5},{"damage":42,"enemies":"Snake Plant","floor":22,"turns":3}],"seed_played":"-8479113792458146468","potions_obtained":[{"floor":2.0,"key":"ColorlessPotion"},{"floor":5.0,"key":"DistilledChaos"},{"floor":10,"key":"FairyPotion"},{"floor":12,"key":"CultistPotion"},{"floor":13,"key":"SneckoOil"},{"floor":18,"key":"Regen Potion"}],"is_trial":false,"path_per_floor":["M","M","?","M","M","R","E","R","T","E","R","M","E","T","R","B",null,"M","?","M","$","M"],"character_chosen":"DEFECT","items_purchased":["Mayhem"],"campfire_rested":2,"item_purchase_floors":[21],"current_hp_per_floor":[62,56,56,50,50,50,30,51,51,27,27,19,21,21,42,38,63,42,42,14,14,0,0],"gold":39,"neow_bonus":"ONE_RARE_RELIC","is_daily":false,"chose_seed":false,"campfire_upgraded":2,"win_rate":0.0,"timestamp":1613123353,"path_taken":["M","M","?","M","M","R","E","R","T","E","R","M","E","?","R","BOSS","M","?","M","$","M"],"items_purchased_type":["Card"],"build_version":"2020-12-22","purchased_purges":0,"victory":false,"max_hp_per_floor":[71,71,71,71,71,71,71,71,71,71,71,71,71,71,71,71,71,71,71,71,71,71,71],"card_choices":[{"not_picked":["Beam Cell","Recycle"],"picked":"Gash","floor":1.0},{"not_picked":["Sweeping Beam","Go for the Eyes"],"picked":"Ball Lightning","floor":2.0},{"not_picked":["Darkness","Hologram"],"picked":"Cold Snap","floor":4.0},{"not_picked":["Stack","Hologram"],"picked":"Leap","floor":5.0},{"not_picked":["Self Repair","Steam"],"picked":"Rebound+1","floor":7.0},{"not_picked":["Streamline+1","Storm"],"picked":"Auto Shields","floor":10},{"not_picked":["BootSequence","Machine Learning"],"picked":"Ball Lightning+1","floor":12},{"not_picked":["Rebound+1","Coolheaded"],"picked":"Reinforced Body","floor":13},{"not_picked":["Core Surge+1","Multi-Cast"],"picked":"Creative AI","floor":16},{"not_picked":["Redo","Skim"],"picked":"Rebound+1","floor":18},{"not_picked":["Conserve Battery","Recycle"],"picked":"Barrage+1","floor":20}],"player_experience":2927886,"relics_obtained":[{"floor":7.0,"key":"Molten Egg 2"},{"floor":9.0,"key":"Letter Opener"},{"floor":10,"key":"Happy Flower"},{"floor":13,"key":"Shuriken"},{"floor":14,"key":"Matryoshka"}],"event_choices":[{"damage_healed":0.0,"max_hp_gain":0.0,"max_hp_loss":0.0,"gold_gain":0.0,"event_name":"Golden Idol","player_choice":"Take Wound","floor":3.0,"gold_loss":0.0,"damage_taken":0.0,"relics_obtained":["Golden Idol"],"cards_obtained":["Injury"]},{"damage_healed":0,"gold_gain":0,"player_choice":"Obtained Relic","damage_taken":0,"relics_obtained":["Bird Faced Urn"],"max_hp_gain":0,"max_hp_loss":0,"event_name":"Addict","floor":19,"gold_loss":85}],"is_beta":false,"boss_relics":[{"not_picked":["Philosopher\u0027s Stone","FrozenCore"],"picked":"SacredBark"}],"items_purged_floors":[],"is_endless":false,"potions_floor_spawned":[2,5,10,12,13,18],"killed_by":"Snake Plant","ascension_level":20}}