{"host":"g7mkzn6qfoxkk5sz","time":1613141272,"event":{"mods":["BaseMod","Colored Map","Colored Powertips","Downfall","Minty Spire (QoL Compilation)","StSLib"],"gold_per_floor":[99,99,99,99,156,190,190,190,30,47,47,222,222,233,243,341,341,341,356,356,369,644,644,668,682,324,336,371,371,417,132,146,146,146,146],"floor_reached":33,"language":"ENG","playtime":1559,"items_purged":["Guardian:Strike_Guardian","Regret","Doubt"],"score":337,"play_id":"28f5085a-4c89-4beb-b0fa-f78f993e6117","local_time":"20210212164752","is_ascension_mode":true,"campfire_choices":[{"data":"Guardian:TwinSlam","floor":1,"key":"SMITH"},{"data":"Guardian:CurlUp","floor":11,"key":"SMITH"},{"floor":13,"key":"REST"},{"data":"Guardian:ShieldSpikes","floor":18,"key":"SMITH"},{"data":"Guardian:GemFinder","floor":23,"key":"SMITH"}],"circlet_count":0,"master_deck":["Guardian:CurlUp+1","Guardian:TwinSlam+1","Guardian:TimeBomb","Guardian:RollAttack+1","Guardian:Recover","Guardian:PrimingBeam","Guardian:EvasiveProtocol","Guardian:Harden","Guardian:ArmoredProtocol","Guardian:Incinerate","Guardian:RollAttack","Guardian:AncientConstruct","Guardian:BronzeArmor","Guardian:ShieldSpikes+1","Guardian:GemFire","Guardian:GemFinder+1","Guardian:Clone","Guardian:Gem_Red","Guardian:PrimingBeam+1","Guardian:Gem_Lightblue","Guardian:Incinerate+1","Guardian:Gem_Red","Guardian:BodySlam","Guardian:PiercingHide","Guardian:Gem_Lightblue","Guardian:Gem_Red","Guardian:Gem_Lightblue","Guardian:Gem_Purple","Guardian:Gem_Lightblue","Guardian:Gem_Red"],"relics":["Guardian:ModeShifter","downfall:HeartsMalice","Matryoshka","Bag of Marbles","Lantern","Happy Flower","Slimebound:StickyStick","Pandora\u0027s Box","Kunai","Omamori","Potion Belt","Shuriken","Centennial Puzzle","Whetstone"],"acts_visited":["Exordium","TheCity"],"potions_floor_usage":[16,16],"damage_taken":[{"damage":0,"enemies":"Jaw Worm","floor":2,"turns":1},{"damage":0,"enemies":"2 Louse","floor":3,"turns":1},{"damage":0,"enemies":"Cultist","floor":4,"turns":1},{"damage":25,"enemies":"Lagavulin Event","floor":5,"turns":7},{"damage":14,"enemies":"Gremlin Nob","floor":6,"turns":5},{"damage":0,"enemies":"downfall:FleeingMerchant","floor":9,"turns":4},{"damage":8,"enemies":"Large Slime","floor":10,"turns":5},{"damage":0,"enemies":"Exordium Wildlife","floor":14,"turns":4},{"damage":0,"enemies":"Exordium Thugs","floor":15,"turns":3},{"damage":17,"enemies":"WA_ARCHETYPE_RETAIN","floor":16,"turns":7},{"damage":12,"enemies":"Shell Parasite","floor":19,"turns":7},{"damage":0,"enemies":"Spheric Guardian","floor":21,"turns":3},{"damage":23,"enemies":"Snecko","floor":25,"turns":7},{"damage":1,"enemies":"downfall:FleeingMerchant","floor":26,"turns":4},{"damage":3,"enemies":"Chosen and Byrds","floor":27,"turns":2},{"damage":15,"enemies":"Book of Stabbing","floor":28,"turns":4},{"damage":0,"enemies":"downfall:FleeingMerchant","floor":31,"turns":4},{"damage":0,"enemies":"Centurion and Healer","floor":32,"turns":5},{"damage":28,"enemies":"DF_ARCHETYPE_CLAW","floor":33,"turns":6}],"seed_played":"-4491096158451853045","potions_obtained":[{"floor":6,"key":"Block Potion"},{"floor":10,"key":"champ:CounterPotion"},{"floor":14,"key":"Strength Potion"},{"floor":16,"key":"Explosive Potion"},{"floor":21,"key":"bronze:BurnAndBuffPotion"},{"floor":27,"key":"GamblersBrew"},{"floor":32,"key":"FearPotion"}],"is_trial":false,"path_per_floor":["R","M","M","M","?","E","T","?","$","M","R","?","R","M","M","B",null,"R","M","?","M","?","R","T","M","$","M","E","?","T","$","M","B"],"character_chosen":"GUARDIAN","items_purchased":["Guardian:Harden","Potion Belt","Guardian:Gem_Red","Guardian:BodySlam","Whetstone"],"campfire_rested":1,"item_purchase_floors":[9,26,26,26,31],"current_hp_per_floor":[80,80,80,80,55,41,41,29,29,21,21,21,45,45,45,28,80,80,68,68,68,68,68,68,45,44,41,26,26,26,26,26,0,0,0],"gold":146,"neow_bonus":"THREE_ENEMY_KILL","is_daily":false,"chose_seed":false,"campfire_upgraded":4,"win_rate":0.0,"timestamp":1613141272,"path_taken":["R","M","M","M","?","E","T","?","?","?","R","?","R","M","M","BOSS","R","M","?","M","?","R","T","?","$","?","E","?","?","$","M","BOSS"],"items_purchased_type":["Card","Relic","Card","Card","Relic"],"build_version":"2020-12-22","purchased_purges":3,"victory":false,"max_hp_per_floor":[80,80,80,80,80,80,80,80,80,80,80,80,80,80,80,80,80,80,80,80,80,80,80,80,80,80,80,80,80,80,80,80,80,80,80],"card_choices":[{"not_picked":["Guardian:CrystalBeam","Guardian:Recover"],"picked":"Guardian:TimeBomb","floor":2},{"not_picked":["Guardian:Preprogram","Guardian:CrystalBeam"],"picked":"Guardian:RollAttack","floor":3},{"not_picked":["Guardian:TemporalShield","Guardian:StasisEngine"],"picked":"Guardian:Recover","floor":4},{"not_picked":["Guardian:Gem_Cyan","Guardian:Gem_Crimson"],"picked":"Guardian:PrimingBeam","floor":5},{"not_picked":["Guardian:Planning","Guardian:RollAttack"],"picked":"Guardian:EvasiveProtocol","floor":6},{"not_picked":["Guardian:GemFire","Guardian:PolyBeam","Guardian:Reroute"],"picked":"SKIP","floor":9},{"not_picked":["Guardian:WalkerClaw","Guardian:FloatingOrbs"],"picked":"Guardian:ArmoredProtocol","floor":10},{"not_picked":["Guardian:PolyBeam","Guardian:TimeBomb"],"picked":"Guardian:Incinerate","floor":14},{"not_picked":["Guardian:Gem_Cyan","Guardian:EvasiveProtocol"],"picked":"Guardian:RollAttack","floor":15},{"not_picked":["Guardian:CompilePackage","Guardian:ConstructionForm"],"picked":"Guardian:AncientConstruct","floor":16},{"not_picked":["Guardian:Gem_Red","Guardian:Gem_Cyan"],"picked":"Guardian:Gem_Lightblue","floor":19},{"not_picked":["Guardian:RollAttack","Guardian:ChargeCore+1"],"picked":"Guardian:Gem_White","floor":19},{"not_picked":["Guardian:Gem_Red","Guardian:Gem_Green"],"picked":"Guardian:Gem_Lightblue","floor":21},{"not_picked":["Guardian:StasisEngine","Guardian:FloatingOrbs"],"picked":"Guardian:Gem_Blue","floor":21},{"not_picked":["Guardian:Gem_Cyan","Guardian:Gem_Green"],"picked":"Guardian:Gem_Red","floor":25},{"not_picked":["Guardian:TimeBomb","Guardian:BronzeOrb"],"picked":"Guardian:PrimingBeam","floor":25},{"not_picked":["Guardian:Gem_Red","Guardian:Gem_Green"],"picked":"Guardian:Gem_Lightblue","floor":26},{"not_picked":["Guardian:Reroute+1","Guardian:BronzeOrb"],"picked":"Guardian:Incinerate+1","floor":26},{"not_picked":["Guardian:Reroute+1","Guardian:TemporalShield"],"picked":"Guardian:PiercingHide","floor":27},{"not_picked":["Guardian:Gem_Green","Guardian:Gem_Red"],"picked":"Guardian:Gem_Lightblue","floor":28},{"not_picked":["Guardian:Incinerate","Guardian:BodySlam"],"picked":"Guardian:Gem_Red","floor":28},{"not_picked":["Guardian:Gem_Red","Guardian:Gem_Cyan"],"picked":"Guardian:Gem_Lightblue","floor":31},{"not_picked":["Guardian:CrystalBeam+1","Guardian:Recover"],"picked":"Guardian:Gem_Purple","floor":31},{"not_picked":["Guardian:Gem_Green","Guardian:Gem_Red"],"picked":"Guardian:Gem_Lightblue","floor":32},{"not_picked":["Guardian:Planning","Guardian:ChargeCore"],"picked":"Guardian:Gem_Red","floor":32}],"player_experience":482926,"relics_obtained":[{"floor":6,"key":"Bag of Marbles"},{"floor":7,"key":"Lantern"},{"floor":7,"key":"Happy Flower"},{"floor":24,"key":"Kunai"},{"floor":24,"key":"Omamori"},{"floor":28,"key":"Shuriken"},{"floor":30,"key":"Centennial Puzzle"}],"event_choices":[{"damage_healed":0,"gold_gain":0,"player_choice":"Success","damage_taken":12,"relics_obtained":["Slimebound:StickyStick"],"max_hp_gain":0,"max_hp_loss":0,"event_name":"Scrap Ooze","floor":8,"gold_loss":0},{"damage_healed":0,"gold_gain":0,"player_choice":"Ignored","damage_taken":0,"max_hp_gain":0,"max_hp_loss":0,"event_name":"Ghosts","floor":20,"gold_loss":0}],"is_beta":false,"boss_relics":[{"not_picked":["Sozu","bronze:MakeshiftBattery"],"picked":"Pandora\u0027s Box"}],"items_purged_floors":[9,26,31],"is_endless":false,"potions_floor_spawned":[6,10,14,16,21,27,32],"killed_by":"DF_ARCHETYPE_CLAW","ascension_level":2}}