{"host":"ooetke516h53yqww","time":1613146918,"event":{"mods":["100% Spire Juice","2.2 Compatiblity","Abigail Mod","Act Like it!","Astrologer","Bartender","BaseMod","Beaked The Cultist","Better Match","Better Third Choice","Conspire","Elementarium","Friendly Minions","Hallownest","Hermit","HololiveMod","Hubris","Infinite Spire","Kiyohime????","Lobotomy","LobotomyExtend","Mari Mod (Legacy)","Mari\u0027s V1 Patch","Menagerie","Minty Spire (QoL Compilation)","Morshu Shopkeeper","Prisma Mod","Random Character Button","Reliquary","Replay The Spire","Robot Space Explorer","Spicy Shops","StSLib","Td1madao Mod","The Alterego","The Bug Knight","The Marked","The Poker Player","The Senshi","TheSwordswoman","Uncapped","WarShipGirlsR/????R mod","Yakumo Yukari mod","Yohane!"],"gold_per_floor":[84,94,19,63,63,63,97,107,107,139,151,161,161,193,193,292,292,322,340,225,301,315,348,360,400,436,448,460,490,502,532,544,674,686,712,735,765,777,809,850,862,903,915,938,984,624,636,667,667,667,667],"floor_reached":50,"language":"ENG","playtime":5024,"items_purged":["Hololive_Strike"],"score":1576,"play_id":"68c7e628-1a2b-402c-8e23-066825b85f4d","local_time":"20210212112158","is_ascension_mode":true,"campfire_choices":[{"data":"Hololive_CallAmaneKanata","floor":6,"key":"SMITH"},{"data":"Hololive_CallManoAloe","floor":13,"key":"SMITH"},{"data":"Hololive_CallUruhaRushia","floor":15,"key":"SMITH"},{"data":"Hololive_CallUruhaRushia","floor":24,"key":"SMITH"},{"data":"Hololive_CallYukihanaLamy","floor":24,"key":"SMITH"},{"data":"Hololive_CallUsadaPekora","floor":27,"key":"SMITH"},{"data":"Hololive_StrengthChampion","floor":27,"key":"SMITH"},{"data":"Hololive_StrengthChampion+1","floor":30,"key":"SMITH"},{"data":"Hololive_StrengthChampion+2","floor":30,"key":"SMITH"},{"data":"Hololive_StrengthChampion+3","floor":32,"key":"SMITH"},{"data":"Hololive_StrengthChampion+4","floor":32,"key":"SMITH"},{"data":"Hololive_StrengthChampion+5","floor":49,"key":"SMITH"},{"data":"Hololive_StrengthChampion+6","floor":49,"key":"SMITH"}],"circlet_count":0,"master_deck":["AscendersBane","Hololive_Strike","Hololive_Defend","Hololive_Defend","Hololive_CandyCastle","Hololive_CallUruhaRushia+1","Hololive_CallFriendA","Hololive_CallArtia","Hololive_CallKiryuuCoco","Hololive_CallAmaneKanata+1","Deep Breath","Hololive_StrengthChampion+7","Hololive_CallDoris","Hallownest:skillGreenpathMap","Hololive_Thief+1","Hololive_CallManoAloe+1","Hololive_ScarfAndHalo","Hololive_StrengthChampion","Hololive_CallUruhaRushia+1","Hololive_IdolExercise+1","Hololive_Rebirth+1","CurseOfTheBell","Pot Of Greed+1","Pot Of Greed+1","Pot Of Greed+1","Hololive_CallNatsuiroMatsuri+1","Hololive_CallYukihanaLamy+1","Hololive_LuckPotion+1","Hololive_Breathe+1","Hololive_CallTokoyamiTowa+1","Hololive_CallUsadaPekora+1","Hololive_StarCraft+1","Hololive_LuckPotion+1","Hololive_LuckPotion+1","Hololive_WolfAndLamb+1","Hololive_DevilCharm+1","Pot Of Greed+1","Hololive_Breathe+1","Hololive_CallUruhaRushia+1","Hololive_CallUruhaRushia+1","Hololive_DurableLive+1","Hololive_FlyingPonyTail+1","infinitespire:Fortify+1","Hololive_LuckPotion+1","Hololive_CallYozoraMel","Hololive_CallAmaneKanata+1","Hololive_BeCareful+1"],"relics":["Hololive_TheStar","LetterFromLob","Toxic Egg 2","Hallownest:SheosBrushRelic","Replay:Mystery Machine","Dream Catcher","reliquary:Aerogel","Oddly Smooth Stone","Calling Bell","Replay:Arrowhead","infinitespire:BottledMercury","Grinning Jar","Elementarium:HuntersSling","Bag of Preparation","MawBank","Replay:Kaleidoscope","Centennial Puzzle","Elementarium:ElementariumTrophy","Black Star","Blood Vial","Ornamental Fan","Torii","Bottled Flame","Bottled Lightning","Turnip","ReplayFunnel","Orrery","Vajra","White Beast Statue","hubris:SphereOfDissonance"],"acts_visited":["Hallownest:Greenpath","Elementarium:Elementarium","Hallownest:KingdomsEdge"],"potions_floor_usage":[37],"damage_taken":[{"damage":0,"enemies":"Hallownest:2_Baldur","floor":1,"turns":4},{"damage":0,"enemies":"Hallownest:2_MossCreeps","floor":2,"turns":5},{"damage":0,"enemies":"conspire:MimicChest","floor":4,"turns":5},{"damage":0,"enemies":"Hallownest:eliteVengeflyKing","floor":7,"turns":6},{"damage":0,"enemies":"2_ Uuma","floor":8,"turns":3},{"damage":0,"enemies":"Hallownest:eliteCrystalGuardian","floor":10,"turns":4},{"damage":0,"enemies":"Hallownest:Guard_and_Warrior","floor":11,"turns":4},{"damage":2,"enemies":"Hallownest:1_Ooma_and_2_Uuma","floor":12,"turns":6},{"damage":0,"enemies":"Hallownest:eliteMossKnight","floor":14,"turns":4},{"damage":0,"enemies":"Hallownest:BossFalseKnight","floor":16,"turns":5},{"damage":0,"enemies":"Elementarium:Cyclone","floor":18,"turns":4},{"damage":0,"enemies":"Elementarium:2_ELEMENTALS","floor":19,"turns":4},{"damage":2,"enemies":"Elementarium:VoidBeast","floor":22,"turns":4},{"damage":0,"enemies":"Elementarium:ElementalPortal","floor":23,"turns":7},{"damage":0,"enemies":"Elementarium:FIRE_NOBILITY","floor":25,"turns":5},{"damage":0,"enemies":"Elementarium:VOID_CORRUPTION_AND_TAR_GOLEM","floor":29,"turns":5},{"damage":0,"enemies":"Elementarium:CYCLONE_AND_ORB_OF_FIRE","floor":31,"turns":5},{"damage":0,"enemies":"Elementarium:PHOENIXES","floor":33,"turns":9},{"damage":0,"enemies":"Hallownest:Shield_Heavy","floor":35,"turns":6},{"damage":0,"enemies":"Hallownest:2_Littles","floor":36,"turns":4},{"damage":0,"enemies":"Hallownest:2_Wing_and_1_Kings","floor":37,"turns":5},{"damage":5,"enemies":"Hallownest:Xero_Hu_Marmu","floor":39,"turns":5},{"damage":0,"enemies":"Hallownest:eliteHiveKnight","floor":40,"turns":6},{"damage":0,"enemies":"Hallownest:StalkingDevout","floor":42,"turns":5},{"damage":0,"enemies":"Hallownest:2_Soldiers_and_1_Guardian","floor":44,"turns":7},{"damage":0,"enemies":"Hallownest:eliteCollector","floor":45,"turns":6},{"damage":0,"enemies":"Hallownest:Slobbering_and_Violent","floor":47,"turns":4},{"damage":0,"enemies":"Hallownest:eliteHiveKnight","floor":48,"turns":6},{"damage":32,"enemies":"Hallownest:BossHollowKnight","floor":50,"turns":8}],"seed_played":"2068955024310442884","potions_obtained":[{"floor":2,"key":"Venom Potion"},{"floor":10,"key":"ColorlessPotion"},{"floor":37,"key":"Toxic Potion"}],"is_trial":false,"path_per_floor":["M","M","?","?","?","R","E","M","T","E","M","M","R","E","R","B",null,"M","M","?","?","M","E","R","E","T","R","M","M","R","M","R","B",null,"M","M","M","?","M","E","?","E","T","M","E","$","M","E","R","B"],"character_chosen":"Hololive_HololiveCharacter","items_purchased":["Orrery","Vajra"],"campfire_rested":0,"item_purchase_floors":[46,46],"current_hp_per_floor":[32,32,32,32,32,32,32,32,32,32,32,30,30,30,30,30,34,34,34,34,20,18,18,18,18,18,18,18,18,18,18,18,18,31,31,31,31,31,26,26,18,20,20,22,24,24,26,28,28,0,0],"gold":667,"neow_bonus":"RANDOM_COLORLESS","is_daily":false,"chose_seed":false,"campfire_upgraded":13,"win_rate":0.0,"timestamp":1613146918,"path_taken":["M","M","?","?","?","R","E","M","T","E","M","M","R","E","R","BOSS","M","M","?","?","M","E","R","E","T","R","M","M","R","M","R","BOSS","M","?","M","?","M","E","?","E","T","M","E","$","?","E","R","BOSS"],"items_purchased_type":["Relic","Relic"],"build_version":"2020-12-22","purchased_purges":1,"victory":false,"max_hp_per_floor":[35,35,35,35,35,35,35,35,35,35,35,35,35,35,35,35,35,35,35,35,35,35,35,35,35,35,35,35,35,35,35,35,35,35,35,35,35,35,35,35,35,35,35,35,35,35,35,35,35,35,35],"card_choices":[{"not_picked":["hubris:Ssssneak","Bandage Up"],"picked":"Deep Breath","floor":0},{"not_picked":["Hololive_FlyingPonyTail","Hololive_RevenueBasedLive","Hololive_Sequa"],"picked":"Hololive_StrengthChampion","floor":1},{"not_picked":["Hololive_Rebound","Hololive_HuntDinosaur","Hololive_Watashimo"],"picked":"Hololive_CallDoris","floor":2},{"not_picked":["Hololive_CallRosalyn","Hololive_CallCivia","Hololive_Psychosis"],"picked":"Hololive_CallShirakamiFubuki","floor":4},{"not_picked":["Hololive_ManjiGathering","Hololive_LuckPotion+1","Hololive_Psychosis"],"picked":"Hololive_Thief+1","floor":7},{"not_picked":["Hololive_LuckPotion+1","Hololive_CallNatsuiroMatsuri","Hololive_CallRosalyn"],"picked":"Hololive_CallManoAloe","floor":8},{"not_picked":["Hololive_CallDoris","Hololive_CallOmaruPolka","Hololive_CallHoshimachiSuisei"],"picked":"Hololive_ScarfAndHalo","floor":10},{"not_picked":["Hololive_CallNekomataOkayu","Hololive_CocoNews","Hololive_CallMomosuzuNene"],"picked":"Hololive_StrengthChampion","floor":11},{"not_picked":["Hololive_Trident","Hololive_HuntDinosaur+1","Hololive_CallOmaruPolka"],"picked":"Hololive_CallUruhaRushia","floor":12},{"not_picked":["Hololive_RevenueBasedLive+1","Hololive_OvertimeWork","Hololive_CallInugamiKorone"],"picked":"Hololive_IdolExercise+1","floor":14},{"not_picked":["Hololive_WolfAndLamb+1","Hololive_AWSL","Hololive_IdolExercise+1"],"picked":"Hololive_Rebirth+1","floor":16},{"not_picked":["Hololive_RevenueBasedLive+1","Hololive_CallUsadaPekora","Hololive_LuckPotion+1"],"picked":"Hololive_CallNatsuiroMatsuri+1","floor":18},{"not_picked":["Hololive_Sequa","Hololive_CocoNews","Hololive_Trident"],"picked":"Hololive_CallYukihanaLamy","floor":19},{"not_picked":["Hololive_Drill+1","Hololive_CallYuzukiChoco","Hololive_CocoNews+1"],"picked":"Hololive_LuckPotion+1","floor":21},{"not_picked":["Hololive_HuntDinosaur+1","Hololive_SoulCatcher","Hololive_OvertimeWork"],"picked":"Hololive_Breathe+1","floor":21},{"not_picked":["Hololive_SoulCatcher","Hololive_CallOmaruPolka+1","Hololive_CallYogiri"],"picked":"Hololive_CallTokoyamiTowa+1","floor":22},{"not_picked":["Hololive_LuckPotion+1","Hololive_Trident","Hololive_StrengthChampion"],"picked":"Hololive_CallUsadaPekora","floor":23},{"not_picked":["Hololive_MaximGun","Hololive_Psychosis+1","Hololive_LuckPotion+1"],"picked":"Hololive_StarCraft+1","floor":25},{"not_picked":["Hololive_Sequa","Hololive_CallYogiri+1","Hololive_Rebound+1"],"picked":"Hololive_LuckPotion+1","floor":29},{"not_picked":["Hololive_Psychosis","Hololive_CallAyundaRisu","Hololive_CocoNews+1"],"picked":"Hololive_LuckPotion+1","floor":31},{"not_picked":["Hololive_OpenUp","Hololive_BeCareful+1","Hololive_ASMR"],"picked":"Hololive_WolfAndLamb+1","floor":33},{"not_picked":["Hololive_CallAyundaRisu+1","Hololive_RevenueBasedLive+1","Hololive_Sequa"],"picked":"Hololive_DevilCharm+1","floor":35},{"not_picked":["Hololive_Drill","Hololive_Watashimo+1","Hololive_Sequa","Hololive_BringToTrial+1"],"picked":"SKIP","floor":36},{"not_picked":["Hololive_Trident","Hololive_CallShirakamiFubuki","Hololive_RevenueBasedLive+1"],"picked":"Hololive_Breathe+1","floor":37},{"not_picked":["Hololive_Breathe+1","Hololive_StrengthChampion","Hololive_Trident"],"picked":"Hololive_DurableLive+1","floor":39},{"not_picked":["Hololive_HuntDinosaur+1","Hololive_StrengthChampion","Hololive_LuckPotion+1"],"picked":"Hololive_FlyingPonyTail+1","floor":40},{"not_picked":["ReplayTheSpireMod:Echoes of Time","infinitespire:DeathsTouch"],"picked":"infinitespire:Fortify","floor":41},{"not_picked":["Hololive_HighAtkLowDef+1","Hololive_CallShishiroBotan","Hololive_CocoNews"],"picked":"Hololive_LuckPotion+1","floor":42},{"not_picked":["Hololive_Trident","Hololive_FlyingPonyTail+1","Hololive_RevenueBasedLive+1","Hololive_CocoNews+1"],"picked":"SKIP","floor":44},{"not_picked":["Hololive_HighAtkLowDef+1","Hololive_CallAkiRosenthal","Hololive_CallMinatoAqua"],"picked":"Hololive_CallYozoraMel","floor":45},{"not_picked":["Hololive_HuntDinosaur+1","Hololive_Sequa","Hololive_CallFriendA"],"picked":"Hololive_CallAmaneKanata+1","floor":46},{"not_picked":["Hololive_CallNatsuiroMatsuri","Hololive_Sequa","Hololive_CallSakuraMiko"],"picked":"Hololive_BeCareful+1","floor":46},{"not_picked":["Hololive_CocoNews","Hololive_CallSpadeEcho+1","Hololive_StrengthChampion","Hololive_Drill"],"picked":"SKIP","floor":47},{"not_picked":["Hololive_HuntDinosaur+1","Hololive_CallTokoyamiTowa","Hololive_OvertimeWork","Hololive_CallMurasakiShion+1"],"picked":"SKIP","floor":48}],"player_experience":1552805,"relics_obtained":[{"floor":1,"key":"LetterFromLob"},{"floor":4,"key":"Toxic Egg 2"},{"floor":7,"key":"Replay:Mystery Machine"},{"floor":9,"key":"Dream Catcher"},{"floor":10,"key":"reliquary:Aerogel"},{"floor":14,"key":"Oddly Smooth Stone"},{"floor":17,"key":"Replay:Arrowhead"},{"floor":17,"key":"infinitespire:BottledMercury"},{"floor":17,"key":"Grinning Jar"},{"floor":21,"key":"Bag of Preparation"},{"floor":23,"key":"MawBank"},{"floor":25,"key":"Replay:Kaleidoscope"},{"floor":26,"key":"Centennial Puzzle"},{"floor":40,"key":"Blood Vial"},{"floor":40,"key":"Ornamental Fan"},{"floor":42,"key":"Torii"},{"floor":42,"key":"Bottled Flame"},{"floor":43,"key":"Bottled Lightning"},{"floor":45,"key":"Turnip"},{"floor":45,"key":"ReplayFunnel"},{"floor":48,"key":"White Beast Statue"},{"floor":48,"key":"hubris:SphereOfDissonance"}],"event_choices":[{"damage_healed":0,"gold_gain":0,"player_choice":"Sling","damage_taken":0,"relics_obtained":["Elementarium:HuntersSling"],"max_hp_gain":0,"max_hp_loss":0,"event_name":"Elementarium:BigGameHunter","floor":20,"gold_loss":115}],"is_beta":false,"boss_relics":[{"not_picked":["Honey Jar","reliquary:Craggleroot"],"picked":"Calling Bell"},{"not_picked":["MariMod:MariFestivalBadge","Hololive_TopUpMoneyS"],"picked":"Black Star"}],"items_purged_floors":[46],"is_endless":false,"potions_floor_spawned":[2,10,11,12,16,22,25,33,36,37,47,48],"killed_by":"Hallownest:BossHollowKnight","ascension_level":12}}