{"host":"diogo","time":1613162091,"event":{"mods":["BaseMod","Minty Spire (QoL Compilation)","StSLib","SuperFastMode"],"gold_per_floor":[118,129,144,144,419,419,444,444,495,512,209,209,226,260,260,356,356,373,97,112,131,131,161,171,184,209,284,284,303,319,319,319,418,418,429,441,116,135,151,151,186,55,106,132,143,193,207,233,233,233],"floor_reached":51,"language":"ENG","playtime":4018,"items_purged":["Regret","BowlingBash","BattleHymn"],"score":1071,"play_id":"1f94e504-8d5c-437f-813e-034ce3a3c5e3","local_time":"20210212213451","daily_mods":["Draft","ControlledChaos","Terminal"],"is_ascension_mode":false,"campfire_choices":[{"data":"Weave","floor":6,"key":"SMITH"},{"data":"Wireheading","floor":8,"key":"SMITH"},{"data":"Nirvana","floor":12,"key":"SMITH"},{"data":"Weave","floor":15,"key":"SMITH"},{"data":"ClearTheMind","floor":28,"key":"SMITH"},{"data":"CutThroughFate","floor":32,"key":"SMITH"},{"floor":40,"key":"REST"},{"floor":49,"key":"REST"}],"circlet_count":0,"master_deck":["Weave+1","Wireheading+1","ClearTheMind+1","Halt","Nirvana+1","Weave+1","EmptyFist","CutThroughFate+1","ThirdEye","ThirdEye","Protect","Prostrate","CutThroughFate","CutThroughFate","Weave+1","Omniscience+1","JustLucky+1","Crescendo+1","JustLucky+1","CutThroughFate+1","Nirvana","Wireheading+1"],"relics":["PureWater","Frozen Eye","Omamori","Damaru","Membership Card","Bag of Preparation","Ginger","SlaversCollar","Calipers","HandDrill","Turnip","Boot","Ancient Tea Set","Fusion Hammer","Gambling Chip","Sling","Centennial Puzzle","OrangePellets","Toy Ornithopter","Nunchaku","Torii","Singing Bowl"],"acts_visited":["Exordium","TheCity","TheBeyond"],"potions_floor_usage":[7,7,33,50,50,50],"damage_taken":[{"damage":0,"enemies":"Small Slimes","floor":1,"turns":2},{"damage":0,"enemies":"Cultist","floor":2,"turns":2},{"damage":0,"enemies":"Jaw Worm","floor":3,"turns":2},{"damage":1,"enemies":"Gremlin Nob","floor":7,"turns":3},{"damage":0,"enemies":"Large Slime","floor":10,"turns":3},{"damage":0,"enemies":"Exordium Wildlife","floor":13,"turns":2},{"damage":0,"enemies":"Lagavulin","floor":14,"turns":2},{"damage":10,"enemies":"Hexaghost","floor":16,"turns":4},{"damage":5,"enemies":"Spheric Guardian","floor":18,"turns":3},{"damage":0,"enemies":"Shell Parasite","floor":20,"turns":2},{"damage":0,"enemies":"Centurion and Healer","floor":21,"turns":3},{"damage":0,"enemies":"Gremlin Leader","floor":23,"turns":2},{"damage":0,"enemies":"Shelled Parasite and Fungi","floor":24,"turns":3},{"damage":0,"enemies":"3 Cultists","floor":25,"turns":4},{"damage":0,"enemies":"Centurion and Healer","floor":29,"turns":2},{"damage":0,"enemies":"Snecko","floor":30,"turns":2},{"damage":0,"enemies":"Automaton","floor":33,"turns":4},{"damage":0,"enemies":"Orb Walker","floor":35,"turns":2},{"damage":2,"enemies":"3 Shapes","floor":36,"turns":2},{"damage":0,"enemies":"Spire Growth","floor":38,"turns":3},{"damage":1,"enemies":"4 Shapes","floor":39,"turns":3},{"damage":0,"enemies":"Giant Head","floor":41,"turns":6},{"damage":0,"enemies":"Nemesis","floor":44,"turns":1},{"damage":0,"enemies":"3 Darklings","floor":45,"turns":4},{"damage":0,"enemies":"Mind Bloom Boss Battle","floor":46,"turns":3},{"damage":0,"enemies":"Spire Growth","floor":47,"turns":2},{"damage":0,"enemies":"Reptomancer","floor":48,"turns":2},{"damage":0,"enemies":"Time Eater","floor":50,"turns":7}],"seed_played":"-8713992043339448288","potions_obtained":[{"floor":1,"key":"GamblersBrew"},{"floor":2,"key":"Explosive Potion"},{"floor":7,"key":"Weak Potion"},{"floor":13,"key":"SneckoOil"},{"floor":20,"key":"DistilledChaos"},{"floor":21,"key":"SpeedPotion"},{"floor":33,"key":"SkillPotion"}],"is_trial":true,"path_per_floor":["M","M","M","?","?","R","E","R","T","M","$","R","M","E","R","B",null,"M","$","M","M","?","E","M","M","T","?","R","M","M","?","R","B",null,"M","M","$","M","M","R","E","$","T","E","M","?","M","E","R","B",null],"character_chosen":"WATCHER","items_purchased":["Membership Card","Weave","Bag of Preparation","Calipers","HandDrill","Gambling Chip","Nirvana","Sling","CultistPotion","OrangePellets"],"campfire_rested":2,"item_purchase_floors":[11,11,11,19,19,37,37,37,42,42],"current_hp_per_floor":[70,69,68,67,66,65,64,63,62,61,60,59,58,57,56,46,54,49,49,49,49,49,48,47,46,45,41,41,41,41,40,39,38,37,36,34,34,33,32,31,30,29,28,27,26,25,24,25,24,23],"gold":233,"neow_bonus":"","is_daily":false,"chose_seed":false,"campfire_upgraded":6,"win_rate":0.0,"timestamp":1613162091,"path_taken":["M","M","M","?","?","R","E","R","T","M","$","R","?","E","R","BOSS","M","$","M","M","?","E","M","?","T","?","R","?","M","?","R","BOSS","M","M","$","M","M","R","E","$","T","E","M","?","M","E","R","BOSS"],"items_purchased_type":["Relic","Card","Relic","Relic","Relic","Relic","Card","Relic","Potion","Relic"],"build_version":"2020-12-18","purchased_purges":3,"victory":true,"max_hp_per_floor":[70,69,68,67,66,65,64,63,62,61,60,59,58,57,56,55,54,53,52,51,50,49,48,47,46,45,44,43,42,41,40,39,38,37,36,35,34,33,32,31,30,29,28,27,26,25,24,25,24,23],"card_choices":[{"not_picked":["CutThroughFate","CrushJoints"],"picked":"Weave","floor":0},{"not_picked":["FlyingSleeves","Consecrate"],"picked":"Wireheading","floor":0},{"not_picked":["ClearTheMind","Conclude"],"picked":"BowlingBash","floor":0},{"not_picked":["SignatureMove","Tantrum"],"picked":"ClearTheMind","floor":0},{"not_picked":["ClearTheMind","FlyingSleeves"],"picked":"Halt","floor":0},{"not_picked":["Meditate","LikeWater"],"picked":"Nirvana","floor":0},{"not_picked":["EmptyBody","Worship"],"picked":"BattleHymn","floor":0},{"not_picked":["Indignation","Adaptation"],"picked":"Weave","floor":0},{"not_picked":["Protect","Crescendo"],"picked":"EmptyFist","floor":0},{"not_picked":["Collect","Halt"],"picked":"CutThroughFate","floor":0},{"not_picked":["CrushJoints","Crescendo"],"picked":"ThirdEye","floor":0},{"not_picked":["BowlingBash","Halt"],"picked":"ThirdEye","floor":0},{"not_picked":["Worship","CrushJoints"],"picked":"Protect","floor":0},{"not_picked":["MentalFortress","Evaluate"],"picked":"Prostrate","floor":0},{"not_picked":["ForeignInfluence","Halt"],"picked":"CutThroughFate","floor":0},{"not_picked":["Evaluate","EmptyFist","Perseverance"],"picked":"SKIP","floor":1},{"not_picked":["Prostrate","Worship","SashWhip"],"picked":"SKIP","floor":2},{"not_picked":["ClearTheMind","Crescendo","FollowUp"],"picked":"SKIP","floor":3},{"not_picked":["Evaluate","EmptyFist","Halt"],"picked":"SKIP","floor":7},{"not_picked":["Evaluate","Blasphemy"],"picked":"CutThroughFate","floor":10},{"not_picked":["Evaluate","CrushJoints","EmptyFist"],"picked":"SKIP","floor":13},{"not_picked":["Indignation","SignatureMove","PathToVictory"],"picked":"SKIP","floor":14},{"not_picked":["ConjureBlade","DevaForm"],"picked":"Omniscience","floor":16},{"not_picked":["SandsOfTime","Study","Halt"],"picked":"SKIP","floor":18},{"not_picked":["Halt","EmptyFist"],"picked":"JustLucky+1","floor":20},{"not_picked":["Wireheading","EmptyFist","Conclude"],"picked":"SKIP","floor":21},{"not_picked":["FlyingSleeves","WreathOfFlame","Study+1"],"picked":"SKIP","floor":23},{"not_picked":["FlyingSleeves","WreathOfFlame","Study+1"],"picked":"SKIP","floor":23},{"not_picked":["Establishment","Protect","ForeignInfluence"],"picked":"SKIP","floor":24},{"not_picked":["ForeignInfluence+1","Collect"],"picked":"Crescendo+1","floor":25},{"not_picked":["WreathOfFlame","CutThroughFate"],"picked":"JustLucky+1","floor":29},{"not_picked":["Wallop","Protect+1","Conclude"],"picked":"SKIP","floor":30},{"not_picked":["FlurryOfBlows+1","EmptyFist","Worship+1"],"picked":"SKIP","floor":35},{"not_picked":["SashWhip+1","EmptyFist"],"picked":"CutThroughFate+1","floor":36},{"not_picked":["FlyingSleeves","Establishment","Crescendo"],"picked":"SKIP","floor":38},{"not_picked":["Prostrate","Protect+1","FearNoEvil"],"picked":"SKIP","floor":39},{"not_picked":["Vault","WreathOfFlame"],"picked":"Wireheading+1","floor":41},{"not_picked":["Wallop+1","Ragnarok","Protect+1"],"picked":"SKIP","floor":44},{"not_picked":["SashWhip+1","ThirdEye","JustLucky"],"picked":"SKIP","floor":45},{"not_picked":["PathToVictory","JustLucky+1","Crescendo+1"],"picked":"SKIP","floor":47},{"not_picked":["EmptyFist","JustLucky+1","BattleHymn+1"],"picked":"Singing Bowl","floor":48}],"player_experience":366323,"relics_obtained":[{"floor":7,"key":"Omamori"},{"floor":9,"key":"Damaru"},{"floor":14,"key":"Ginger"},{"floor":23,"key":"Turnip"},{"floor":26,"key":"Boot"},{"floor":41,"key":"Centennial Puzzle"},{"floor":43,"key":"Toy Ornithopter"},{"floor":44,"key":"Nunchaku"},{"floor":46,"key":"Torii"},{"floor":48,"key":"Singing Bowl"}],"event_choices":[{"damage_healed":0,"gold_gain":0,"player_choice":"Grow","damage_taken":0,"max_hp_gain":0,"max_hp_loss":0,"event_name":"Living Wall","floor":4,"gold_loss":0,"cards_upgraded":["Weave"]},{"damage_healed":0,"gold_gain":275,"player_choice":"Desecrate","damage_taken":0,"max_hp_gain":0,"max_hp_loss":0,"event_name":"Golden Shrine","floor":5,"gold_loss":0,"cards_obtained":["Regret"]},{"damage_healed":0,"gold_gain":0,"player_choice":"Forge","damage_taken":0,"max_hp_gain":0,"max_hp_loss":0,"event_name":"Accursed Blacksmith","floor":22,"gold_loss":0,"cards_upgraded":["Omniscience"]},{"damage_healed":0,"gold_gain":75,"player_choice":"Touch","damage_taken":4,"max_hp_gain":0,"max_hp_loss":0,"event_name":"FaceTrader","floor":27,"gold_loss":0},{"damage_healed":0,"gold_gain":0,"player_choice":"Stole Relic","damage_taken":0,"relics_obtained":["Ancient Tea Set"],"max_hp_gain":0,"max_hp_loss":0,"event_name":"Addict","floor":31,"gold_loss":0,"cards_obtained":["Shame"]},{"damage_healed":0,"gold_gain":0,"player_choice":"Fight","damage_taken":0,"max_hp_gain":0,"max_hp_loss":0,"event_name":"MindBloom","floor":46,"gold_loss":0}],"is_beta":true,"boss_relics":[{"not_picked":["Velvet Choker","Tiny House"],"picked":"SlaversCollar"},{"not_picked":["Sozu","Philosopher\u0027s Stone"],"picked":"Fusion Hammer"}],"items_purged_floors":[11,19,37],"is_endless":false,"potions_floor_spawned":[1,2,7,13,20,21,29,33,36,39,41,45,48],"ascension_level":0}}