{"host":"8vqkh0x3c7vpgzzm","time":1613158276,"event":{"mods":["AchievementEnabler","BaseMod","Colored Map","Colored Powertips","Curses Come First","DeckTracker","Highlight Path","Minty Spire (QoL Compilation)","Permanent Neow","Quick Restart","Random Character Mod","Rare Cards Sparkle","Relic Sorter","Relic Stats","StSLib","SuperFastMode","Unceasing Turn Reminder","egg","everything is the same but u backflip on backflip"],"gold_per_floor":[18,36,36,36,52,52,2,2,25,57,57,57,107,124,124,124,124],"floor_reached":16,"language":"ENG","playtime":609,"items_purged":["Defend_R"],"score":221,"play_id":"86babd51-ef42-4c81-ad13-35d80e2d3b17","local_time":"20210212203116","is_ascension_mode":true,"campfire_choices":[{"data":"Bash","floor":6,"key":"SMITH"},{"data":"Shrug It Off","floor":8,"key":"SMITH"},{"data":"Havoc","floor":11,"key":"SMITH"},{"data":"Metallicize","floor":15,"key":"SMITH"}],"circlet_count":0,"master_deck":["AscendersBane","Strike_R","Strike_R","Strike_R","Strike_R","Defend_R","Defend_R","Bash+1","Bloodletting","Metallicize+1","Shrug It Off+1","Havoc+1","Sword Boomerang"],"relics":["Burning Blood","Smiling Mask","PreservedInsect","Torii"],"acts_visited":["Exordium"],"potions_floor_usage":[10],"damage_taken":[{"damage":6.0,"enemies":"2 Louse","floor":1.0,"turns":4.0},{"damage":10.0,"enemies":"Jaw Worm","floor":2.0,"turns":5.0},{"damage":3,"enemies":"Cultist","floor":5,"turns":3},{"damage":6,"enemies":"Lagavulin","floor":10,"turns":7},{"damage":14,"enemies":"3 Louse","floor":14,"turns":4},{"damage":38,"enemies":"The Guardian","floor":16,"turns":14}],"seed_played":"-7076215871609118551","potions_obtained":[{"floor":1.0,"key":"Fruit Juice"},{"floor":2,"key":"Block Potion"}],"is_trial":false,"path_per_floor":["M","M","?","?","M","R","$","R","T","E","R","?","?","M","R","B"],"character_chosen":"IRONCLAD","items_purchased":[],"campfire_rested":0,"item_purchase_floors":[],"current_hp_per_floor":[73,69,51,51,54,54,54,54,54,54,54,54,46,38,38,0,0],"gold":124,"neow_bonus":"TRANSFORM_TWO_CARDS","is_daily":false,"chose_seed":false,"campfire_upgraded":4,"win_rate":0.0,"timestamp":1613158276,"path_taken":["M","M","?","?","?","R","$","R","T","E","R","?","?","?","R","BOSS"],"items_purchased_type":[],"build_version":"2020-12-22","purchased_purges":1,"victory":false,"max_hp_per_floor":[80,80,80,80,80,80,80,80,80,80,80,80,80,80,80,80,80],"relic_stats":{"Torii":13,"counters":[6,37],"PreservedInsect":28,"Smiling Mask":25,"obtain_stats":[{"Torii":10,"PreservedInsect":9,"Smiling Mask":3,"Burning Blood":0},{"Torii":4,"PreservedInsect":3,"Smiling Mask":2,"Burning Blood":0},{"Torii":19,"PreservedInsect":12,"Smiling Mask":9,"Burning Blood":0}],"Burning Blood":30},"card_choices":[{"not_picked":["Anger","Wild Strike"],"picked":"Metallicize","floor":1.0},{"not_picked":["Clothesline","Feel No Pain","Clash"],"picked":"SKIP","floor":2},{"not_picked":["Pommel Strike","Heavy Blade"],"picked":"Shrug It Off","floor":5},{"not_picked":["Exhume","Rage"],"picked":"Havoc","floor":10},{"not_picked":["Bloodletting","Headbutt"],"picked":"Sword Boomerang","floor":14}],"player_experience":520231,"relics_obtained":[{"floor":9,"key":"PreservedInsect"},{"floor":10,"key":"Torii"}],"event_choices":[{"damage_healed":0,"gold_gain":0,"player_choice":"Success","damage_taken":18,"relics_obtained":["Smiling Mask"],"max_hp_gain":0,"max_hp_loss":0,"event_name":"Scrap Ooze","floor":3,"gold_loss":0},{"cards_removed":["Entrench"],"damage_healed":0,"gold_gain":0,"player_choice":"Purged","damage_taken":0,"max_hp_gain":0,"max_hp_loss":0,"event_name":"Purifier","floor":4,"gold_loss":0},{"damage_healed":0,"gold_gain":0,"player_choice":"Ignored","damage_taken":0,"max_hp_gain":0,"max_hp_loss":0,"event_name":"Liars Game","floor":12,"gold_loss":0},{"damage_healed":0,"gold_gain":50,"player_choice":"Touch","damage_taken":8,"max_hp_gain":0,"max_hp_loss":0,"event_name":"FaceTrader","floor":13,"gold_loss":0}],"is_beta":false,"boss_relics":[],"items_purged_floors":[7],"is_endless":false,"potions_floor_spawned":[1,2],"killed_by":"The Guardian","ascension_level":16}}