{"host":"1poy056mauca3bbh","time":1613102963,"event":{"mods":["Ascension Unlocker","BaseMod","Bestiary","Block Reminder","Colored Map","Colored Powertips","Curses Come First","Highlight Path","Minty Spire (QoL Compilation)","Permanent Neow","Quick Restart","Rare Cards Sparkle","Relic Stats","Smile Girya","StSLib","UnlockEverythingMod"],"gold_per_floor":[118,118,20,170,190,190,31,51,51,0,0,20,51,51,51,51,51],"floor_reached":16,"language":"ENG","playtime":622,"items_purged":["Doubt"],"score":196,"play_id":"82af954d-6d31-4368-884d-9846ed24e0d4","local_time":"20210211230923","is_ascension_mode":true,"campfire_choices":[{"data":"Sweeping Beam","floor":6,"key":"SMITH"},{"data":"Streamline","floor":11,"key":"SMITH"},{"data":"Double Energy","floor":15,"key":"SMITH"}],"circlet_count":0,"master_deck":["AscendersBane","Strike_B","Strike_B","Strike_B","Defend_B","Defend_B","Defend_B","Defend_B","Zap","Dualcast","Turbo","Leap","Blizzard","Sweeping Beam+1","Streamline+1","Gash","Sunder","Ball Lightning","Conserve Battery","Double Energy+1","Injury"],"relics":["Cracked Core","MealTicket","Meat on the Bone","The Courier","Golden Idol"],"acts_visited":["Exordium"],"potions_floor_usage":[13,13,16],"damage_taken":[{"damage":4,"enemies":"Jaw Worm","floor":1,"turns":4},{"damage":15,"enemies":"2 Louse","floor":5,"turns":2},{"damage":5,"enemies":"Small Slimes","floor":8,"turns":2},{"damage":13,"enemies":"Blue Slaver","floor":12,"turns":2},{"damage":8,"enemies":"Gremlin Nob","floor":13,"turns":3},{"damage":42,"enemies":"The Guardian","floor":16,"turns":9}],"seed_played":"-7048147790844344062","potions_obtained":[{"floor":5,"key":"Strength Potion"},{"floor":8,"key":"DistilledChaos"},{"floor":13,"key":"EssenceOfSteel"}],"is_trial":false,"path_per_floor":["M","?","$","?","M","R","$","M","T","$","R","M","E","?","R","B"],"character_chosen":"DEFECT","items_purchased":["Leap","Blizzard","Streamline","Gash","Ball Lightning"],"campfire_rested":0,"item_purchase_floors":[3,3,7,7,10],"current_hp_per_floor":[60,53,68,68,53,53,68,63,63,71,71,58,50,50,50,8,8],"gold":51,"neow_bonus":"RANDOM_COMMON_RELIC","is_daily":false,"chose_seed":false,"campfire_upgraded":3,"win_rate":0.0,"timestamp":1613102963,"path_taken":["M","?","$","?","M","R","$","M","T","$","R","M","E","?","R","BOSS"],"items_purchased_type":["Card","Card","Card","Card","Card"],"build_version":"2020-12-22","purchased_purges":1,"victory":false,"max_hp_per_floor":[71,71,71,71,71,71,71,71,71,71,71,71,71,71,71,71,71],"relic_stats":{"counters":[6,22],"Golden Idol":0,"MealTicket":38,"obtain_stats":[{"Golden Idol":14,"MealTicket":0,"The Courier":13,"Cracked Core":0,"Meat on the Bone":9},{"Golden Idol":5,"MealTicket":0,"The Courier":5,"Cracked Core":0,"Meat on the Bone":3},{"Golden Idol":13,"MealTicket":0,"The Courier":13,"Cracked Core":0,"Meat on the Bone":8}],"Meat on the Bone":0},"card_choices":[{"not_picked":["Steam","Redo"],"picked":"Turbo","floor":1},{"not_picked":["Barrage","Conserve Battery"],"picked":"Sweeping Beam","floor":5},{"not_picked":["FTL","Blizzard"],"picked":"Sunder","floor":8},{"not_picked":["Steam Power","Compile Driver"],"picked":"Conserve Battery","floor":12},{"not_picked":["Thunder Strike","Sweeping Beam"],"picked":"Double Energy","floor":13}],"player_experience":141210,"relics_obtained":[{"floor":9,"key":"Meat on the Bone"},{"floor":13,"key":"The Courier"}],"event_choices":[{"cards_removed":["Strike_B"],"damage_healed":0,"gold_gain":0,"player_choice":"Card Removal","damage_taken":7,"max_hp_gain":0,"max_hp_loss":0,"event_name":"Golden Wing","floor":2,"gold_loss":0},{"damage_healed":0,"gold_gain":150,"player_choice":"AGREE","damage_taken":0,"max_hp_gain":0,"max_hp_loss":0,"event_name":"Liars Game","floor":4,"gold_loss":0,"cards_obtained":["Doubt"]},{"damage_healed":0,"gold_gain":0,"player_choice":"Take Wound","damage_taken":0,"relics_obtained":["Golden Idol"],"max_hp_gain":0,"max_hp_loss":0,"event_name":"Golden Idol","floor":14,"gold_loss":0,"cards_obtained":["Injury"]}],"is_beta":false,"boss_relics":[],"items_purged_floors":[7],"is_endless":false,"potions_floor_spawned":[5,8,13],"killed_by":"The Guardian","ascension_level":20}}