{"host":"41y51qpuw3tri6uv","time":1613124898,"event":{"mods":["AchievementEnabler","BaseMod","Bestiary","Better Altar","Better Match","Better Note","Better Sensory Stone","Better Skull","Better Third Choice","Better Vampires","Colored Map","Colored Powertips","DeckTracker","Minty Spire (QoL Compilation)","Permanent Neow","Quick Restart","Random Character Button","StSLib","SuperFastMode","Synergy Search","Thieving Mod"],"gold_per_floor":[119,133,35,35,51,76,76,54,99,99,99,110,127,144,144,241,241,251,102,102,20,20,52,72,84,84,84,119,136,136,155,155,155,155],"floor_reached":33,"language":"ENG","playtime":1654,"items_purged":["Strike_B","Strike_B"],"score":371,"play_id":"3770a376-cd99-41af-90e0-38bbdf0143a9","local_time":"20210212051458","is_ascension_mode":true,"campfire_choices":[{"data":"Dualcast","floor":11,"key":"SMITH"},{"data":"Glacier","floor":15,"key":"SMITH"},{"data":"Redo","floor":27,"key":"SMITH"},{"data":"Self Repair","floor":30,"key":"SMITH"},{"data":"Loop","floor":32,"key":"SMITH"}],"circlet_count":0,"master_deck":["Strike_B","Strike_B","Defend_B","Defend_B","Defend_B","Defend_B","Zap+1","Dualcast+1","Defragment+1","Coolheaded","Gash","Redo+1","Static Discharge","Sweeping Beam","Conserve Battery","Stack","Glacier+1","Core Surge","Tempest","Loop+1","Gash","Blizzard","White Noise+1","Rip and Tear","Turbo+1","Heatsinks","Self Repair+1","Ball Lightning"],"relics":["Cracked Core","Incense Burner","Calipers","DataDisk","Juzu Bracelet","Cursed Key","Omamori","Bronze Scales","betterThird:NestCultRelic","Toy Ornithopter","White Beast Statue","MealTicket"],"acts_visited":["Exordium","TheCity"],"potions_floor_usage":[19,23,28,28,28,31,33],"damage_taken":[{"damage":1.0,"enemies":"Cultist","floor":1.0,"turns":3.0},{"damage":2.0,"enemies":"Jaw Worm","floor":2.0,"turns":3.0},{"damage":10,"enemies":"2 Louse","floor":5,"turns":3},{"damage":20,"enemies":"3 Sentries","floor":6,"turns":10},{"damage":0,"enemies":"Blue Slaver","floor":12,"turns":3},{"damage":4,"enemies":"Gremlin Gang","floor":13,"turns":4},{"damage":0,"enemies":"2 Fungi Beasts","floor":14,"turns":2},{"damage":0,"enemies":"Hexaghost","floor":16,"turns":17},{"damage":0,"enemies":"3 Byrds","floor":18,"turns":5},{"damage":56,"enemies":"Gremlin Leader","floor":23,"turns":7},{"damage":0,"enemies":"Spheric Guardian","floor":24,"turns":4},{"damage":9,"enemies":"Snake Plant","floor":25,"turns":4},{"damage":4,"enemies":"Book of Stabbing","floor":28,"turns":4},{"damage":23,"enemies":"Centurion and Healer","floor":29,"turns":10},{"damage":2,"enemies":"Sentry and Sphere","floor":31,"turns":5},{"damage":38,"enemies":"Collector","floor":33,"turns":5}],"seed_played":"2747697062568262008","potions_obtained":[{"floor":1.0,"key":"Regen Potion"},{"floor":2.0,"key":"ColorlessPotion"},{"floor":14,"key":"ThievingMod:ThievingPotion"},{"floor":23,"key":"Fire Potion"},{"floor":25,"key":"Strength Potion"},{"floor":28,"key":"DistilledChaos"},{"floor":29,"key":"Weak Potion"},{"floor":31,"key":"SmokeBomb"}],"is_trial":false,"path_per_floor":["M","M","$","?","M","E","?","$","T","?","R","M","M","M","R","B",null,"M","$","?","$","?","E","M","M","T","R","E","M","R","M","R","B"],"character_chosen":"DEFECT","items_purchased":["Gash","Sweeping Beam","FocusPotion","Blizzard"],"campfire_rested":0,"item_purchase_floors":[3,8,19,21],"current_hp_per_floor":[53,51,51,51,41,21,46,46,46,46,46,46,42,42,42,42,75,75,75,75,75,75,33,33,24,24,24,35,12,12,25,25,0,0],"gold":155,"neow_bonus":"ONE_RARE_RELIC","is_daily":false,"chose_seed":false,"campfire_upgraded":5,"win_rate":0.0,"timestamp":1613124898,"path_taken":["M","M","$","?","?","E","?","?","T","?","R","M","M","M","R","BOSS","M","$","?","$","?","E","M","M","T","R","E","M","R","M","R","BOSS"],"items_purchased_type":["Card","Card","Potion","Card"],"build_version":"2020-12-22","purchased_purges":2,"victory":false,"max_hp_per_floor":[75,75,75,75,75,75,75,75,75,75,75,75,75,75,75,75,75,75,75,75,75,75,75,75,75,75,75,75,75,75,75,75,75,75],"card_choices":[{"not_picked":["Consume","Compile Driver"],"picked":"Defragment","floor":1.0},{"not_picked":["Steam","Streamline"],"picked":"Coolheaded","floor":2.0},{"not_picked":["Doom and Gloom","Go for the Eyes"],"picked":"Redo","floor":5},{"not_picked":["Chaos","Aggregate"],"picked":"Static Discharge","floor":6},{"not_picked":["Steam Power","Leap"],"picked":"Conserve Battery","floor":12},{"not_picked":["Sweeping Beam","Coolheaded"],"picked":"Stack","floor":13},{"not_picked":["Chill","Rebound"],"picked":"Glacier","floor":14},{"not_picked":["Thunder Strike","All For One"],"picked":"Core Surge","floor":16},{"not_picked":["Leap","Rebound"],"picked":"Tempest","floor":18},{"not_picked":["Steam","Reinforced Body"],"picked":"White Noise+1","floor":23},{"not_picked":["Coolheaded+1","Darkness"],"picked":"Rip and Tear","floor":24},{"not_picked":["Recycle","Stack+1"],"picked":"Turbo+1","floor":25},{"not_picked":["Darkness","Sunder+1"],"picked":"Heatsinks","floor":28},{"not_picked":["Hologram","Conserve Battery"],"picked":"Self Repair","floor":29},{"not_picked":["Barrage","Steam+1"],"picked":"Ball Lightning","floor":31}],"player_experience":136170,"relics_obtained":[{"floor":6,"key":"DataDisk"},{"floor":9,"key":"Juzu Bracelet"},{"floor":23,"key":"Toy Ornithopter"},{"floor":26,"key":"White Beast Statue"},{"floor":28,"key":"MealTicket"}],"event_choices":[{"damage_healed":0,"gold_gain":0,"player_choice":"Forge","damage_taken":0,"max_hp_gain":0,"max_hp_loss":0,"event_name":"Accursed Blacksmith","floor":4,"gold_loss":0,"cards_upgraded":["Zap"]},{"damage_healed":25,"gold_gain":0,"player_choice":"Banana","damage_taken":0,"max_hp_gain":0,"max_hp_loss":0,"event_name":"Big Fish","floor":7,"gold_loss":0},{"damage_healed":0,"gold_gain":0,"player_choice":"Grow","damage_taken":0,"max_hp_gain":0,"max_hp_loss":0,"event_name":"Living Wall","floor":10,"gold_loss":0,"cards_upgraded":["Defragment"]},{"damage_healed":0,"gold_gain":0,"player_choice":"Bought 0 Potions","damage_taken":0,"max_hp_gain":0,"max_hp_loss":0,"event_name":"The Woman in Blue","floor":20,"gold_loss":0},{"damage_healed":0,"gold_gain":0,"player_choice":"Madness","damage_taken":0,"relics_obtained":["betterThird:NestCultRelic"],"max_hp_gain":0,"max_hp_loss":0,"event_name":"betterThird:BetterNest","floor":22,"gold_loss":0}],"is_beta":false,"boss_relics":[{"not_picked":["SacredBark","FrozenCore"],"picked":"Cursed Key"}],"items_purged_floors":[3,19],"is_endless":false,"potions_floor_spawned":[1,2,14,16,23,25,28,29,31],"killed_by":"Collector","ascension_level":2}}