{"host":"61ejhfsushs0xmcl","time":1613133643,"event":{"mods":["ATMod(∞¢Ë™Mod)","Act Like it!","BaseMod","Colored Map","Gold Saver","HumanHunterMod(π÷ŒÔ…±»Àmod)","Minty Spire (QoL Compilation)","MostiFishMod","Remilia£®¿Ÿ√◊¿Ú—«£©","Spicy Shops","StSLib","TestMod","[IsaacMod]“‘»ˆº‚À˛","°æ“≈ŒÔø®≈∆°øREMEMod","ÛÙª÷∏ƒœ"],"gold_per_floor":[113,82,257,257,79,107,107,136,163,163,63,89,119,133,133,229,229,246,-1367,-1356,-1338,-1320,-1320,-1285,-1271,-1271,-1214,-1214,-1214,-1182,-1172,-1172,-1040,-1040,-1022,-972,-962,-944,-944,-915,-887,-887,-887,-861,-826,-826,-793,-782,-782,-782,-782,-782,-782,-749,-749,-749],"floor_reached":55,"language":"ZHS","playtime":2061,"items_purged":["Doubt","Defend_RM","Defend_RM"],"score":1883,"play_id":"ea10cf13-35cb-4719-bf91-6bc98c41eccc","local_time":"20210212204043","is_ascension_mode":true,"campfire_choices":[{"data":"MostiFishMod:Neurotoxin","floor":7.0,"key":"SMITH"},{"data":"AT_BreakingExtremeWeapon","floor":10.0,"key":"SMITH"},{"floor":15.0,"key":"RECALL"},{"data":"BloodySeventeenLaser","floor":23.0,"key":"SMITH"},{"data":"ReincarnationDial","floor":28.0,"key":"SMITH"},{"data":"DiffusionOfMisfortune","floor":32.0,"key":"SMITH"},{"data":"TransientEternity","floor":42.0,"key":"SMITH"},{"data":"RedMoon","floor":49.0,"key":"SMITH"},{"data":"ScarletCoffin","floor":52,"key":"SMITH"}],"circlet_count":0,"master_deck":["Strike_RM","Strike_RM","Strike_RM","Strike_RM","Defend_RM","Defend_RM","RedMoon+1","ScarletShoot","AT_BreakingExtremeWeapon+1","MostiFishMod:Neurotoxin+1","BloodySeventeenLaser+1","ReincarnationDial+1","DiffusionOfMisfortune+1","ScarletNetherworld","TransientEternity+1","ReincarnationDial+1","ScarletCoffin+1"],"relics":["ScarletHat","AT_ATBox","REME_ComplimentaryCards","DaveBox","testmod-TestBox","HushsDoor","D6","testmod-Nine","OneHitWonderSystem","NeowsBlessing","SynthV:TestCard","testmod-HeartOfDaVinci","Strawberry","Blue Candle","BelialBook","Runic Pyramid","SynthV:MejaisSoulstealer","GuppysPaw","Shuriken","Centennial Puzzle","testmod-Maize","RhineCircuit","WingedGreaves","Red Mask","AT_GoldPhoenixTree","testmod-LifeArmor","DoctorsRemote","Nunchaku","Vajra","Meat on the Bone","Turnip","HowToJump"],"acts_visited":["Exordium","TheCity","TheBeyond","TheEnding"],"potions_floor_usage":[55,55],"damage_taken":[{"damage":0.0,"enemies":"Small Slimes","floor":1.0,"turns":1.0},{"damage":0.0,"enemies":"Lagavulin","floor":6.0,"turns":2.0},{"damage":0.0,"enemies":"3 Sentries","floor":8.0,"turns":1.0},{"damage":0.0,"enemies":"Gremlin Nob","floor":12.0,"turns":1.0},{"damage":0.0,"enemies":"Jaw Worm","floor":14.0,"turns":5.0},{"damage":0.0,"enemies":"Hexaghost","floor":16.0,"turns":10.0},{"damage":0.0,"enemies":"Shell Parasite","floor":18.0,"turns":4.0},{"damage":0.0,"enemies":"Chosen","floor":20.0,"turns":3.0},{"damage":0.0,"enemies":"Snecko","floor":21.0,"turns":3.0},{"damage":0.0,"enemies":"Cultist and Chosen","floor":22.0,"turns":3.0},{"damage":0.0,"enemies":"Slavers","floor":24.0,"turns":3.0},{"damage":0.0,"enemies":"Snake Plant","floor":25.0,"turns":2.0},{"damage":0.0,"enemies":"REME_1_Revenger","floor":27.0,"turns":3.0},{"damage":0.0,"enemies":"Slavers","floor":30.0,"turns":3.0},{"damage":0.0,"enemies":"Chosen and Byrds","floor":31.0,"turns":3.0},{"damage":0.0,"enemies":"Automaton","floor":33.0,"turns":4.0},{"damage":0.0,"enemies":"Orb Walker","floor":35.0,"turns":2.0},{"damage":0.0,"enemies":"2 Orb Walkers","floor":36.0,"turns":3.0},{"damage":0.0,"enemies":"3 Shapes","floor":37.0,"turns":4.0},{"damage":0.0,"enemies":"Transient","floor":38.0,"turns":5.0},{"damage":0.0,"enemies":"Giant Head","floor":40.0,"turns":4.0},{"damage":0.0,"enemies":"Nemesis","floor":41.0,"turns":5.0},{"damage":0.0,"enemies":"Reptomancer","floor":44.0,"turns":3.0},{"damage":0.0,"enemies":"Nemesis","floor":45.0,"turns":5.0},{"damage":0.0,"enemies":"Giant Head","floor":47.0,"turns":3.0},{"damage":0.0,"enemies":"Maw","floor":48.0,"turns":3.0},{"damage":0,"enemies":"Time Eater","floor":50,"turns":5},{"damage":0,"enemies":"Shield and Spear","floor":54,"turns":7},{"damage":6,"enemies":"The Heart","floor":55,"turns":3}],"seed_played":"-5175306360357542621","potions_obtained":[{"floor":1.0,"key":"Dexterity Potion"},{"floor":12.0,"key":"SpeedPotion"},{"floor":14.0,"key":"BlessingOfTheForge"},{"floor":25.0,"key":"REME_GoldPotion"},{"floor":30.0,"key":"SteroidPotion"},{"floor":31.0,"key":"REME_GoldPotion"},{"floor":33.0,"key":"Block Potion"},{"floor":45.0,"key":"testmod-SpacePotion"},{"floor":47.0,"key":"AttackPotion"},{"floor":47.0,"key":"ColorlessPotion"}],"is_trial":false,"path_per_floor":["M","?","?","?","$","E","R","E","T","R","$","E","?","M","R","B",null,"M","$","M","M","M","R","E","M","T","E","R","$","E","M","R","B",null,"M","?","M","M","?","E","E","R","T","E","E","T","E","M","R","B",null,"R","$","E","B"],"character_chosen":"REMILIA","items_purchased":["FairyPotion","ReincarnationDial","DiffusionOfMisfortune","SynthV:MejaisSoulstealer"],"campfire_rested":0,"item_purchase_floors":[5,19,19,19],"current_hp_per_floor":[1,1,1,1,1,1,1,8,1,1,1,1,1,1,1,1,1,1,1,1,1,1,1,1,1,1,1,1,1,1,1,1,1,1,1,1,1,1,1,1,1,1,1,1,1,1,1,1,1,1,1,1,1,1,0,0],"gold":-749,"neow_bonus":"THREE_ENEMY_KILL","is_daily":false,"chose_seed":false,"campfire_upgraded":8,"win_rate":0.0,"timestamp":1613133643,"path_taken":["M","?","?","?","$","E","R","E","T","R","?","E","?","M","R","BOSS","M","$","M","M","M","R","E","M","T","E","R","?","E","M","R","BOSS","M","?","?","M","?","E","E","R","T","E","E","?","E","?","R","BOSS","R","$","E","BOSS"],"items_purchased_type":["Potion","Card","Card","Relic"],"build_version":"2020-12-22","purchased_purges":3,"victory":false,"max_hp_per_floor":[1,1,1,1,1,1,1,8,1,1,1,1,1,1,1,1,1,1,1,1,1,1,1,1,1,1,1,1,1,1,1,1,1,1,1,1,1,1,1,1,1,1,1,1,1,1,1,1,1,1,1,1,1,1,1,1],"card_choices":[{"not_picked":[],"picked":"ChaosCard","floor":0.0},{"not_picked":["SuperhumanBloodyKnife","ScarletImprint","VampireSweep"],"picked":"SKIP","floor":1.0},{"not_picked":["VampirishNight","QueenOfMidnight","Stigmanizer","BlasphemousPunishment","ScarletSymphony"],"picked":"SKIP","floor":6.0},{"not_picked":["UltimateOffering","BloodAndWine","BloodyTrap","AfternoonTea","StarOfDavid"],"picked":"SKIP","floor":8.0},{"not_picked":["RedRainbow","ChainGang","UnderTheZenith","MillenniumVampire","BloodHunter"],"picked":"SKIP","floor":12.0},{"not_picked":["EndlessAdversity","RedMagic","UnderTheZenith","MiserableFate","VampireKiss"],"picked":"SKIP","floor":14.0},{"not_picked":["BloodRain","TricksterDevil","HellCatastrophe","BatForm"],"picked":"BloodySeventeenLaser","floor":16.0},{"not_picked":["Stigmanizer+1","VampireKiss+1","BloodHunter","BloodAndWine","RedRainbow"],"picked":"SKIP","floor":18.0},{"not_picked":["ScarletSymphony","VampireKiss","BombardNight","EndlessAdversity","ScarletDevil"],"picked":"SKIP","floor":20.0},{"not_picked":["MastersStateliness+1","SuperhumanBloodyKnife+1","StarOfDavid+1","BlasphemousPunishment","ForbiddenFruit"],"picked":"SKIP","floor":21.0},{"not_picked":["BadLadyScramble+1","MastersStateliness","VampireKiss+1","TwelveNightmare","FitfulNightmare"],"picked":"SKIP","floor":22.0},{"not_picked":["RedNightlessCastle","ForecastOfChange","CharismaGuard","FavorOfDestiny"],"picked":"ScarletNetherworld","floor":24.0},{"not_picked":["UnderTheZenith","VampireKiss+1","BloodAndWine","UltimateOffering","ScarletDevil"],"picked":"SKIP","floor":25.0},{"not_picked":["Ultimatum","TricksterDevil","ScarletDevilSign","NightLord+1","NightDance"],"picked":"SKIP","floor":27.0},{"not_picked":["VampireFantasy","BlasphemousPunishment","MillenniumVampire","GlobalNightmare","Ultimatum"],"picked":"SKIP","floor":30.0},{"not_picked":["HunterOfTheNight","TwelveNightmare","GlobalNightmare","UnderTheZenith","EternalNight+1"],"picked":"SKIP","floor":31.0},{"not_picked":["BloodRain","CeilingFear","BloodyHallows","KillingBlow"],"picked":"TransientEternity","floor":33.0},{"not_picked":["EternalNight","EmergencyRegeneration","GlobalNightmare+1","FitfulNightmare","ScarletGensokyo"],"picked":"SKIP","floor":35.0},{"not_picked":["UnstableMagic","BloodyTrap+1","VampireKiss","VampirishNight"],"picked":"ReincarnationDial+1","floor":36.0},{"not_picked":["NightDance+1","StarOfDavid+1","ScarletImprint+1","ScarletGensokyo+1","EternalNight"],"picked":"SKIP","floor":37.0},{"not_picked":["MiserableFate+1","BloodHunter+1","ScarletImprint+1","UnstableMagic","Stigmanizer"],"picked":"SKIP","floor":38.0},{"not_picked":["Stigmanizer+1","EndlessAdversity+1","ScarletMeister","DiffusionOfMisfortune+1","VampireClaw"],"picked":"SKIP","floor":40.0},{"not_picked":["ChainGang","GlobalNightmare+1","BlasphemousPunishment","MastersStateliness","Septette+1"],"picked":"SKIP","floor":41.0},{"not_picked":["UnderTheZenith","UnstableMagic+1","BlasphemousPunishment","VampirishNight"],"picked":"ScarletCoffin","floor":44.0},{"not_picked":["ReincarnationDial+1","LeisurelyOfLord","EternalNight","EndlessAdversity+1","BadLadyScramble"],"picked":"SKIP","floor":45.0},{"not_picked":["StarOfDavid","ChaoticDestiny","BloodHunter","ChainGang+1","LeisurelyOfLord"],"picked":"SKIP","floor":47.0},{"not_picked":["NightDance","CharismaGuard+1","ScarletDevil+1","VampireSweep+1","UnstableMagic+1"],"picked":"SKIP","floor":48.0},{"not_picked":["MastersStateliness+1","EternalNight","EquivalentExchange","BloodyTrap","VampireKiss+1"],"picked":"SKIP","floor":54}],"player_experience":892650,"relics_obtained":[{"floor":1.0,"key":"SynthV:TestCard"},{"floor":6.0,"key":"testmod-HeartOfDaVinci"},{"floor":8.0,"key":"Strawberry"},{"floor":12.0,"key":"Blue Candle"},{"floor":24.0,"key":"GuppysPaw"},{"floor":26.0,"key":"Shuriken"},{"floor":27.0,"key":"Centennial Puzzle"},{"floor":30.0,"key":"testmod-Maize"},{"floor":36.0,"key":"WingedGreaves"},{"floor":40.0,"key":"AT_GoldPhoenixTree"},{"floor":41.0,"key":"testmod-LifeArmor"},{"floor":43.0,"key":"DoctorsRemote"},{"floor":44.0,"key":"Nunchaku"},{"floor":45.0,"key":"Vajra"},{"floor":46.0,"key":"Meat on the Bone"},{"floor":47.0,"key":"Turnip"},{"floor":54,"key":"HowToJump"}],"event_choices":[{"damage_healed":0.0,"max_hp_gain":0.0,"max_hp_loss":0.0,"gold_gain":0.0,"event_name":"World of Goop","player_choice":"Left Gold","floor":2.0,"gold_loss":31.0,"damage_taken":0.0},{"damage_healed":0.0,"max_hp_gain":0.0,"max_hp_loss":0.0,"gold_gain":175.0,"event_name":"Liars Game","player_choice":"AGREE","floor":3.0,"gold_loss":0.0,"damage_taken":0.0,"cards_obtained":["Doubt"]},{"damage_healed":0.0,"max_hp_gain":0.0,"max_hp_loss":0.0,"gold_gain":0.0,"event_name":"Golden Wing","player_choice":"Ignored","floor":4.0,"gold_loss":0.0,"damage_taken":0.0},{"damage_healed":0.0,"max_hp_gain":0.0,"max_hp_loss":0.0,"gold_gain":30.0,"event_name":"Dead Adventurer","player_choice":"Searched \u00273\u0027 times","floor":13.0,"gold_loss":0.0,"damage_taken":0.0,"relics_obtained":["BelialBook"]},{"damage_healed":0.0,"max_hp_gain":0.0,"max_hp_loss":0.0,"gold_gain":0.0,"event_name":"Mysterious Sphere","player_choice":"Fight","floor":36.0,"gold_loss":0.0,"damage_taken":0.0},{"damage_healed":0.0,"max_hp_gain":0.0,"max_hp_loss":0.0,"gold_gain":0.0,"event_name":"Tomb of Lord Red Mask","player_choice":"Paid","floor":39.0,"gold_loss":-944.0,"damage_taken":0.0,"relics_obtained":["Red Mask"]}],"is_beta":false,"boss_relics":[{"not_picked":["testmod-PortableAltar","testmod-HarvestTotem"],"picked":"Runic Pyramid"},{"not_picked":[]},{"not_picked":["SacredBark","Astrolabe"],"picked":"RhineCircuit"},{"not_picked":[]}],"items_purged_floors":[5,11,19],"is_endless":false,"potions_floor_spawned":[1,12,14,20,25,30,31,33,37,38,44,45,47,48],"killed_by":"The Heart","ascension_level":7}}