{"host":"d52brwsy6af8zvaq","time":1613165502,"event":{"mods":["AchievementEnabler","BaseMod","Bestiary","Highlight Path","Minty Spire (QoL Compilation)","Quick Restart","Relic Stats","ojb\u0027s Better Paths Mod"],"gold_per_floor":[215,84,99,99,111,143,143,168,168,182,211,211,211,229,229,302,302,256,13,63,113,132,132,132],"floor_reached":23,"language":"ENG","playtime":1572,"items_purged":["Strike_B","Strike_B"],"score":418,"play_id":"bf82f212-3ea7-422d-9987-d388316c0d1d","local_time":"20210212143142","is_ascension_mode":true,"campfire_choices":[{"data":"Darkness","floor":7.0,"key":"SMITH"},{"floor":12.0,"key":"REST"},{"data":"Zap","floor":13.0,"key":"SMITH"},{"floor":15.0,"key":"REST"}],"circlet_count":0,"master_deck":["AscendersBane","Strike_B","Strike_B","Defend_B","Defend_B","Defend_B","Defend_B","Zap+1","Dualcast","Darkness+1","Cold Snap","Go for the Eyes","BootSequence","Consume","Echo Form","Beam Cell","Leap","Buffer","CurseOfTheBell","Capacitor","Coolheaded","Static Discharge","Conserve Battery"],"relics":["Cracked Core","MealTicket","WingedGreaves","Calling Bell","Ancient Tea Set","Mercury Hourglass","CaptainsWheel"],"acts_visited":["Exordium","TheCity"],"potions_floor_usage":[],"damage_taken":[{"damage":7.0,"enemies":"Small Slimes","floor":1.0,"turns":3.0},{"damage":1.0,"enemies":"2 Louse","floor":3.0,"turns":3.0},{"damage":0.0,"enemies":"Cultist","floor":5.0,"turns":3.0},{"damage":6.0,"enemies":"Lagavulin","floor":6.0,"turns":8.0},{"damage":15.0,"enemies":"3 Sentries","floor":8.0,"turns":4.0},{"damage":0.0,"enemies":"3 Louse","floor":10.0,"turns":3.0},{"damage":32.0,"enemies":"Gremlin Nob","floor":11.0,"turns":4.0},{"damage":7.0,"enemies":"Large Slime","floor":14.0,"turns":6.0},{"damage":31.0,"enemies":"Hexaghost","floor":16.0,"turns":10.0},{"damage":12,"enemies":"2 Thieves","floor":18,"turns":5},{"damage":0,"enemies":"Chosen","floor":22,"turns":7},{"damage":62,"enemies":"Book of Stabbing","floor":23,"turns":6}],"seed_played":"-4971612020036545952","potions_obtained":[{"floor":1.0,"key":"FocusPotion"},{"floor":6.0,"key":"LiquidMemories"},{"floor":10.0,"key":"BlessingOfTheForge"},{"floor":18,"key":"SpeedPotion"}],"is_trial":false,"path_per_floor":["M","$","M","?","M","E","R","E","T","M","E","R","R","M","R","B",null,"M","$","?","?","M","E"],"character_chosen":"DEFECT","items_purchased":["Cold Snap","Coolheaded","Static Discharge"],"campfire_rested":2,"item_purchase_floors":[2,19,19],"current_hp_per_floor":[57,57,56,56,56,50,50,35,35,35,3,24,24,17,38,7,55,43,58,58,58,58,0,0],"gold":132,"neow_bonus":"HUNDRED_GOLD","is_daily":false,"chose_seed":false,"campfire_upgraded":2,"win_rate":0.0,"timestamp":1613165502,"path_taken":["M","$","M","?","M","E","R","E","T","M","E","R","R","M","R","BOSS","M","$","?","?","?","E"],"items_purchased_type":["Card","Card","Card"],"build_version":"2020-12-22","purchased_purges":2,"victory":false,"max_hp_per_floor":[71,71,71,71,71,71,71,71,71,71,71,71,71,71,71,71,71,71,71,71,71,71,71,71],"relic_stats":{"counters":[12,62],"MealTicket":15,"obtain_stats":[{"Calling Bell":17,"CaptainsWheel":17,"MealTicket":6,"WingedGreaves":8,"Cracked Core":0,"Ancient Tea Set":17,"Mercury Hourglass":17},{"Calling Bell":9,"CaptainsWheel":9,"MealTicket":4,"WingedGreaves":5,"Cracked Core":0,"Ancient Tea Set":9,"Mercury Hourglass":9},{"Calling Bell":44,"CaptainsWheel":44,"MealTicket":17,"WingedGreaves":21,"Cracked Core":0,"Ancient Tea Set":44,"Mercury Hourglass":44}],"Mercury Hourglass":[60]},"card_choices":[{"not_picked":["Aggregate","Rebound"],"picked":"Darkness","floor":1.0},{"not_picked":["Steam","Redo"],"picked":"Go for the Eyes","floor":3.0},{"not_picked":["Chill","Compile Driver"],"picked":"BootSequence","floor":5.0},{"not_picked":["Thunder Strike","Fusion"],"picked":"Consume","floor":6.0},{"not_picked":["Chaos","Beam Cell"],"picked":"Echo Form","floor":8.0},{"not_picked":["Turbo","Barrage","Cold Snap"],"picked":"SKIP","floor":10.0},{"not_picked":["Rip and Tear","All For One"],"picked":"Beam Cell","floor":11.0},{"not_picked":["Hologram","Fusion"],"picked":"Leap","floor":14.0},{"not_picked":["Reboot","Rainbow"],"picked":"Buffer","floor":16.0},{"not_picked":["Self Repair","Conserve Battery"],"picked":"Capacitor","floor":18},{"not_picked":["Reprogram","Steam"],"picked":"Conserve Battery","floor":22}],"player_experience":2244922,"relics_obtained":[{"floor":6.0,"key":"MealTicket"},{"floor":8.0,"key":"WingedGreaves"},{"floor":17.0,"key":"Ancient Tea Set"},{"floor":17.0,"key":"Mercury Hourglass"},{"floor":17.0,"key":"CaptainsWheel"}],"event_choices":[{"damage_healed":0.0,"max_hp_gain":0.0,"max_hp_loss":0.0,"gold_gain":0.0,"event_name":"Shining Light","player_choice":"Ignored","floor":4.0,"gold_loss":0.0,"damage_taken":0.0},{"damage_healed":0,"gold_gain":50,"player_choice":"Stole From Cult","damage_taken":0,"max_hp_gain":0,"max_hp_loss":0,"event_name":"Nest","floor":20,"gold_loss":0},{"damage_healed":0,"gold_gain":100,"player_choice":"Bet on Murderer","damage_taken":0,"max_hp_gain":0,"max_hp_loss":0,"event_name":"The Joust","floor":21,"gold_loss":50}],"is_beta":false,"boss_relics":[{"not_picked":["Runic Dome","Pandora\u0027s Box"],"picked":"Calling Bell"}],"items_purged_floors":[2,19],"is_endless":false,"potions_floor_spawned":[1,6,10,18],"killed_by":"Book of Stabbing","ascension_level":20}}