{"host":"iy54rgx5egu9t31x","time":1613128183,"event":{"mods":["2.2 Compatiblity","Act Like it!","Always Whale","BaseMod","Downfall","Gensokyo","Marisa¡]Ãú«B¡@Å]²z¨F¡^","Minty Spire (QoL Compilation)","Quick Restart","StSLib","SuperFastMode"],"gold_per_floor":[99,113,113,130,148,11,11,11,11,46,58,158,58,58,572,572,592,607,447,458,487,513,531,545,563,577,591,618,548,563,659,659,459,479,479,494,22,22,49,81,395,228,255,335,335,567,587,687,687,687,697,697,721,623,71,116,132,609,845,845,785,804,835,866,866,866,1191,122,122,122,122],"floor_reached":70,"language":"ZHS","playtime":3188,"items_purged":[],"score":1880,"play_id":"2977d303-b4af-4b17-8270-d376deeada6a","local_time":"20210212190943","is_ascension_mode":true,"campfire_choices":[{"floor":1.0,"key":"RECALL"},{"data":"champ:Execute","floor":9.0,"key":"SMITH"},{"data":"champ:CheapShot","floor":13.0,"key":"SMITH"},{"data":"champ:TripleStrike","floor":14.0,"key":"SMITH"},{"data":"champ:UltimateStance","floor":31.0,"key":"SMITH"},{"floor":48.0,"key":"REST"},{"floor":67.0,"key":"REST"}],"circlet_count":0,"master_deck":["champ:Strike","champ:Strike","champ:Strike+1","champ:Strike","champ:Defend","champ:Defend","champ:Defend","champ:Defend","champ:Execute+1","champ:Taunt","champ:FlashCut","champ:DefensiveStyle","champ:DeathBlow+1","champ:PerfectedStrike+1","champ:TripleStrike+1","champ:CalledShot+1","champ:FaceSlap","champ:Haymaker","champ:Lariat","champ:BringItOn","champ:IronFortress","champ:StrikeOfGenius","champ:HoldFirm","champ:PerfectedStrike","champ:UltimateStance+1","champ:FaceSlap+1","Gensokyo:FourOfAKind","Gensokyo:FourOfAKind","Gensokyo:FourOfAKind","Gensokyo:FourOfAKind","champ:BringItOn+1","champ:SwordThrow+1","champ:Parry+1","champ:AdrenalArmor","champ:Lariat+1","champ:FalseCounter+1","expansioncontent:DashGenerateEvil","champ:LastStand","champ:FancyFootwork","champ:SteelEdge","champ:Duel","champ:StanceDance+1","champ:IgnorePain","champ:AdrenalArmor+1","champ:TornadoPunch+1","Gensokyo:MorningStar+1","champ:GutPunch+1","expansioncontent:StudyTheSpire","Gensokyo:TarnishedGold","Gensokyo:Shovel","champ:EndlessRage+1","champ:RapidStrikes","Gensokyo:CustomPotion","champ:GutPunch+1","champ:MurderStrike+1","champ:LastStand","champ:SkillfulDodge+1","champ:Duel+1","expansioncontent:InvincibleStrength","Secret Technique","champ:ShieldSlam+1"],"relics":["champ:ChampionCrown","Omamori","Gensokyo:PortableGap","Letter Opener","Happy Flower","Bronze Scales","downfall:HeartBlessingRed","Gensokyo:OccultBall","champ:GladiatorsBookOfMartialProwess","Gensokyo:Bombinomicon","Ornamental Fan","Dream Catcher","SlaversCollar","downfall:HeartBlessingGreen","downfall:HeartBlessingBlue","ClockworkSouvenir","Chemical X","champ:FightingForDummies","HornCleat","Strawberry","Bag of Preparation","Potion Belt","InkBottle","Blue Candle","Fusion Hammer","Whetstone","Mercury Hourglass","Toolbox","Gremlin Horn","Toy Ornithopter","Anchor","Pen Nib","Gensokyo:DualWield","Sundial","StrikeDummy","Pear","hexamod:BolsterEngine","CaptainsWheel"],"acts_visited":["Gensokyo:Gensokyo","Gensokyo:Gensokyoer","Gensokyo:Gensokyoest","TheEnding"],"potions_floor_usage":[69,69],"damage_taken":[{"damage":10.0,"enemies":"Gensokyo:Python","floor":2.0,"turns":4.0},{"damage":10.0,"enemies":"Gensokyo:2_Kodama","floor":4.0,"turns":4.0},{"damage":21.0,"enemies":"Gensokyo:3_Fairies","floor":5.0,"turns":4.0},{"damage":28.0,"enemies":"Gensokyo:Mamizou","floor":10.0,"turns":8.0},{"damage":17.0,"enemies":"Gensokyo:CorruptedTreant","floor":11.0,"turns":5.0},{"damage":19.0,"enemies":"Gensokyo:3_Kodama","floor":15.0,"turns":7.0},{"damage":0.0,"enemies":"Gensokyo:VengefulSpirit","floor":15.0,"turns":3.0},{"damage":33.0,"enemies":"Gensokyo:5_Fairies","floor":16.0,"turns":3.0},{"damage":0.0,"enemies":"Gensokyo:Kitsune","floor":18.0,"turns":2.0},{"damage":16.0,"enemies":"Gensokyo:Cirno","floor":19.0,"turns":5.0},{"damage":0.0,"enemies":"Gensokyo:LivingMonolith","floor":21.0,"turns":1.0},{"damage":14.0,"enemies":"Gensokyo:VengefulSpirit","floor":22.0,"turns":2.0},{"damage":11.0,"enemies":"Gensokyo:2_Rabbits","floor":23.0,"turns":2.0},{"damage":0.0,"enemies":"Gensokyo:Gryphon_and_Rabbit","floor":24.0,"turns":3.0},{"damage":25.0,"enemies":"Gensokyo:5_Fairies","floor":25.0,"turns":4.0},{"damage":10.0,"enemies":"Gensokyo:Mamizou","floor":26.0,"turns":4.0},{"damage":0.0,"enemies":"Gensokyo:LivingMonolith","floor":28.0,"turns":2.0},{"damage":5.0,"enemies":"IC_STATUS_ARCHETYPE","floor":29.0,"turns":5.0},{"damage":15.0,"enemies":"Gensokyo:2_Gloops","floor":32.0,"turns":2.0},{"damage":0.0,"enemies":"Gensokyo:Chomper","floor":34.0,"turns":2.0},{"damage":30.0,"enemies":"Gensokyo:Koishi","floor":38.0,"turns":3.0},{"damage":28.0,"enemies":"Gensokyo:Mirror_and_Dog","floor":39.0,"turns":3.0},{"damage":0.0,"enemies":"downfall:FleeingMerchant","floor":40.0,"turns":4.0},{"damage":0.0,"enemies":"Gensokyo:Tenshi","floor":41.0,"turns":1.0},{"damage":25.0,"enemies":"Gensokyo:Koishi","floor":44.0,"turns":3.0},{"damage":20.0,"enemies":"Gensokyo:3_Gloops","floor":45.0,"turns":3.0},{"damage":10.0,"enemies":"SI_MIRROR_ARCHETYPE","floor":46.0,"turns":8.0},{"damage":15.0,"enemies":"Gensokyo:3_Bats","floor":49.0,"turns":2.0},{"damage":10.0,"enemies":"Gensokyo:3_Bats","floor":50.0,"turns":5.0},{"damage":15.0,"enemies":"downfall:FleeingMerchant","floor":52.0,"turns":2.0},{"damage":15.0,"enemies":"Gensokyo:3_Boulders","floor":55.0,"turns":3.0},{"damage":68.0,"enemies":"Gensokyo:Marisa","floor":56.0,"turns":3.0},{"damage":34.0,"enemies":"Gensokyo:AtlasGolem","floor":57.0,"turns":3.0},{"damage":0.0,"enemies":"Gensokyo:4_Bats","floor":60.0,"turns":1.0},{"damage":0.0,"enemies":"Gensokyo:Kasen","floor":61.0,"turns":4.0},{"damage":0.0,"enemies":"Gensokyo:Dusk_and_Dawn","floor":62.0,"turns":1.0},{"damage":23.0,"enemies":"DF_ARCHETYPE_ORBS","floor":63.0,"turns":4.0},{"damage":25.0,"enemies":"downfall:CharBossMerchant","floor":65.0,"turns":5.0},{"damage":43.0,"enemies":"downfall:NeowBoss","floor":68.0,"turns":8.0},{"damage":10,"enemies":"downfall:NeowBossFinal","floor":69,"turns":6}],"seed_played":"-3335553319900108194","potions_obtained":[{"floor":2.0,"key":"SpeedPotion"},{"floor":5.0,"key":"FairyPotion"},{"floor":11.0,"key":"Energy Potion"},{"floor":15.0,"key":"BlessingOfTheForge"},{"floor":21.0,"key":"Weak Potion"},{"floor":28.0,"key":"LiquidBronze"},{"floor":29.0,"key":"champ:TechniquePotion"},{"floor":39.0,"key":"Block Potion"},{"floor":41.0,"key":"champ:OpenerPotion"},{"floor":46.0,"key":"SneckoOil"},{"floor":56.0,"key":"FairyPotion"},{"floor":57.0,"key":"LiquidMemories"},{"floor":61.0,"key":"Fruit Juice"},{"floor":62.0,"key":"LiquidBronze"},{"floor":65.0,"key":"BlessingOfTheForge"}],"is_trial":false,"path_per_floor":["R","M","?","M","M","COS","T","?","R","E","M","?","R","?","M","R","M","M","?","M","E","T","M","M","M","M","M","E","?","M","B",null,"R","M","?","M","COS","?","T","E","M","$","E","T","?","E","M","B",null,"R","M","?","T","$","COS","T","M","E","M","?","?","M","E","M","B",null,"E","$","R","B","B",null],"character_chosen":"THE_CHAMP","items_purchased":["Strawberry","Bag of Preparation","expansioncontent:DashGenerateEvil","Mercury Hourglass","expansioncontent:StudyTheSpire","Pear","hexamod:BolsterEngine","CaptainsWheel","expansioncontent:InvincibleStrength","Secret Technique","Strength Potion","ColorlessPotion"],"campfire_rested":2,"item_purchase_floors":[40,40,40,52,52,66,66,66,66,66,66,66],"current_hp_per_floor":[90,90,81,81,80,80,80,80,80,77,70,70,70,70,61,61,61,58,58,58,67,67,67,63,62,62,62,62,62,62,62,78,88,88,62,62,62,62,62,47,19,26,26,26,26,26,26,26,69,69,69,69,69,69,69,69,69,35,18,18,18,18,18,28,15,74,74,84,84,82,84],"gold":122,"neow_bonus":"RANDOM_COMMON_RELIC","is_daily":false,"chose_seed":false,"campfire_upgraded":4,"win_rate":0.0,"timestamp":1613128183,"path_taken":["R","M","?","M","M","COS","T","?","R","E","M","?","R","?","M","R","M","?","?","M","E","T","M","M","M","M","M","E","?","M","BOSS","R","M","?","M","COS","?","T","E","M","$","E","?","?","E","M","BOSS","R","M","?","?","?","COS","T","M","E","M","?","?","M","E","M","BOSS","E","$","R","BOSS","BOSS"],"items_purchased_type":["Relic","Relic","Card","Relic","Card","Relic","Relic","Relic","Card","Card","Potion","Potion"],"build_version":"2020-12-22","purchased_purges":0,"victory":true,"max_hp_per_floor":[90,90,81,81,81,81,81,81,81,81,81,81,81,81,78,78,78,78,78,78,78,78,78,78,78,78,78,78,78,78,78,78,88,88,62,62,62,62,62,62,62,69,69,69,69,69,69,69,69,69,69,69,69,69,69,69,69,69,69,69,69,69,69,74,74,74,74,84,84,84,84],"card_choices":[{"not_picked":["champ:AdrenalArmor","champ:BladeFlurry"],"picked":"champ:FlashCut","floor":2.0},{"not_picked":["champ:Shatter","champ:BringItOn"],"picked":"champ:DefensiveStyle","floor":4.0},{"not_picked":["champ:FanOfKnives","champ:CrookedStrike"],"picked":"champ:FocusedBerserking","floor":5.0},{"not_picked":["champ:FancyFootwork+1","champ:ArenaPreparation+1"],"picked":"champ:DeathBlow+1","floor":10.0},{"not_picked":["champ:ArenaPreparation","champ:Backstep"],"picked":"champ:CheapShot","floor":10.0},{"not_picked":["champ:BringItOn","champ:AdrenalArmor"],"picked":"champ:PerfectedStrike","floor":11.0},{"not_picked":["champ:FlashCut","champ:DefensiveStyle"],"picked":"champ:TripleStrike","floor":15.0},{"not_picked":["champ:Endure","champ:FanOfKnives"],"picked":"champ:CalledShot","floor":15.0},{"not_picked":["champ:StanceDance","champ:HeartStrike"],"picked":"champ:FaceSlap","floor":16.0},{"not_picked":["champ:StanceDance","champ:PreciseThrust"],"picked":"champ:FocusedBerserking","floor":18.0},{"not_picked":["champ:BladeFlurry","champ:BerserkersShout"],"picked":"champ:Haymaker","floor":19.0},{"not_picked":["champ:FocusedBerserking","champ:BringItOn"],"picked":"champ:Lariat","floor":21.0},{"not_picked":["champ:Circumvent","champ:HeartStrike"],"picked":"champ:BringItOn","floor":22.0},{"not_picked":["champ:FalseCounter","champ:CalledShot"],"picked":"champ:IronFortress","floor":23.0},{"not_picked":["champ:Lariat","champ:StanceDance"],"picked":"champ:StrikeOfGenius","floor":24.0},{"not_picked":["champ:PreemptiveStrike","champ:BringItOn","champ:Lariat"],"picked":"SKIP","floor":25.0},{"not_picked":["champ:Parry","champ:TornadoPunch"],"picked":"champ:HoldFirm","floor":26.0},{"not_picked":["champ:Backstep","champ:TornadoPunch"],"picked":"champ:PerfectedStrike","floor":28.0},{"not_picked":["champ:StrikeOfGenius","champ:Devastate"],"picked":"champ:UltimateStance","floor":29.0},{"not_picked":["champ:Encircle","champ:FanOfKnives"],"picked":"champ:FaceSlap+1","floor":32.0},{"not_picked":["champ:StanceDance","champ:DefensiveShout"],"picked":"champ:BringItOn+1","floor":34.0},{"not_picked":["champ:Backstep","champ:PreciseThrust"],"picked":"champ:Parry+1","floor":38.0},{"not_picked":["champ:CrownThrow","champ:EnGarde"],"picked":"champ:AdrenalArmor","floor":39.0},{"not_picked":["champ:PreciseThrust+1","champ:TornadoPunch+1"],"picked":"champ:Lariat+1","floor":40.0},{"not_picked":["champ:Parry+1","champ:ShieldSlam"],"picked":"champ:FalseCounter+1","floor":40.0},{"not_picked":["champ:GutPunch","champ:DeathBlow+1"],"picked":"champ:LastStand","floor":41.0},{"not_picked":["champ:HoldFirm","champ:UltimateStance"],"picked":"champ:SteelEdge","floor":44.0},{"not_picked":["champ:FocusedBerserking+1","champ:ShieldWall"],"picked":"champ:Duel","floor":44.0},{"not_picked":["champ:SetATrap","champ:BerserkerStyle"],"picked":"champ:StanceDance+1","floor":45.0},{"not_picked":["champ:DancingMaster","champ:UltimateStance"],"picked":"champ:IgnorePain","floor":46.0},{"not_picked":["champ:CrownThrow","champ:Lariat"],"picked":"champ:AdrenalArmor+1","floor":48.0},{"not_picked":["champ:AdrenalArmor","champ:PreciseThrust"],"picked":"champ:TornadoPunch+1","floor":49.0},{"not_picked":["Gensokyo:RainbowDanmaku+1","Gensokyo:LifeSpringInfinity+1"],"picked":"Gensokyo:MorningStar+1","floor":50.0},{"not_picked":["champ:ShieldSlam","champ:BerserkersShout+1"],"picked":"champ:GutPunch+1","floor":52.0},{"not_picked":["champ:Haymaker+1","champ:GutPunch+1"],"picked":"champ:EndlessRage+1","floor":55.0},{"not_picked":["champ:DeathBlow","champ:PerfectedStrike"],"picked":"champ:RapidStrikes","floor":56.0},{"not_picked":["champ:TornadoPunch","champ:Duel","champ:AdrenalArmor"],"picked":"SKIP","floor":57.0},{"not_picked":["champ:PreciseThrust","champ:DefensiveShout"],"picked":"champ:GutPunch+1","floor":60.0},{"not_picked":["champ:EnragedBash+1","champ:Haymaker+1"],"picked":"champ:MurderStrike+1","floor":61.0},{"not_picked":["champ:FlashCut","champ:BringItOn"],"picked":"champ:LastStand","floor":61.0},{"not_picked":["champ:ArenaPreparation","champ:AdrenalArmor"],"picked":"champ:SkillfulDodge+1","floor":62.0},{"not_picked":["champ:DeathBlow","champ:BladeFlurry"],"picked":"champ:Duel+1","floor":65.0},{"not_picked":["champ:MurderStrike","champ:Haymaker+1"],"picked":"champ:ShieldSlam+1","floor":67.0}],"player_experience":1081751,"relics_obtained":[{"floor":7.0,"key":"Letter Opener"},{"floor":10.0,"key":"Bronze Scales"},{"floor":16.0,"key":"Gensokyo:OccultBall"},{"floor":18.0,"key":"Gensokyo:OccultBall"},{"floor":19.0,"key":"Ornamental Fan"},{"floor":21.0,"key":"Gensokyo:OccultBall"},{"floor":26.0,"key":"Dream Catcher"},{"floor":29.0,"key":"Gensokyo:OccultBall"},{"floor":37.0,"key":"champ:FightingForDummies"},{"floor":38.0,"key":"HornCleat"},{"floor":41.0,"key":"Potion Belt"},{"floor":42.0,"key":"InkBottle"},{"floor":44.0,"key":"Blue Candle"},{"floor":46.0,"key":"Gensokyo:OccultBall"},{"floor":51.0,"key":"Whetstone"},{"floor":54.0,"key":"Toy Ornithopter"},{"floor":56.0,"key":"Pen Nib"},{"floor":61.0,"key":"Sundial"},{"floor":65.0,"key":"StrikeDummy"}],"event_choices":[],"is_beta":false,"boss_relics":[{"not_picked":["champ:ChampionCrownUpgraded","Snecko Eye"],"picked":"SlaversCollar"},{"not_picked":["SacredBark","Astrolabe"],"picked":"Fusion Hammer"}],"items_purged_floors":[],"is_endless":false,"potions_floor_spawned":[2,5,11,15,21,22,24,28,29,38,39,41,46,56,57,61,62,65],"ascension_level":1}}