{"host":"nlh1m2716594vj2h","time":1613095649,"event":{"mods":["AchievementEnabler","Aspiration","BaseMod","Beaked The Cultist","BetterRewards","Conspire","Downfall","Duelist Mod","Googly Eyes","Gremlin Mod","Hermit","Highlight Path","Hubris","Infinite Spire","Jorbs\u0027s Wanderer Trilogy","Marisa????????","Minty Spire (QoL Compilation)","Replay The Spire","Robot Space Explorer","Shop Mod","StSLib","The Blackbeard","The Bug Knight","The Cursed","The Hierophant","The Necromancer","The Poker Player","The Senshi","The Servant 0.9.4"],"gold_per_floor":[131,226,49,49,80,92,92],"floor_reached":6,"language":"ENG","playtime":456,"items_purged":[],"score":34,"play_id":"7b847b56-1ac4-401c-b03f-dd181024aa14","local_time":"20210211210729","is_ascension_mode":false,"campfire_choices":[],"circlet_count":0,"master_deck":["RobotSpaceExplorer:Strike+1","RobotSpaceExplorer:Strike","RobotSpaceExplorer:Strike","RobotSpaceExplorer:Strike","RobotSpaceExplorer:Defend","RobotSpaceExplorer:Defend","RobotSpaceExplorer:Defend","RobotSpaceExplorer:Scan","RobotSpaceExplorer:MiniLasers","ReplayUltimateDefense","RobotSpaceExplorer:ExhaustFan","RobotSpaceExplorer:SwiftStep","RobotSpaceExplorer:Ammunition","RobotSpaceExplorer:StunGrenade+1","RobotSpaceExplorer:BlastShield","RobotSpaceExplorer:Ammunition","RobotSpaceExplorer:Electroshield"],"relics":["RobotSpaceExplorer:RoboCore","Molten Egg 2","Strange Spoon","Replay:Bandana","RobotSpaceExplorer:SlideRule"],"acts_visited":["Exordium"],"potions_floor_usage":[6],"damage_taken":[{"damage":6,"enemies":"conspire:RoseBush","floor":1,"turns":3},{"damage":2,"enemies":"Jaw Worm","floor":5,"turns":4},{"damage":46,"enemies":"Gremlin Nob","floor":6,"turns":6}],"seed_played":"8338711691125278141","potions_obtained":[{"floor":1,"key":"Explosive Potion"}],"is_trial":false,"path_per_floor":["M","?","$","?","M","E"],"character_chosen":"RobotSpaceExplorer","items_purchased":["Molten Egg 2","Strange Spoon","Replay:Bandana","ReplayUltimateDefense","RobotSpaceExplorer:ExhaustFan","RobotSpaceExplorer:SlideRule","RobotSpaceExplorer:Ammunition"],"campfire_rested":0,"item_purchase_floors":[0,0,0,0,0,3,3],"current_hp_per_floor":[45,45,45,45,43,0,0],"gold":92,"neow_bonus":"","is_daily":false,"chose_seed":false,"campfire_upgraded":0,"win_rate":0.0,"timestamp":1613095649,"path_taken":["M","?","$","?","M","E"],"items_purchased_type":["Relic","Relic","Relic","Card","Card","Relic","Card"],"build_version":"2020-12-22","purchased_purges":0,"victory":false,"max_hp_per_floor":[75,75,75,75,75,75,75],"card_choices":[{"not_picked":["RobotSpaceExplorer:DoubleBlock","RobotSpaceExplorer:SelfCleaning"],"picked":"RobotSpaceExplorer:SwiftStep","floor":1},{"not_picked":["RobotSpaceExplorer:SwiftStep","RobotSpaceExplorer:GlueShot"],"picked":"RobotSpaceExplorer:Ammunition","floor":2},{"not_picked":["RobotSpaceExplorer:Probe+1","RobotSpaceExplorer:ScrapToss+1"],"picked":"RobotSpaceExplorer:StunGrenade+1","floor":2},{"not_picked":["RobotSpaceExplorer:BigMissile+1","RobotSpaceExplorer:StunGrenade+1"],"picked":"RobotSpaceExplorer:BlastShield","floor":2},{"not_picked":["RobotSpaceExplorer:ShovelStrike+1","RobotSpaceExplorer:StunGrenade+1"],"picked":"RobotSpaceExplorer:Electroshield","floor":5}],"player_experience":399949,"relics_obtained":[],"event_choices":[],"is_beta":false,"boss_relics":[],"items_purged_floors":[],"is_endless":false,"potions_floor_spawned":[1],"killed_by":"Gremlin Nob","ascension_level":0}}