{"host":"pqs17sqrgflf4eqa","time":1613106509,"event":{"mods":["AchievementEnabler","BaseMod","Bestiary","Better Altar","Colored Map","Colored Powertips","Emptier Cage","Googly Eyes","Highlight Path","Minty Spire (QoL Compilation)","Quick Restart","StSLib","SuperFastMode","Transform Curses","slay the spire mod where everything is the same but ironclad has a cowboy hat"],"gold_per_floor":[114,134,148,223,243,243,277,290,313,21,32,32,32,32,32,32,32],"floor_reached":16,"language":"ENG","playtime":272,"items_purged":[],"score":128,"play_id":"c1422eeb-48a5-4bce-b95b-d8c515ec6375","local_time":"20210212000829","is_ascension_mode":true,"campfire_choices":[{"data":"Eruption","floor":6,"key":"SMITH"},{"floor":12,"key":"REST"},{"floor":15,"key":"REST"}],"circlet_count":0,"master_deck":["Strike_P","Strike_P","Strike_P","Strike_P","Defend_P","Defend_P+1","Defend_P","Defend_P","Eruption+1","Vigilance","Prostrate","SashWhip","Halt","WindmillStrike","CarveReality+1","CarveReality","FollowUp"],"relics":["PureWater","NeowsBlessing","Boot","Ancient Tea Set","Orichalcum","Strange Spoon"],"acts_visited":["Exordium"],"potions_floor_usage":[8,8,16],"damage_taken":[{"damage":0,"enemies":"Cultist","floor":1,"turns":1},{"damage":0,"enemies":"Small Slimes","floor":2,"turns":2},{"damage":0,"enemies":"Jaw Worm","floor":3,"turns":1},{"damage":18,"enemies":"2 Fungi Beasts","floor":5,"turns":3},{"damage":24,"enemies":"3 Sentries","floor":7,"turns":9},{"damage":2,"enemies":"Exordium Thugs","floor":8,"turns":4},{"damage":0,"enemies":"Blue Slaver","floor":11,"turns":4},{"damage":49,"enemies":"Hexaghost","floor":16,"turns":5}],"seed_played":"1742151693437232466","potions_obtained":[{"floor":5,"key":"BottledMiracle"},{"floor":7,"key":"BlessingOfTheForge"},{"floor":8,"key":"Energy Potion"}],"is_trial":false,"path_per_floor":["M","M","M","?","M","R","E","M","T","$","M","R","?","$","R","B"],"character_chosen":"WATCHER","items_purchased":["Orichalcum","Strange Spoon"],"campfire_rested":2,"item_purchase_floors":[10,10],"current_hp_per_floor":[72,72,72,61,43,43,19,17,17,17,17,38,24,24,45,0,0],"gold":32,"neow_bonus":"THREE_ENEMY_KILL","is_daily":false,"chose_seed":false,"campfire_upgraded":1,"win_rate":0.0,"timestamp":1613106509,"path_taken":["M","M","M","?","M","R","E","M","T","$","M","R","?","?","R","BOSS"],"items_purchased_type":["Relic","Relic"],"build_version":"2020-12-22","purchased_purges":0,"victory":false,"max_hp_per_floor":[72,72,72,72,72,72,72,72,72,72,72,72,72,72,72,72,72],"card_choices":[{"not_picked":["Halt","Adaptation"],"picked":"Prostrate","floor":1},{"not_picked":["Swivel","Perseverance"],"picked":"SashWhip","floor":2},{"not_picked":["ThirdEye","Establishment"],"picked":"Halt","floor":3},{"not_picked":["Vengeance","SashWhip"],"picked":"WindmillStrike","floor":5},{"not_picked":["WaveOfTheHand","MentalFortress"],"picked":"CarveReality","floor":7},{"not_picked":["FlurryOfBlows","LikeWater"],"picked":"CarveReality","floor":8},{"not_picked":["Nirvana","WreathOfFlame"],"picked":"FollowUp","floor":11}],"player_experience":167570,"relics_obtained":[{"floor":7,"key":"Boot"},{"floor":9,"key":"Ancient Tea Set"}],"event_choices":[{"damage_healed":0,"gold_gain":75,"player_choice":"Gather Gold","damage_taken":11,"max_hp_gain":0,"max_hp_loss":0,"event_name":"World of Goop","floor":4,"gold_loss":0},{"damage_healed":0,"gold_gain":0,"player_choice":"Entered Light","damage_taken":14,"max_hp_gain":0,"max_hp_loss":0,"event_name":"Shining Light","floor":13,"gold_loss":0,"cards_upgraded":["CarveReality","Defend_P"]}],"is_beta":false,"boss_relics":[],"items_purged_floors":[],"is_endless":false,"potions_floor_spawned":[5,7,8],"killed_by":"Hexaghost","ascension_level":5}}