{"host":"91blwi3hgehj6ch9","time":1613163334,"event":{"mods":["2.2 Compatiblity","AchievementEnabler","BaseMod","Colored Map","DeckTracker","Keyboard Shortcuts","Minty Spire (QoL Compilation)","Permanent Neow","Quick Restart","StSLib","SuperFastMode","everything is the same but u backflip on backflip"],"gold_per_floor":[17,33,33,33,33,62,78,90,160,178,189,189,28,28,28],"floor_reached":14,"language":"KOR","playtime":369,"items_purged":["Strike_G"],"score":175,"play_id":"14688c10-a922-4e1d-a5d0-b778d8466601","local_time":"20210213055534","is_ascension_mode":true,"campfire_choices":[],"circlet_count":0,"master_deck":["AscendersBane","Strike_G","Strike_G","Defend_G","Defend_G","Defend_G","Defend_G","Survivor","Neutralize","A Thousand Cuts+1","Choke","Blade Dance","Acrobatics","Blade Dance","Acrobatics","Reflex","Tactician"],"relics":["Ring of the Snake","Torii","Bottled Flame"],"acts_visited":["Exordium"],"potions_floor_usage":[11,14],"damage_taken":[{"damage":2.0,"enemies":"Small Slimes","floor":1.0,"turns":5.0},{"damage":1.0,"enemies":"Cultist","floor":2.0,"turns":4.0},{"damage":25.0,"enemies":"Lagavulin","floor":6.0,"turns":6.0},{"damage":1.0,"enemies":"Jaw Worm","floor":7.0,"turns":3.0},{"damage":6.0,"enemies":"Exordium Thugs","floor":8.0,"turns":2.0},{"damage":12.0,"enemies":"Exordium Wildlife","floor":10.0,"turns":4.0},{"damage":0,"enemies":"2 Fungi Beasts","floor":11,"turns":2},{"damage":14,"enemies":"3 Sentries","floor":14,"turns":4}],"seed_played":"5806189767840284636","potions_obtained":[{"floor":7.0,"key":"LiquidMemories"},{"floor":8.0,"key":"SteroidPotion"},{"floor":10.0,"key":"LiquidBronze"}],"is_trial":false,"path_per_floor":["M","M","?","$","?","E","M","M","T","M","M","?","$","E"],"character_chosen":"THE_SILENT","items_purchased":["Tactician"],"campfire_rested":0,"item_purchase_floors":[13],"current_hp_per_floor":[57,56,56,56,56,31,30,24,24,12,12,12,12,0,0],"gold":28,"neow_bonus":"TRANSFORM_TWO_CARDS","is_daily":false,"chose_seed":false,"campfire_upgraded":0,"win_rate":0.0,"timestamp":1613163334,"path_taken":["M","M","?","$","?","E","M","M","T","M","?","?","?","E"],"items_purchased_type":["Card"],"build_version":"2020-12-22","purchased_purges":1,"victory":false,"max_hp_per_floor":[66,66,66,66,66,66,66,66,66,66,66,66,66,66,66],"card_choices":[{"not_picked":["Sucker Punch","PiercingWail"],"picked":"Blade Dance","floor":1.0},{"not_picked":["Choke","Bouncing Flask"],"picked":"Acrobatics","floor":2.0},{"not_picked":["PiercingWail","Dodge and Roll"],"picked":"Blade Dance","floor":6.0},{"not_picked":["Outmaneuver","Setup"],"picked":"Acrobatics","floor":7.0},{"not_picked":["Poisoned Stab","Flying Knee"],"picked":"Reflex","floor":8.0},{"not_picked":["Dodge and Roll","Corpse Explosion","Backstab"],"picked":"SKIP","floor":10.0},{"not_picked":["Flying Knee","Cloak And Dagger","Dodge and Roll"],"picked":"SKIP","floor":11}],"player_experience":235229,"relics_obtained":[{"floor":6.0,"key":"Torii"},{"floor":9.0,"key":"Bottled Flame"}],"event_choices":[{"cards_removed":["Strike_G"],"damage_healed":0.0,"max_hp_gain":0.0,"max_hp_loss":0.0,"gold_gain":0.0,"event_name":"Living Wall","player_choice":"Forget","floor":3.0,"gold_loss":0.0,"damage_taken":0.0},{"damage_healed":0.0,"max_hp_gain":0.0,"max_hp_loss":0.0,"gold_gain":0.0,"event_name":"Accursed Blacksmith","player_choice":"Forge","floor":5.0,"gold_loss":0.0,"damage_taken":0.0,"cards_upgraded":["A Thousand Cuts"]},{"damage_healed":0,"gold_gain":0,"player_choice":"Fled","damage_taken":0,"max_hp_gain":0,"max_hp_loss":0,"event_name":"Scrap Ooze","floor":12,"gold_loss":0}],"is_beta":false,"boss_relics":[],"items_purged_floors":[13],"is_endless":false,"potions_floor_spawned":[7,8,10],"killed_by":"3 Sentries","ascension_level":18}}