{"host":"ncocfkoislda923u","time":1613103046,"event":{"mods":["BaseMod","Googly Eyes","Minty Spire (QoL Compilation)","Robot Space Explorer","Spire Arcade","StSLib","The Animator","The Cursed"],"gold_per_floor":[117,137,150,150,176,176,198,198,224,235,235,235,235,260,260,365,365,379,379,304,316,316,349,349,364,391,67,67,67,67,85,85,190,190,200,217,243,274,125,125,150,167,212,212,212,212,212,232,232,232],"floor_reached":51,"language":"ENG","playtime":10160,"items_purged":["animator:Strike+1"],"score":976,"play_id":"42b572bc-94a7-4563-8164-237f64178ac7","local_time":"20210212051046","is_ascension_mode":true,"campfire_choices":[{"data":"animator:EmiyaShirou","floor":6.0,"key":"SMITH"},{"data":"animator:Shinoa","floor":11,"key":"SMITH"},{"data":"animator:HiiragiShinya","floor":15,"key":"SMITH"},{"data":"animator:GazelDwargon","floor":24,"key":"SMITH"},{"data":"animator:Demiurge","floor":29,"key":"SMITH"},{"data":"animator:Shinoa","floor":32,"key":"SMITH"},{"data":"animator:Boros","floor":40,"key":"SMITH"},{"data":"animator:Kaijin","floor":44,"key":"SMITH"},{"data":"animator:Greed","floor":46,"key":"SMITH"},{"data":"animator:Shigure","floor":49,"key":"SMITH"}],"circlet_count":0,"master_deck":["animator:Strike_OwariNoSeraph+1","animator:Defend_OwariNoSeraph+1","animator:Defend+1","animator:Defend+1","animator:Shinoa+1","animator:Mikaela+1","animator:EmiyaShirou+1","animator:GazelDwargon+1","animator:Demiurge+1","animator:Shigure+1","animator:MetalKnight","animator:Yuuichirou","animator:HiiragiShinya+1","animator:Greed+1","animator:Mitsuba","animator:Yuuichirou+1","animator:Souei","animator:Shinoa+1","animator:Boros+1","animator:NarberalGamma+1","animator:LizardPriest+1","animator:Kaijin+1"],"relics":["animator:TheMissingPiece","animator:PurgingStone","Coffee Dripper","Centennial Puzzle","Question Card","Velvet Choker","Tiny Chest","Happy Flower","HornCleat","Potion Belt","Sozu","MealTicket","Strange Spoon","Anchor","Bag of Preparation"],"acts_visited":["Exordium","TheCity","TheBeyond"],"potions_floor_usage":[10,23],"damage_taken":[{"damage":0.0,"enemies":"Cultist","floor":1.0,"turns":4.0},{"damage":5.0,"enemies":"Jaw Worm","floor":2.0,"turns":4.0},{"damage":0.0,"enemies":"2 Louse","floor":3.0,"turns":2.0},{"damage":1.0,"enemies":"2 Fungi Beasts","floor":5.0,"turns":5.0},{"damage":0.0,"enemies":"Large Slime","floor":7.0,"turns":7.0},{"damage":0,"enemies":"3 Louse","floor":10,"turns":4},{"damage":0,"enemies":"Exordium Wildlife","floor":14,"turns":2},{"damage":0,"enemies":"Slime Boss","floor":16,"turns":12},{"damage":1,"enemies":"3 Byrds","floor":18,"turns":6},{"damage":3,"enemies":"2 Thieves","floor":21,"turns":4},{"damage":0,"enemies":"Book of Stabbing","floor":23,"turns":7},{"damage":1,"enemies":"Snecko","floor":25,"turns":4},{"damage":0,"enemies":"Shelled Parasite and Fungi","floor":31,"turns":6},{"damage":0,"enemies":"Collector","floor":33,"turns":10},{"damage":1,"enemies":"3 Shapes","floor":35,"turns":6},{"damage":0,"enemies":"Orb Walker","floor":36,"turns":5},{"damage":0,"enemies":"Sphere and 2 Shapes","floor":38,"turns":9},{"damage":0,"enemies":"Nemesis","floor":41,"turns":11},{"damage":4,"enemies":"Jaw Worm Horde","floor":42,"turns":6},{"damage":0,"enemies":"Writhing Mass","floor":48,"turns":9},{"damage":0,"enemies":"Awakened One","floor":50,"turns":14}],"seed_played":"8470942492253024434","potions_obtained":[{"floor":1.0,"key":"Strength Potion"},{"floor":5.0,"key":"Block Potion"},{"floor":16,"key":"Block Potion"},{"floor":18,"key":"SpeedPotion"},{"floor":33,"key":"FairyPotion"}],"is_trial":false,"path_per_floor":["M","M","M","?","M","R","M","?","T","M","R","T","?","M","R","B",null,"M","?","?","M","?","E","R","M","T","$","?","R","?","M","R","B",null,"M","M","T","M","$","R","E","M","T","R","?","R","?","M","R","B",null],"character_chosen":"THE_ANIMATOR","items_purchased":["HornCleat","Strange Spoon"],"campfire_rested":0,"item_purchase_floors":[27,39],"current_hp_per_floor":[66,61,61,54,53,53,53,40,40,41,41,41,57,57,57,57,67,67,67,65,62,62,62,62,61,61,61,61,61,61,61,61,62,66,65,66,66,66,66,66,66,62,62,62,62,62,62,62,62,62],"gold":232,"neow_bonus":"BOSS_RELIC","is_daily":false,"chose_seed":false,"campfire_upgraded":10,"win_rate":0.0,"timestamp":1613103046,"path_taken":["M","M","M","?","M","R","M","?","T","M","R","?","?","M","R","BOSS","M","?","?","M","?","E","R","M","T","$","?","R","?","?","R","BOSS","M","M","?","M","$","R","E","M","T","R","?","R","?","M","R","BOSS"],"items_purchased_type":["Relic","Relic"],"build_version":"2020-12-22","purchased_purges":1,"victory":true,"max_hp_per_floor":[66,66,66,66,66,66,66,66,66,67,67,67,67,67,67,67,67,68,68,65,65,65,65,65,65,65,65,65,65,65,65,65,66,66,66,66,66,66,66,66,66,66,66,66,66,66,66,66,66,66],"card_choices":[{"not_picked":["animator:Geryuganshoop","animator:DolaCouronne"],"picked":"animator:EmiyaShirou","floor":1.0},{"not_picked":["animator:Illya","animator:Sebas"],"picked":"animator:GazelDwargon","floor":2.0},{"not_picked":["animator:YachiyoNanami","animator:FielNirvalen"],"picked":"animator:Demiurge","floor":3.0},{"not_picked":["animator:Mitsuba","animator:Mikaela"],"picked":"animator:Shigure","floor":5.0},{"not_picked":["animator:HighElfArcher","animator:DolaSchwi"],"picked":"animator:MetalKnight","floor":7.0},{"not_picked":["animator:Berserker","animator:Entoma"],"picked":"animator:Yuuichirou","floor":10},{"not_picked":["animator:Shigure","animator:CrowleyEusford","animator:IrohaTamaki"],"picked":"animator:HiiragiShinya","floor":14},{"not_picked":["animator:SwordMaiden","animator:Albedo","animator:HomuraAkemi"],"picked":"animator:Greed","floor":16},{"not_picked":["animator:Shigure","animator:KrulTepes","animator:Yoichi"],"picked":"animator:Mitsuba","floor":18},{"not_picked":["animator:MaesHughes","animator:Rider","animator:Evileye+1"],"picked":"animator:Yuuichirou+1","floor":21},{"not_picked":["animator:IrohaTamaki+1","animator:Caster","animator:ElricAlphonse","animator:Yuuichirou"],"picked":"SKIP","floor":23},{"not_picked":["animator:DwarfShaman+1","animator:KrulTepes","animator:Caster+1","animator:Mikaela"],"picked":"SKIP","floor":25},{"not_picked":["animator:Yuuichirou","animator:CrowleyEusford","animator:Mitsuba"],"picked":"animator:Shinoa","floor":31},{"not_picked":["animator:MadokaKaname","animator:Saitama","animator:Father"],"picked":"animator:Boros","floor":33},{"not_picked":["animator:Illya+1","animator:Berserker","animator:KrulTepes","animator:Sloth+1"],"picked":"SKIP","floor":35},{"not_picked":["animator:SilverFang","animator:Shinoa","animator:FielNirvalen+1"],"picked":"animator:NarberalGamma+1","floor":36},{"not_picked":["animator:Genos+1","animator:Sloth","animator:Yoichi"],"picked":"animator:LizardPriest+1","floor":38},{"not_picked":["animator:Benimaru","animator:Souei","animator:Shion"],"picked":"animator:Kaijin","floor":41},{"not_picked":["animator:Kaijin+1","animator:LizardPriest","animator:Shion","animator:Pride"],"picked":"SKIP","floor":42},{"not_picked":["animator:FielNirvalen+1","animator:DolaCouronne","animator:IzunaHatsuse","animator:Tatsumaki+1"],"picked":"SKIP","floor":48}],"player_experience":1412704,"relics_obtained":[{"floor":9.0,"key":"Centennial Puzzle"},{"floor":12,"key":"Question Card"},{"floor":23,"key":"Tiny Chest"},{"floor":26,"key":"Happy Flower"},{"floor":37,"key":"MealTicket"},{"floor":41,"key":"Anchor"},{"floor":43,"key":"Bag of Preparation"}],"event_choices":[{"cards_removed":["animator:Defend"],"damage_healed":0.0,"max_hp_gain":0.0,"max_hp_loss":0.0,"gold_gain":0.0,"event_name":"Golden Wing","player_choice":"Card Removal","floor":4.0,"gold_loss":0.0,"damage_taken":7.0},{"damage_healed":0.0,"max_hp_gain":0.0,"max_hp_loss":0.0,"gold_gain":0.0,"event_name":"Shining Light","player_choice":"Entered Light","floor":8.0,"gold_loss":0.0,"damage_taken":13.0,"cards_upgraded":["animator:Mikaela","animator:Defend_OwariNoSeraph"]},{"damage_healed":16,"gold_gain":0,"player_choice":"Healed and dodged fight","damage_taken":0,"max_hp_gain":0,"max_hp_loss":0,"event_name":"Mushrooms","floor":13,"gold_loss":0,"cards_obtained":["Parasite"]},{"damage_healed":0,"gold_gain":0,"player_choice":"Simplicity","damage_taken":0,"max_hp_gain":0,"max_hp_loss":0,"event_name":"Back to Basics","floor":19,"gold_loss":0,"cards_upgraded":["animator:Strike_OwariNoSeraph","animator:Strike","animator:Strike","animator:Strike","animator:Defend","animator:Defend"]},{"cards_removed":["Parasite"],"damage_healed":0,"gold_gain":0,"player_choice":"Gave Gold","damage_taken":0,"max_hp_gain":0,"max_hp_loss":0,"event_name":"Beggar","floor":20,"gold_loss":75},{"damage_healed":0,"gold_gain":0,"cards_transformed":["animator:Strike","animator:Strike"],"player_choice":"Became Test Subject","damage_taken":0,"max_hp_gain":0,"max_hp_loss":0,"event_name":"Drug Dealer","floor":22,"gold_loss":0,"cards_obtained":["animator:FielNirvalen","animator:Souei"]},{"cards_removed":["animator:FielNirvalen"],"damage_healed":0,"gold_gain":0,"player_choice":"Removed Power","damage_taken":0,"max_hp_gain":0,"max_hp_loss":0,"event_name":"Falling","floor":45,"gold_loss":0},{"damage_healed":0,"gold_gain":0,"player_choice":"Bought 0 Potions","damage_taken":0,"max_hp_gain":0,"max_hp_loss":0,"event_name":"The Woman in Blue","floor":47,"gold_loss":0}],"is_beta":false,"boss_relics":[{"not_picked":["SlaversCollar","animator:RacePiece"],"picked":"Velvet Choker"},{"not_picked":["animator:HolyGrailRelic","animator:CursedBlade"],"picked":"Sozu"}],"items_purged_floors":[27],"is_endless":false,"potions_floor_spawned":[1,5,16,18,21,33,35,38,41],"ascension_level":2}}