{"host":"a5lz0e76zb3fcwkm","time":1613113225,"event":{"mods":["AchievementEnabler","BaseMod","Colored Map","Colored Powertips","Minty Spire (QoL Compilation)","StSLib","SuperFastMode"],"gold_per_floor":[14,25,25,35,48,58,90,90,90,100,119,131,131,148,148,220,220,235,235,254,270,287,287,287],"floor_reached":23,"language":"KOR","playtime":6151,"items_purged":[],"score":452,"play_id":"37c97cbc-c19e-4e8a-975e-06953a32c023","local_time":"20210212160025","is_ascension_mode":true,"campfire_choices":[{"data":"Coolheaded","floor":8,"key":"SMITH"},{"data":"Coolheaded","floor":13,"key":"SMITH"},{"data":"Dualcast","floor":15,"key":"SMITH"}],"circlet_count":0,"master_deck":["AscendersBane","Strike_B","Strike_B","Defend_B","Defend_B","Defend_B","Zap+1","Dualcast+1","Ball Lightning","Coolheaded+1","Ball Lightning","Glacier","Compile Driver","Coolheaded+1","Electrodynamics","Defragment"],"relics":["Cracked Core","Singing Bowl","Sundial","Sozu"],"acts_visited":["Exordium","TheCity"],"potions_floor_usage":[7,7,16,21],"damage_taken":[{"damage":1,"enemies":"Cultist","floor":1,"turns":3},{"damage":9,"enemies":"2 Louse","floor":2,"turns":2},{"damage":2,"enemies":"Small Slimes","floor":4,"turns":3},{"damage":6,"enemies":"Blue Slaver","floor":5,"turns":3},{"damage":4,"enemies":"2 Fungi Beasts","floor":6,"turns":3},{"damage":0,"enemies":"Gremlin Nob","floor":7,"turns":3},{"damage":6,"enemies":"3 Louse","floor":10,"turns":4},{"damage":16,"enemies":"Lots of Slimes","floor":11,"turns":4},{"damage":5,"enemies":"2 Fungi Beasts","floor":12,"turns":3},{"damage":2,"enemies":"Red Slaver","floor":14,"turns":8},{"damage":12,"enemies":"Slime Boss","floor":16,"turns":8},{"damage":20,"enemies":"2 Thieves","floor":18,"turns":3},{"damage":0,"enemies":"Spheric Guardian","floor":20,"turns":3},{"damage":1,"enemies":"Snecko","floor":21,"turns":4},{"damage":13,"enemies":"Chosen and Byrds","floor":22,"turns":6},{"damage":40,"enemies":"Book of Stabbing","floor":23,"turns":4}],"seed_played":"-4823571716830587579","potions_obtained":[{"floor":2,"key":"DistilledChaos"},{"floor":4,"key":"Regen Potion"},{"floor":10,"key":"SneckoOil"},{"floor":11,"key":"FocusPotion"},{"floor":16,"key":"SteroidPotion"}],"is_trial":false,"path_per_floor":["M","M","?","M","M","M","E","R","T","M","M","M","R","M","R","B",null,"M","?","M","M","M","E"],"character_chosen":"DEFECT","items_purchased":[],"campfire_rested":0,"item_purchase_floors":[],"current_hp_per_floor":[63,54,54,52,46,42,53,53,53,47,33,28,28,28,28,16,62,44,44,46,45,34,0,0],"gold":287,"neow_bonus":"REMOVE_TWO","is_daily":false,"chose_seed":false,"campfire_upgraded":3,"win_rate":0.0,"timestamp":1613113225,"path_taken":["M","?","?","M","M","?","E","R","T","M","M","M","R","M","R","BOSS","M","?","?","?","M","E"],"items_purchased_type":[],"build_version":"2020-12-22","purchased_purges":0,"victory":false,"max_hp_per_floor":[71,71,71,71,71,71,73,73,73,73,75,75,75,77,77,77,77,79,79,81,81,83,83,83],"card_choices":[{"not_picked":["Stack","Melter"],"picked":"Ball Lightning","floor":1},{"not_picked":["Rebound","Barrage"],"picked":"Coolheaded","floor":2},{"not_picked":["Reprogram","Gash","Blizzard"],"picked":"SKIP","floor":4},{"not_picked":["Sweeping Beam","Stack"],"picked":"Ball Lightning","floor":5},{"not_picked":["Beam Cell","Aggregate"],"picked":"Glacier","floor":6},{"not_picked":["Static Discharge","Aggregate","Thunder Strike"],"picked":"Singing Bowl","floor":7},{"not_picked":["Scrape","Genetic Algorithm"],"picked":"Compile Driver","floor":10},{"not_picked":["Beam Cell","Go for the Eyes","Stack"],"picked":"Singing Bowl","floor":11},{"not_picked":["Storm","Sweeping Beam"],"picked":"Coolheaded","floor":12},{"not_picked":["Genetic Algorithm","Storm","Melter"],"picked":"Singing Bowl","floor":14},{"not_picked":["Machine Learning","Creative AI"],"picked":"Electrodynamics","floor":16},{"not_picked":["Leap","Hologram","Gash"],"picked":"Singing Bowl","floor":18},{"not_picked":["Chill","Coolheaded","Sunder"],"picked":"Singing Bowl","floor":20},{"not_picked":["Sweeping Beam","Chill"],"picked":"Defragment","floor":21},{"not_picked":["Rip and Tear","Conserve Battery","Coolheaded"],"picked":"Singing Bowl","floor":22}],"player_experience":1867138,"relics_obtained":[{"floor":7,"key":"Singing Bowl"},{"floor":9,"key":"Sundial"}],"event_choices":[{"cards_removed":["Strike_B"],"damage_healed":0,"gold_gain":0,"player_choice":"Purged","damage_taken":0,"max_hp_gain":0,"max_hp_loss":0,"event_name":"Purifier","floor":3,"gold_loss":0},{"damage_healed":0,"gold_gain":0,"player_choice":"Upgraded","damage_taken":0,"max_hp_gain":0,"max_hp_loss":0,"event_name":"Upgrade Shrine","floor":19,"gold_loss":0,"cards_upgraded":["Zap"]}],"is_beta":false,"boss_relics":[{"not_picked":["Nuclear Battery","Philosopher\u0027s Stone"],"picked":"Sozu"}],"items_purged_floors":[],"is_endless":false,"potions_floor_spawned":[2,4,6,10,11,16,22],"killed_by":"Book of Stabbing","ascension_level":20}}