{"host":"b1k9tvirjqaexfiq","time":1613105953,"event":{"mods":["AchievementEnabler","BaseMod","Bestiary","Better Third Choice","Colored Powertips","Conspire","Curses Come First","Energized Spire","Filter the Spire","Hubris","Infinite Spire","Marisa????????","Minty Spire (QoL Compilation)","Permanent Neow","Quick Restart","Rare Cards Sparkle","Reliquary","Replay The Spire","Shop Mod","StSLib","The Animator","The Bug Knight","The Marked","The Servant 0.9.4","The Wild Card","Waifu the Spire","??????REMEMod"],"gold_per_floor":[116,116,38,56,56,89,108,108,161,176,193,226,37,53,53,148,148,137,154,154,154,69,69,69,94,94,111,111,127,147,167,167,283,283,317,352,52,67,85,85],"floor_reached":39,"language":"ENG","playtime":2542,"items_purged":["theMarked:Frustration"],"score":642,"play_id":"53a7dc2d-7d28-4015-9a3b-4834d75f26ef","local_time":"20210211225913","is_ascension_mode":false,"campfire_choices":[{"floor":8.0,"key":"REST"},{"floor":15.0,"key":"REST"},{"floor":23.0,"key":"REST"},{"floor":28.0,"key":"REST"},{"floor":32.0,"key":"REST"}],"circlet_count":0,"master_deck":["theMarked:Strike","theMarked:Strike","theMarked:Strike","theMarked:Strike","theMarked:Strike","theMarked:Defend","theMarked:Defend","theMarked:Defend","theMarked:Defend","theMarked:SoldierOfQuellstein","theMarked:DispelDoubt","OortCloud+1","theMarked:ParalyzingBlade+1","Replay:Bootleg Shield Generator","theMarked:ContemptForTheProud","theMarked:Aftermath","theMarked:BanishingStrike","theMarked:RogueSparks","theMarked:Defy","theMarked:ResourceFulStrike","theMarked:ElectricStrings","theMarked:ElectricStrings","theMarked:TwofoldDefense","theMarked:MagusForm","theMarked:Opportunist","theMarked:RogueSparks","infinitespire:Punishment","infinitespire:Punishment","theMarked:FavorableWinds","theMarked:HeightenedSenses","theMarked:OneWithTheBlade","theMarked:SelfDefenseTraining","theMarked:TurnInvisible","theMarked:Abjuration","theMarked:WardOff","theMarked:WardOff","theMarked:KeepCalmAndFight","theMarked:HeightenedSenses","theMarked:Overthink"],"relics":["theMarked:ArtifactOfAir","REME_ComplimentaryCards","Replay:Bottled Steam","reliquary:Buckler","Pen Nib","Lantern","conspire:RunicOctahedron","Nunchaku","Vajra","Mango","Anchor","infinitespire:EvilPickle","Replay:Bronze Core","MealTicket"],"acts_visited":["Exordium","TheCity","TheBeyond"],"potions_floor_usage":[33,38],"damage_taken":[{"damage":0.0,"enemies":"2 Louse","floor":1.0,"turns":2.0},{"damage":0.0,"enemies":"Cultist","floor":4.0,"turns":4.0},{"damage":34.0,"enemies":"Lagavulin","floor":6.0,"turns":7.0},{"damage":0.0,"enemies":"Jaw Worm","floor":7.0,"turns":3.0},{"damage":1.0,"enemies":"Gremlin Gang","floor":10.0,"turns":7.0},{"damage":4.0,"enemies":"Blue Slaver","floor":11.0,"turns":4.0},{"damage":4.0,"enemies":"3 Sentries","floor":12.0,"turns":5.0},{"damage":6.0,"enemies":"3 Louse","floor":14.0,"turns":2.0},{"damage":31.0,"enemies":"Hexaghost","floor":16.0,"turns":9.0},{"damage":11.0,"enemies":"2 Thieves","floor":18.0,"turns":4.0},{"damage":7.0,"enemies":"Spheric Guardian","floor":19.0,"turns":5.0},{"damage":24.0,"enemies":"Gremlin Leader","floor":25.0,"turns":4.0},{"damage":12.0,"enemies":"Centurion and Healer","floor":27.0,"turns":4.0},{"damage":3.0,"enemies":"Shelled Parasite and Fungi","floor":29.0,"turns":5.0},{"damage":17.0,"enemies":"Cultist and Chosen","floor":30.0,"turns":6.0},{"damage":0.0,"enemies":"Snecko","floor":31.0,"turns":2.0},{"damage":35,"enemies":"Pondfish","floor":33,"turns":7},{"damage":0,"enemies":"Orb Walker","floor":35,"turns":2},{"damage":4,"enemies":"3 Darklings","floor":36,"turns":10},{"damage":38,"enemies":"Transient","floor":38,"turns":5},{"damage":45,"enemies":"Sphere and 2 Shapes","floor":39,"turns":4}],"seed_played":"-4586484774756194490","potions_obtained":[{"floor":5.0,"key":"infinitespire:BlackPotion"},{"floor":5.0,"key":"Elixir"},{"floor":5.0,"key":"Cursed Concoction"},{"floor":10.0,"key":"Venom Potion"},{"floor":29.0,"key":"Elixir"},{"floor":30.0,"key":"Explosive Potion"},{"floor":33,"key":"Explosive Potion"}],"is_trial":false,"path_per_floor":["M","?","$","M","?","E","M","R","T","M","M","E","$","M","R","B",null,"M","M","AVR","?","?","R","?","E","T","M","R","M","M","M","R","B",null,"M","M","$","M","M"],"character_chosen":"THE_DEFAULT","items_purchased":["theMarked:ContemptForTheProud","theMarked:ElectricStrings","Lantern","theMarked:KeepCalmAndFight","MealTicket"],"campfire_rested":5,"item_purchase_floors":[3,13,13,37,37],"current_hp_per_floor":[70,70,70,70,70,36,36,57,57,56,52,48,48,42,63,32,70,59,52,52,39,39,61,43,33,33,21,47,44,27,27,53,18,89,89,85,85,47,2,2],"gold":85,"neow_bonus":"ONE_RANDOM_RARE_CARD","is_daily":false,"chose_seed":false,"campfire_upgraded":0,"win_rate":0.0,"timestamp":1613105953,"path_taken":["M","?","$","?","?","E","M","R","T","M","M","E","$","M","R","BOSS","M","?","AVR","?","?","R","?","E","T","M","R","M","M","M","R","BOSS","M","M","$","M","M"],"items_purchased_type":["Card","Card","Relic","Card","Relic"],"build_version":"2020-12-22","purchased_purges":1,"victory":false,"max_hp_per_floor":[70,70,70,70,70,70,70,70,70,70,70,70,70,70,70,70,70,70,70,70,75,75,75,75,89,89,89,89,89,89,89,89,89,89,89,89,89,89,89,89],"card_choices":[{"not_picked":["theMarked:Standoff","theMarked:EmpowerWeapon"],"picked":"theMarked:ParalyzingBlade","floor":1.0},{"not_picked":["theMarked:TakeCover","theMarked:Improvise"],"picked":"theMarked:Aftermath","floor":4.0},{"not_picked":["theMarked:Generate","theMarked:Parkour"],"picked":"theMarked:BanishingStrike","floor":6.0},{"not_picked":["theMarked:Parkour","theMarked:BanishingStrike"],"picked":"theMarked:RogueSparks","floor":7.0},{"not_picked":["theMarked:Generate","theMarked:ResourceFulStrike"],"picked":"theMarked:Defy","floor":10.0},{"not_picked":["theMarked:BanishingStrike","theMarked:HeightenedSenses"],"picked":"theMarked:Frustration","floor":11.0},{"not_picked":["theMarked:Parkour","theMarked:Heritage"],"picked":"theMarked:ResourceFulStrike","floor":12.0},{"not_picked":["theMarked:MuscleMemory","theMarked:Parkour"],"picked":"theMarked:TwofoldDefense","floor":14.0},{"not_picked":["theMarked:Snap","theMarked:SuspiciousRaven"],"picked":"theMarked:MagusForm","floor":16.0},{"not_picked":["theMarked:WardOff","theMarked:Generate"],"picked":"theMarked:Opportunist","floor":18.0},{"not_picked":["theMarked:Memento","theMarked:Generate"],"picked":"theMarked:RogueSparks","floor":19.0},{"not_picked":["infinitespire:Oblivion","hubris:Fate"],"picked":"infinitespire:Punishment","floor":24.0},{"not_picked":["theMarked:UnarmedFury","theMarked:TwofoldDefense"],"picked":"theMarked:FavorableWinds","floor":25.0},{"not_picked":["theMarked:Generate","theMarked:Overthink"],"picked":"theMarked:HeightenedSenses","floor":27.0},{"not_picked":["theMarked:TwofoldDefense","theMarked:TakeCover"],"picked":"theMarked:OneWithTheBlade","floor":29.0},{"not_picked":["theMarked:Frustration","theMarked:Seal"],"picked":"theMarked:SelfDefenseTraining","floor":30.0},{"not_picked":["theMarked:Improvise","theMarked:ResourceFulStrike"],"picked":"theMarked:TurnInvisible","floor":31.0},{"not_picked":["theMarked:Challenge","theMarked:DispelDoubt"],"picked":"theMarked:Abjuration","floor":33},{"not_picked":["theMarked:ElectricStrings+1","theMarked:Improvise+1"],"picked":"theMarked:WardOff","floor":35},{"not_picked":["theMarked:ElectricStrings","theMarked:ResourceFulStrike+1"],"picked":"theMarked:WardOff","floor":36},{"not_picked":["theMarked:MuscleMemory","theMarked:StartUp"],"picked":"theMarked:HeightenedSenses","floor":38},{"not_picked":["theMarked:Aftermath+1","theMarked:TwofoldDefense+1"],"picked":"theMarked:Overthink","floor":39}],"player_experience":60517,"relics_obtained":[{"floor":6.0,"key":"Replay:Bottled Steam"},{"floor":9.0,"key":"reliquary:Buckler"},{"floor":12.0,"key":"Pen Nib"},{"floor":25.0,"key":"Mango"},{"floor":26.0,"key":"Anchor"}],"event_choices":[{"damage_healed":0.0,"max_hp_gain":0.0,"max_hp_loss":0.0,"gold_gain":0.0,"event_name":"Match and Keep!","player_choice":"1 cards matched","floor":2.0,"gold_loss":0.0,"damage_taken":0.0,"cards_obtained":["Replay:Bootleg Shield Generator"]},{"damage_healed":0.0,"max_hp_gain":0.0,"max_hp_loss":0.0,"gold_gain":0.0,"event_name":"Lab","player_choice":"Got Potions","floor":5.0,"gold_loss":0.0,"damage_taken":0.0},{"damage_healed":0.0,"max_hp_gain":5.0,"max_hp_loss":0.0,"gold_gain":0.0,"event_name":"Forgotten Altar","player_choice":"Shed Blood","floor":21.0,"gold_loss":0.0,"damage_taken":18.0},{"damage_healed":0.0,"max_hp_gain":0.0,"max_hp_loss":0.0,"gold_gain":0.0,"event_name":"Addict","player_choice":"Obtained Relic","floor":22.0,"gold_loss":85.0,"damage_taken":0.0,"relics_obtained":["Vajra"]}],"is_beta":false,"boss_relics":[{"not_picked":["hubris:Stopwatch","REME_DemonsWealth"],"picked":"conspire:RunicOctahedron"},{"not_picked":["Fusion Hammer","reliquary:RedPaperclip"],"picked":"Replay:Bronze Core"}],"items_purged_floors":[37],"is_endless":false,"potions_floor_spawned":[6,10,16,29,30,33,36],"killed_by":"Sphere and 2 Shapes","ascension_level":0}}