{"host":"Bilverbakes","time":1613174042,"event":{"mods":["2.2 Compatiblity","AchievementEnabler","BaseMod","Bestiary","Colored Map","Minty Spire (QoL Compilation)","Relic Stats","StSLib","ojb\u0027s Info Mod"],"gold_per_floor":[14,25,25,35,0,0,35,48,48,65,65,82,27,27,27,106,106,122,102,119,119,119,119],"floor_reached":22,"language":"ENG","playtime":782,"items_purged":[],"score":372,"play_id":"cb1b72f3-3768-432d-b1fb-4b8ac5df4944","local_time":"20210212175402","is_ascension_mode":true,"campfire_choices":[{"data":"Glass Knife","floor":6,"key":"SMITH"},{"floor":11,"key":"REST"},{"data":"Bane","floor":15,"key":"SMITH"}],"circlet_count":0,"master_deck":["AscendersBane","Strike_G","Strike_G","Strike_G","Strike_G","Strike_G","Defend_G","Defend_G","Defend_G","Defend_G","Defend_G","Survivor","Neutralize","Bane+1","Poisoned Stab","Glass Knife+1","Leg Sweep","Dash","Dagger Throw","Underhanded Strike","Envenom","Dagger Throw+1"],"relics":["Ring of the Snake","Ginger","Mummified Hand","Orichalcum","Bottled Lightning","Coffee Dripper"],"acts_visited":["Exordium","TheCity"],"potions_floor_usage":[8,10,16,20],"damage_taken":[{"damage":0,"enemies":"Cultist","floor":1,"turns":3},{"damage":2,"enemies":"Small Slimes","floor":2,"turns":6},{"damage":17,"enemies":"Jaw Worm","floor":4,"turns":5},{"damage":1,"enemies":"Looter","floor":5,"turns":4},{"damage":32,"enemies":"Gremlin Nob","floor":7,"turns":4},{"damage":0,"enemies":"Red Slaver","floor":8,"turns":2},{"damage":1,"enemies":"Exordium Wildlife","floor":10,"turns":4},{"damage":11,"enemies":"Exordium Thugs","floor":12,"turns":5},{"damage":9,"enemies":"Slime Boss","floor":16,"turns":9},{"damage":17,"enemies":"Shell Parasite","floor":18,"turns":6},{"damage":0,"enemies":"2 Thieves","floor":20,"turns":3},{"damage":32,"enemies":"Sentry and Sphere","floor":22,"turns":5}],"seed_played":"-4328733843780130289","potions_obtained":[{"floor":7,"key":"DistilledChaos"},{"floor":8,"key":"FearPotion"},{"floor":12,"key":"DistilledChaos"},{"floor":16,"key":"Strength Potion"}],"is_trial":false,"path_per_floor":["M","M","?","M","M","R","E","M","T","M","R","M","$","?","R","B",null,"M","?","M","?","M"],"character_chosen":"THE_SILENT","items_purchased":["Fire Potion"],"campfire_rested":1,"item_purchase_floors":[13],"current_hp_per_floor":[59,57,52,35,34,34,2,2,2,1,20,9,9,31,31,22,55,38,38,38,32,0,0],"gold":119,"neow_bonus":"ONE_RARE_RELIC","is_daily":false,"chose_seed":false,"campfire_upgraded":2,"win_rate":0.0,"timestamp":1613174042,"path_taken":["M","?","?","M","M","R","E","M","T","M","R","M","$","?","R","BOSS","M","?","?","?","?"],"items_purchased_type":["Potion"],"build_version":"2020-12-18","purchased_purges":0,"victory":false,"max_hp_per_floor":[66,66,66,66,66,66,66,66,66,66,66,66,66,66,66,66,66,66,66,66,66,66,66],"relic_stats":{"counters":[12,56],"Mummified Hand":[4],"Ginger":[1],"Orichalcum":[66],"obtain_stats":[{"Mummified Hand":3,"Coffee Dripper":17,"Ginger":0,"Bottled Lightning":9,"Orichalcum":7,"Ring of the Snake":0},{"Mummified Hand":2,"Coffee Dripper":9,"Ginger":0,"Bottled Lightning":6,"Orichalcum":5,"Ring of the Snake":0},{"Mummified Hand":9,"Coffee Dripper":42,"Ginger":0,"Bottled Lightning":24,"Orichalcum":22,"Ring of the Snake":0}],"Ring of the Snake":[24]},"card_choices":[{"not_picked":["Backflip","Deflect","Well Laid Plans"],"picked":"SKIP","floor":1},{"not_picked":["Reflex","Concentrate"],"picked":"Bane","floor":2},{"not_picked":["Dagger Spray","Noxious Fumes"],"picked":"Poisoned Stab","floor":4},{"not_picked":["Outmaneuver","Backflip"],"picked":"Glass Knife","floor":5},{"not_picked":["Setup","Masterful Stab"],"picked":"Leg Sweep","floor":7},{"not_picked":["Distraction","Tactician"],"picked":"Dash","floor":8},{"not_picked":["Heel Hook","Riddle With Holes"],"picked":"Dagger Throw","floor":10},{"not_picked":["Dagger Spray","Dagger Throw"],"picked":"Underhanded Strike","floor":12},{"not_picked":["Unload","Glass Knife"],"picked":"Envenom","floor":16},{"not_picked":["Choke","Distraction","Acrobatics"],"picked":"SKIP","floor":18},{"not_picked":["Cloak And Dagger","Acrobatics"],"picked":"Dagger Throw+1","floor":20}],"player_experience":949993,"relics_obtained":[{"floor":7,"key":"Orichalcum"},{"floor":9,"key":"Bottled Lightning"}],"event_choices":[{"damage_healed":0,"gold_gain":0,"player_choice":"Success","damage_taken":5,"relics_obtained":["Mummified Hand"],"max_hp_gain":0,"max_hp_loss":0,"event_name":"Scrap Ooze","floor":3,"gold_loss":0},{"damage_healed":22,"gold_gain":0,"player_choice":"Banana","damage_taken":0,"max_hp_gain":0,"max_hp_loss":0,"event_name":"Big Fish","floor":14,"gold_loss":0},{"damage_healed":0,"gold_gain":0,"player_choice":"Bought 1 Potion","damage_taken":0,"max_hp_gain":0,"max_hp_loss":0,"event_name":"The Woman in Blue","floor":19,"gold_loss":0},{"damage_healed":0,"gold_gain":0,"player_choice":"","damage_taken":6,"max_hp_gain":0,"max_hp_loss":0,"event_name":"Knowing Skull","floor":21,"potions_obtained":[],"gold_loss":0,"cards_obtained":[]}],"is_beta":true,"boss_relics":[{"not_picked":["WristBlade","Busted Crown"],"picked":"Coffee Dripper"}],"items_purged_floors":[],"is_endless":false,"potions_floor_spawned":[7,8,12,16,18],"killed_by":"Sentry and Sphere","ascension_level":20}}