{"host":"r4aerl4ckfvw1dw3","time":1613117827,"event":{"mods":["BaseMod","BetterRewards","Minty Spire (QoL Compilation)","Quick Restart","StSLib"],"gold_per_floor":[109,129,149,162,87,87,103,103,172,191,208,221,221,239,239,342,342,362,362,375,387,387,387,387],"floor_reached":23,"language":"ENG","playtime":1008,"items_purged":["Strike_B"],"score":217,"play_id":"bd996ece-b00b-4f26-819f-f91b639518bc","local_time":"20210212001707","is_ascension_mode":true,"campfire_choices":[{"data":"Loop","floor":6,"key":"SMITH"},{"data":"Zap","floor":8,"key":"SMITH"},{"data":"Machine Learning","floor":13,"key":"SMITH"},{"data":"Cold Snap","floor":15,"key":"SMITH"}],"circlet_count":0,"master_deck":["Strike_B","Strike_B","Strike_B","Defend_B","Defend_B","Defend_B","Defend_B","Zap+1","Dualcast","Ball Lightning","Go for the Eyes","Machine Learning+1","Loop+1","Gash","Coolheaded","Ball Lightning","Cold Snap+1","Cold Snap","Electrodynamics","Double Energy","Stack","Sweeping Beam","Streamline+1","Necronomicurse"],"relics":["Cracked Core","NeowsBlessing","Question Card","Black Star","Necronomicon"],"acts_visited":["Exordium","TheCity"],"potions_floor_usage":[10,12,12,20,21,23,23],"damage_taken":[{"damage":0,"enemies":"2 Louse","floor":1,"turns":1},{"damage":0,"enemies":"Jaw Worm","floor":2,"turns":1},{"damage":0,"enemies":"Cultist","floor":3,"turns":1},{"damage":3,"enemies":"Red Slaver","floor":4,"turns":4},{"damage":4,"enemies":"Looter","floor":7,"turns":3},{"damage":12,"enemies":"Lots of Slimes","floor":10,"turns":3},{"damage":7,"enemies":"Large Slime","floor":11,"turns":4},{"damage":0,"enemies":"Gremlin Gang","floor":12,"turns":3},{"damage":9,"enemies":"Exordium Wildlife","floor":14,"turns":5},{"damage":2,"enemies":"The Guardian","floor":16,"turns":12},{"damage":7,"enemies":"Chosen","floor":18,"turns":4},{"damage":13,"enemies":"Spheric Guardian","floor":20,"turns":5},{"damage":33,"enemies":"Shelled Parasite and Fungi","floor":21,"turns":6},{"damage":11,"enemies":"Centurion and Healer","floor":23,"turns":2}],"seed_played":"8095731065395277164","potions_obtained":[{"floor":2,"key":"ColorlessPotion"},{"floor":3,"key":"Fire Potion"},{"floor":4,"key":"Weak Potion"},{"floor":10,"key":"Strength Potion"},{"floor":16,"key":"Weak Potion"},{"floor":18,"key":"Regen Potion"},{"floor":21,"key":"AttackPotion"}],"is_trial":false,"path_per_floor":["M","M","M","M","$","R","M","R","T","M","M","M","R","M","R","B",null,"M","?","M","M","?","M"],"character_chosen":"DEFECT","items_purchased":[],"campfire_rested":0,"item_purchase_floors":[],"current_hp_per_floor":[75,75,75,72,72,72,68,68,68,56,49,49,49,40,40,38,75,68,68,60,27,11,0,0],"gold":387,"neow_bonus":"THREE_ENEMY_KILL","is_daily":false,"chose_seed":false,"campfire_upgraded":4,"win_rate":0.0,"timestamp":1613117827,"path_taken":["M","M","M","M","$","R","M","R","T","M","M","M","R","M","R","BOSS","M","?","M","M","?","M"],"items_purchased_type":[],"build_version":"2020-12-22","purchased_purges":1,"victory":false,"max_hp_per_floor":[75,75,75,75,75,75,75,75,75,75,75,75,75,75,75,75,75,75,75,75,75,75,75,75],"card_choices":[{"not_picked":["Barrage","Stack"],"picked":"Ball Lightning","floor":1},{"not_picked":["Compile Driver","Sunder"],"picked":"Go for the Eyes","floor":2},{"not_picked":["BootSequence","Rebound"],"picked":"Machine Learning","floor":3},{"not_picked":["Go for the Eyes","Blizzard"],"picked":"Loop","floor":4},{"not_picked":["Rebound","Barrage"],"picked":"Gash","floor":7},{"not_picked":["Beam Cell","Conserve Battery","Blizzard"],"picked":"Coolheaded","floor":10},{"not_picked":["All For One","Gash","Conserve Battery"],"picked":"Ball Lightning","floor":11},{"not_picked":["Recycle","Self Repair","Steam"],"picked":"Cold Snap","floor":12},{"not_picked":["Conserve Battery","Redo","Beam Cell"],"picked":"Cold Snap","floor":14},{"not_picked":["Biased Cognition","Meteor Strike","Fission"],"picked":"Electrodynamics","floor":16},{"not_picked":["Beam Cell","Redo","Fusion+1"],"picked":"Double Energy","floor":18},{"not_picked":["Compile Driver+1","Rebound","Beam Cell"],"picked":"Sweeping Beam","floor":20},{"not_picked":["Storm","Recycle","Compile Driver"],"picked":"Streamline+1","floor":21}],"player_experience":586741,"relics_obtained":[{"floor":9,"key":"Question Card"},{"floor":22,"key":"Necronomicon"}],"event_choices":[{"damage_healed":0,"gold_gain":0,"player_choice":"Read","damage_taken":0,"max_hp_gain":0,"max_hp_loss":0,"event_name":"The Library","floor":19,"gold_loss":0,"cards_obtained":["Stack"]},{"damage_healed":0,"gold_gain":0,"player_choice":"Obtained Book","damage_taken":16,"max_hp_gain":0,"max_hp_loss":0,"event_name":"Cursed Tome","floor":22,"gold_loss":0}],"is_beta":false,"boss_relics":[{"not_picked":["Coffee Dripper","Pandora\u0027s Box"],"picked":"Black Star"}],"items_purged_floors":[5],"is_endless":false,"potions_floor_spawned":[2,3,4,10,16,18,21],"killed_by":"Centurion and Healer","ascension_level":3}}