{"host":"5aybe1nma5c8fep7","time":1613121318,"event":{"mods":["BaseMod","Conspire","Downfall","Friendly Minions","Minty Spire (QoL Compilation)","Replay The Spire","SacredBarkPlus","StSLib"],"gold_per_floor":[99,113,131,170,183,283,306,321,351,364,464,482,482,497,510,610,610,510,579,629,248,298,310,310,327,360,360,360,360],"floor_reached":27,"language":"ENG","playtime":2011,"items_purged":["champ:Strike"],"score":262,"play_id":"6c7c4115-d069-4464-8419-83b1f18c4167","local_time":"20210212011518","is_ascension_mode":false,"campfire_choices":[{"data":"champ:Execute","floor":1,"key":"SMITH"},{"floor":13,"key":"REST"},{"data":"champ:UltimateStance","floor":18,"key":"SMITH"}],"circlet_count":0,"master_deck":["champ:Strike","champ:Strike","champ:Strike","champ:Defend","champ:Defend","champ:Defend","champ:Defend","champ:Execute+1","champ:Taunt","champ:FocusedBerserking","champ:BerserkersShout","champ:BringItOn","champ:CrownThrow","champ:Haymaker","champ:ShieldSlam","champ:FanOfKnives","champ:StanceDance","champ:FaceSlap","champ:SetATrap","champ:UltimateStance+1","champ:Shatter","champ:Devastate","RitualDagger+1","champ:FlashCut","champ:CalledShot","champ:GladiatorStyle"],"relics":["champ:ChampionCrown","Happy Flower","Toy Ornithopter","Replay:Baseball","Gremlin Horn","downfall:CloakOfManyFaces","CultistMask","FaceOfCleric","NlothsMask","GremlinMask","SsserpentHead","Black Star","downfall:HeartBlessingGreen","Ice Cream","Replay:Wax Seal","conspire:BottledYoYo"],"acts_visited":["Exordium","TheCity"],"potions_floor_usage":[9,9,9,16,16,16,26],"damage_taken":[{"damage":20,"enemies":"Jaw Worm","floor":2,"turns":3},{"damage":10,"enemies":"2 Louse","floor":3,"turns":2},{"damage":61,"enemies":"conspire:MimicChest","floor":4,"turns":6},{"damage":16,"enemies":"Small Slimes","floor":5,"turns":4},{"damage":98,"enemies":"downfall:LadyInBlue","floor":6,"turns":11},{"damage":20,"enemies":"Exordium Thugs","floor":8,"turns":5},{"damage":39,"enemies":"Lagavulin","floor":9,"turns":6},{"damage":16,"enemies":"Large Slime","floor":10,"turns":4},{"damage":45,"enemies":"downfall:FaceTrader","floor":11,"turns":7},{"damage":33,"enemies":"Lots of Slimes","floor":12,"turns":3},{"damage":0,"enemies":"3 Louse","floor":14,"turns":2},{"damage":14,"enemies":"Exordium Wildlife","floor":15,"turns":2},{"damage":53,"enemies":"IC_STATUS_ARCHETYPE","floor":16,"turns":6},{"damage":40,"enemies":"Spheric Guardian","floor":19,"turns":5},{"damage":40,"enemies":"downfall:FleeingMerchant","floor":21,"turns":4},{"damage":45,"enemies":"Snake Plant","floor":23,"turns":4},{"damage":43,"enemies":"Centurion and Healer","floor":25,"turns":7},{"damage":62,"enemies":"Replay:Snechameleon","floor":26,"turns":9},{"damage":29,"enemies":"3 Cultists","floor":27,"turns":2}],"seed_played":"9166398902534311078","potions_obtained":[{"floor":5,"key":"SpeedPotion"},{"floor":6,"key":"ColorlessPotion"},{"floor":6,"key":"Doom Potion"},{"floor":6,"key":"LifebloodPotion"},{"floor":6,"key":"Milkshake"},{"floor":11,"key":"DistilledChaos"},{"floor":12,"key":"ColorlessPotion"},{"floor":14,"key":"SkillPotion"},{"floor":22,"key":"CultistPotion"},{"floor":23,"key":"hexamod:SoulburnPotion"},{"floor":26,"key":"Guardian:BlockOnCardUsePotion"}],"is_trial":false,"path_per_floor":["R","M","M","?","M","?","T","M","E","M","?","M","R","M","M","B",null,"R","M","?","$","?","M","T","M","E","M"],"character_chosen":"THE_CHAMP","items_purchased":["Ice Cream"],"campfire_rested":1,"item_purchase_floors":[21],"current_hp_per_floor":[99,99,99,88,82,54,54,54,65,59,44,27,57,58,55,38,103,103,84,84,75,75,61,61,59,28,0,0,0],"gold":360,"neow_bonus":"TEN_PERCENT_HP_BONUS","is_daily":false,"chose_seed":false,"campfire_upgraded":2,"win_rate":0.0,"timestamp":1613121318,"path_taken":["R","M","M","?","M","?","T","M","E","?","?","M","R","M","M","BOSS","R","?","?","$","?","M","T","M","E","M"],"items_purchased_type":["Relic"],"build_version":"2020-12-22","purchased_purges":1,"victory":false,"max_hp_per_floor":[99,99,99,99,99,99,99,99,99,99,99,100,100,101,102,103,103,103,104,104,105,105,106,106,107,108,108,108,108],"card_choices":[{"not_picked":["champ:BladeFlurry","champ:Shatter"],"picked":"champ:FocusedBerserking","floor":2},{"not_picked":["champ:RisingSlash","champ:PerfectedStrike"],"picked":"champ:BerserkersShout","floor":3},{"not_picked":["champ:Parry","champ:PerfectedStrike"],"picked":"champ:BringItOn","floor":4},{"not_picked":["champ:PerfectedStrike","champ:BringItOn"],"picked":"champ:CrownThrow","floor":5},{"not_picked":["champ:TornadoPunch","champ:Improvising"],"picked":"champ:Haymaker","floor":6},{"not_picked":["champ:FaceSlap","champ:DefensiveShout"],"picked":"champ:ShieldSlam","floor":8},{"not_picked":["champ:Devastate","champ:TornadoPunch"],"picked":"champ:FanOfKnives","floor":9},{"not_picked":["champ:GutPunch","champ:TornadoPunch","champ:FlashCut"],"picked":"SKIP","floor":10},{"not_picked":["champ:RecklessLeap","champ:AdrenalArmor"],"picked":"champ:StanceDance","floor":11},{"not_picked":["champ:Haymaker","champ:Endure"],"picked":"champ:FaceSlap","floor":12},{"not_picked":["champ:FancyFootwork","champ:Duel"],"picked":"champ:SetATrap","floor":14},{"not_picked":["champ:Endure","champ:FanOfKnives","champ:ShieldSlam"],"picked":"SKIP","floor":15},{"not_picked":["champ:CheapShot","champ:VampiricStrike"],"picked":"champ:UltimateStance","floor":16},{"not_picked":["champ:EnragedBash","champ:Haymaker"],"picked":"champ:Shatter","floor":19},{"not_picked":["champ:Shatter","champ:EnragedBash+1"],"picked":"champ:Devastate","floor":21},{"not_picked":["champ:TornadoPunch","champ:EnGarde"],"picked":"champ:FlashCut","floor":23},{"not_picked":["champ:PerfectedStrike","champ:Endure"],"picked":"champ:CalledShot","floor":25},{"not_picked":["champ:Haymaker","champ:CrownThrow"],"picked":"champ:GladiatorStyle","floor":26}],"player_experience":450354,"relics_obtained":[{"floor":4,"key":"Happy Flower"},{"floor":6,"key":"Toy Ornithopter"},{"floor":7,"key":"Replay:Baseball"},{"floor":9,"key":"Gremlin Horn"},{"floor":11,"key":"downfall:CloakOfManyFaces"},{"floor":26,"key":"Replay:Wax Seal"},{"floor":26,"key":"conspire:BottledYoYo"}],"event_choices":[],"is_beta":false,"boss_relics":[{"not_picked":["Snecko Heart","Replay:Drink Me"],"picked":"Black Star"}],"items_purged_floors":[21],"is_endless":false,"potions_floor_spawned":[5,6,8,11,12,14,23,26],"killed_by":"3 Cultists","ascension_level":0}}