{"host":"bakf0s4odzu8z5xt","time":1613158679,"event":{"mods":["2.2 Compatiblity","BaseMod","Downfall","Friendly Minions","Minty Spire (QoL Compilation)","StSLib"],"gold_per_floor":[199,209,228,85,97,127,127,12,23,43,70,70,70,220,236,338,338,138,150,162,162,177,197,223,123,136,165,179,39,39,73,86,86,86,86],"floor_reached":33,"language":"ENG","playtime":2372,"items_purged":["hexamod:Strike","hexamod:Strike","downfall:Icky"],"score":384,"play_id":"e41c58d9-75da-45fe-99e7-3339e24e4bd8","local_time":"20210212133759","is_ascension_mode":true,"campfire_choices":[{"floor":1,"key":"RECALL"},{"data":"hexamod:Sear","floor":13,"key":"SMITH"},{"data":"hexamod:Incineration","floor":18,"key":"SMITH"},{"data":"hexamod:ShieldOfDarkness","floor":25,"key":"SMITH"}],"circlet_count":0,"master_deck":["hexamod:Strike","hexamod:Strike","hexamod:Defend","hexamod:Defend","hexamod:Defend","hexamod:Defend","hexamod:Sear+1","hexamod:Float","hexamod:Rewind+1","hexamod:SpectersWail","hexamod:GhostLash","hexamod:Hexaguard","hexamod:BacktrackSmack","hexamod:Incineration+1","hexamod:FastForward","hexamod:SoulSteal","hexamod:ShieldOfDarkness+1","hexamod:TimeWarp","hexamod:GhostflameBarrier","hexamod:RetreatToShadows+1","hexamod:EmpoweredFlame","hexamod:FastForward","hexamod:PhantomFireball+1"],"relics":["hexamod:SpiritBrand","Mango","Sundial","Bag of Marbles","sneckomod:SneckoTalon","downfall:HeartBlessingRed","downfall:HeartBlessingGreen","downfall:HeartBlessingBlue","CaptainsWheel","Mercury Hourglass"],"acts_visited":["Exordium","TheCity"],"potions_floor_usage":[6,22,23,23,28,31,33],"damage_taken":[{"damage":4,"enemies":"2 Louse","floor":2,"turns":3},{"damage":0,"enemies":"Small Slimes","floor":3,"turns":3},{"damage":0,"enemies":"downfall:FleeingMerchant","floor":4,"turns":4},{"damage":2,"enemies":"Jaw Worm","floor":5,"turns":2},{"damage":17,"enemies":"Gremlin Nob","floor":6,"turns":4},{"damage":0,"enemies":"downfall:FleeingMerchant","floor":8,"turns":4},{"damage":4,"enemies":"Exordium Thugs","floor":9,"turns":4},{"damage":0,"enemies":"Lots of Slimes","floor":10,"turns":3},{"damage":8,"enemies":"3 Sentries","floor":11,"turns":6},{"damage":0,"enemies":"Gremlin Gang","floor":15,"turns":2},{"damage":1,"enemies":"SI_SHIV_ARCHETYPE","floor":16,"turns":6},{"damage":4,"enemies":"Spheric Guardian","floor":19,"turns":4},{"damage":1,"enemies":"Sentry and Sphere","floor":20,"turns":3},{"damage":5,"enemies":"Centurion and Healer","floor":22,"turns":6},{"damage":5,"enemies":"Shelled Parasite and Fungi","floor":23,"turns":4},{"damage":11,"enemies":"Snecko","floor":26,"turns":5},{"damage":0,"enemies":"Gremlin Leader","floor":27,"turns":5},{"damage":13,"enemies":"Snake Plant","floor":28,"turns":3},{"damage":5,"enemies":"downfall:FleeingMerchant","floor":29,"turns":4},{"damage":6,"enemies":"Slavers","floor":31,"turns":4},{"damage":12,"enemies":"Centurion and Healer","floor":32,"turns":3},{"damage":20,"enemies":"DF_ARCHETYPE_CLAW","floor":33,"turns":5}],"seed_played":"-7900329975700803482","potions_obtained":[{"floor":2,"key":"ColorlessPotion"},{"floor":11,"key":"hexamod:DoubleChargePotion"},{"floor":15,"key":"Block Potion"},{"floor":16,"key":"ColorlessPotion"},{"floor":20,"key":"Weak Potion"},{"floor":27,"key":"SpeedPotion"},{"floor":28,"key":"champ:CounterPotion"},{"floor":31,"key":"Explosive Potion"},{"floor":32,"key":"Strength Potion"}],"is_trial":false,"path_per_floor":["R","M","M","$","M","E","T","$","M","M","E","?","R","?","M","B",null,"R","M","M","?","M","M","T","R","M","E","M","$","?","E","M","B"],"character_chosen":"THE_SPIRIT","items_purchased":["hexamod:Hexaguard"],"campfire_rested":0,"item_purchase_floors":[4],"current_hp_per_floor":[70,66,66,66,64,61,61,61,57,57,49,49,49,49,49,48,84,84,80,79,79,74,69,69,79,68,68,55,50,31,25,13,0,0,0],"gold":86,"neow_bonus":"HUNDRED_GOLD","is_daily":false,"chose_seed":false,"campfire_upgraded":3,"win_rate":0.0,"timestamp":1613158679,"path_taken":["R","M","M","$","M","E","T","$","M","M","E","?","R","?","M","BOSS","R","M","M","?","M","M","T","R","M","E","M","$","?","E","M","BOSS"],"items_purchased_type":["Card"],"build_version":"2020-12-22","purchased_purges":3,"victory":false,"max_hp_per_floor":[70,70,70,70,70,84,84,84,84,84,84,84,84,84,84,84,84,84,84,84,84,84,84,84,94,94,94,94,94,99,99,99,99,99,99],"card_choices":[{"not_picked":["hexamod:GhostOfSpireFuture","hexamod:BacktrackSmack"],"picked":"hexamod:Rewind","floor":2},{"not_picked":["hexamod:GhostflameBarrier","hexamod:ShieldOfDarkness"],"picked":"hexamod:SpectersWail","floor":3},{"not_picked":["hexamod:InspiringFlames","hexamod:RetreatToShadows"],"picked":"hexamod:GhostLash","floor":4},{"not_picked":["hexamod:FastForward","hexamod:InspiringFlames"],"picked":"hexamod:BacktrackSmack","floor":5},{"not_picked":["hexamod:SuperheatedStrike","hexamod:FlamesFromBeyond","hexamod:SkipABeat"],"picked":"SKIP","floor":6},{"not_picked":["hexamod:ShieldOfDarkness","hexamod:RecurringNightmare","hexamod:GhostOfSpirePresent"],"picked":"SKIP","floor":8},{"not_picked":["hexamod:SpectersWail","hexamod:PhantomFireball"],"picked":"hexamod:Incineration","floor":9},{"not_picked":["hexamod:Again","hexamod:SpectralAdrenaline"],"picked":"hexamod:FastForward","floor":10},{"not_picked":["hexamod:ShieldOfDarkness","hexamod:RecurringNightmare"],"picked":"hexamod:SoulSteal","floor":11},{"not_picked":["hexamod:FlamesFromBeyond","hexamod:SpectralAdrenaline"],"picked":"hexamod:ShieldOfDarkness","floor":15},{"not_picked":["hexamod:GhostOfSpirePresent","hexamod:WildfireWeapon"],"picked":"hexamod:TimeWarp","floor":16},{"not_picked":["hexamod:InspiringFlames","hexamod:DynamicBlow+1"],"picked":"hexamod:GhostflameBarrier","floor":19},{"not_picked":["hexamod:GhostOfSpireFuture","hexamod:SuperheatedStrike"],"picked":"hexamod:RetreatToShadows+1","floor":20},{"not_picked":["hexamod:ThermalTransfer","hexamod:HauntingEcho+1","hexamod:GhostflameBarrier"],"picked":"SKIP","floor":22},{"not_picked":["hexamod:FlamesFromBeyond","hexamod:Firestarter","hexamod:GhostShield+1"],"picked":"SKIP","floor":23},{"not_picked":["hexamod:GhostShield+1","hexamod:Incineration+1","hexamod:ThermalTransfer"],"picked":"SKIP","floor":26},{"not_picked":["hexamod:AdvancingGuard","hexamod:ShieldOfDarkness"],"picked":"hexamod:FastForward","floor":27},{"not_picked":["hexamod:RainOfEmbers","hexamod:Toasty"],"picked":"hexamod:PhantomFireball+1","floor":28},{"not_picked":["hexamod:Incineration","hexamod:SpectersWail","hexamod:AdvancingGuard"],"picked":"SKIP","floor":29},{"not_picked":["hexamod:FlamesFromBeyond","hexamod:CatchUp","hexamod:AdvancingGuard"],"picked":"SKIP","floor":31},{"not_picked":["hexamod:SecondSeal","hexamod:BurningTouch","hexamod:ThirdSeal"],"picked":"SKIP","floor":32}],"player_experience":2156841,"relics_obtained":[{"floor":6,"key":"Mango"},{"floor":7,"key":"Sundial"},{"floor":11,"key":"Bag of Marbles"},{"floor":27,"key":"CaptainsWheel"},{"floor":31,"key":"Mercury Hourglass"}],"event_choices":[{"damage_healed":0,"gold_gain":0,"player_choice":"Grow","damage_taken":0,"max_hp_gain":0,"max_hp_loss":0,"event_name":"Living Wall","floor":12,"gold_loss":0,"cards_upgraded":["hexamod:Rewind"]},{"damage_healed":0,"gold_gain":0,"player_choice":"Read","damage_taken":0,"max_hp_gain":0,"max_hp_loss":0,"event_name":"The Library","floor":21,"gold_loss":0,"cards_obtained":["hexamod:EmpoweredFlame"]}],"is_beta":false,"boss_relics":[{"not_picked":["Runic Dome","hexamod:IceCube"],"picked":"sneckomod:SneckoTalon"}],"items_purged_floors":[4,8,29],"is_endless":false,"potions_floor_spawned":[2,11,15,16,20,27,28,31,32],"killed_by":"DF_ARCHETYPE_CLAW","ascension_level":2}}