{"host":"takgv9cv6xf64vhq","time":1613156209,"event":{"mods":["BaseMod","Colored Powertips","Conspire","Decade(王小明)","Downfall","Energized Spire","Hermit","Hubris","LagranYue(拉格朗・月)","Marisa（F雨　魔理沙）","Minty Spire (QoL Compilation)","Replay The Spire","StSLib","The Cursed","The Hierophant","The Jungle","The Servant 0.9.4","TheHeartMod"],"gold_per_floor":[117,128,128,145,2,2,12,12,12,37,37,37,37,72,72,176,176,192,17,28,28,178,212,212,241,241,257,257,257],"floor_reached":28,"language":"ZHS","playtime":1352,"items_purged":["Strike_B"],"score":370,"play_id":"e65b6943-9177-49a5-9dc6-23907f4425e5","local_time":"20210213025649","is_ascension_mode":true,"campfire_choices":[{"data":"conspire:Rain","floor":6.0,"key":"SMITH"},{"data":"Gash","floor":8.0,"key":"SMITH"},{"data":"Turbo","floor":12.0,"key":"SMITH"},{"floor":15.0,"key":"REST"},{"data":"Beam Cell","floor":24.0,"key":"SMITH"}],"circlet_count":0,"master_deck":["Strike_B","Strike_B","Strike_B","Defend_B+1","Defend_B+1","Defend_B+1","Defend_B+1","Zap","Dualcast","Sweeping Beam","conspire:Rain+1","Turbo+1","Gash+1","Panic Button","Echo Form","Gash","Beam Cell+1","Echo Form","Cold Snap+1","Skim","Panic Button","Consume"],"relics":["ReplayTheSpireMod:DimensionalGlitch","Replay:Bottled Eggs","Membership Card","Vajra","MealTicket","hubris:Towel","Iron Hammer","Lantern","conspire:RunicOctahedron","TheAbacus","theJungle:WildStrawberry","conspire:BottledYoYo","ReplayFunnel","Replay:Bottled Snecko"],"acts_visited":["Exordium","Exordium"],"potions_floor_usage":[],"damage_taken":[{"damage":1.0,"enemies":"Cultist","floor":1.0,"turns":4.0},{"damage":0.0,"enemies":"Small Slimes","floor":2.0,"turns":3.0},{"damage":4.0,"enemies":"Jaw Worm","floor":4.0,"turns":5.0},{"damage":8.0,"enemies":"Blue Slaver","floor":7.0,"turns":4.0},{"damage":6.0,"enemies":"3 Sentries","floor":10.0,"turns":7.0},{"damage":10.0,"enemies":"Gremlin Nob","floor":14.0,"turns":4.0},{"damage":26.0,"enemies":"Slime Boss","floor":16.0,"turns":9.0},{"damage":0.0,"enemies":"theJungle:Flameango_and_Byrd","floor":18.0,"turns":5.0},{"damage":2.0,"enemies":"theJungle:MUSHROOMGANG","floor":20.0,"turns":4.0},{"damage":37.0,"enemies":"theJungle:MamaSnecko","floor":23.0,"turns":8.0},{"damage":9.0,"enemies":"theJungle:Cassacara","floor":25.0,"turns":4.0},{"damage":0,"enemies":"theJungle:2_Snecko_Cultists","floor":27,"turns":3},{"damage":12,"enemies":"theJungle:Snecko_Cultist_And_Trap","floor":28,"turns":2}],"seed_played":"-4242576449279070848","potions_obtained":[{"floor":2.0,"key":"Energy Potion"},{"floor":4.0,"key":"Fire Potion"},{"floor":10.0,"key":"PowerPotion"},{"floor":23.0,"key":"Fire Potion"},{"floor":27,"key":"Death Potion"}],"is_trial":false,"path_per_floor":["M","M","?","M","$","R","M","R","T","E","?","R","T","E","R","B",null,"M","$","M","?","?","E","R","E","T","M","M"],"character_chosen":"DEFECT","items_purchased":["Membership Card","Beam Cell","Echo Form","TheAbacus"],"campfire_rested":1,"item_purchase_floors":[5,19,19,19],"current_hp_per_floor":[67,67,42,38,38,38,30,30,30,24,24,24,24,14,36,10,59,59,74,72,58,58,21,21,12,12,12,0,0],"gold":257,"neow_bonus":"BOSS_RELIC","is_daily":false,"chose_seed":false,"campfire_upgraded":4,"win_rate":0.0,"timestamp":1613156209,"path_taken":["M","?","?","M","$","R","M","R","T","E","?","R","?","E","R","BOSS","M","$","M","?","?","E","R","E","T","?","M"],"items_purchased_type":["Relic","Card","Card","Relic"],"build_version":"2020-12-22","purchased_purges":1,"victory":false,"max_hp_per_floor":[75,75,75,75,75,75,75,75,75,75,75,75,75,75,75,75,75,75,75,75,82,82,82,82,82,82,82,82,82],"card_choices":[{"not_picked":["Redo","Barrage"],"picked":"Sweeping Beam","floor":1.0},{"not_picked":["BootSequence","Loop"],"picked":"conspire:Rain","floor":2.0},{"not_picked":["Rebound","BasicCrystalCard"],"picked":"Turbo","floor":4.0},{"not_picked":["Barrage","Turbo"],"picked":"Gash","floor":7.0},{"not_picked":["Doom and Gloom","Darkness"],"picked":"Panic Button","floor":10.0},{"not_picked":["Storm","Tempest","Leap"],"picked":"SKIP","floor":14.0},{"not_picked":["Creative AI","Amplify"],"picked":"Echo Form","floor":16.0},{"not_picked":["Sweeping Beam","Go for the Eyes"],"picked":"Gash","floor":18.0},{"not_picked":["Streamline","Redo"],"picked":"Cold Snap+1","floor":20.0},{"not_picked":["Genetic Algorithm","Streamline"],"picked":"Skim","floor":23.0},{"not_picked":["Redo","Rainbow"],"picked":"Panic Button","floor":25.0},{"not_picked":["Stack","BasicCrystalCard"],"picked":"Consume","floor":27}],"player_experience":505739,"relics_obtained":[{"floor":9.0,"key":"Vajra"},{"floor":10.0,"key":"MealTicket"},{"floor":13.0,"key":"Iron Hammer"},{"floor":14.0,"key":"Lantern"},{"floor":23.0,"key":"conspire:BottledYoYo"},{"floor":25.0,"key":"ReplayFunnel"},{"floor":26,"key":"Replay:Bottled Snecko"}],"event_choices":[{"damage_healed":0.0,"max_hp_gain":0.0,"max_hp_loss":0.0,"gold_gain":0.0,"event_name":"Scrap Ooze","player_choice":"Success","floor":3.0,"gold_loss":0.0,"damage_taken":25.0,"relics_obtained":["Replay:Bottled Eggs"]}],"is_beta":false,"boss_relics":[{"not_picked":["LagranYue:ContractPerformanceRelic","Black Star"],"picked":"conspire:RunicOctahedron"}],"items_purged_floors":[19],"is_endless":false,"potions_floor_spawned":[2,4,10,23,27],"killed_by":"theJungle:Snecko_Cultist_And_Trap","ascension_level":8}}