{"host":"Qube","time":1613106872,"event":{"mods":["AchievementEnabler","BaseMod","Colored Map","Colored Powertips","Highlight Path","Minty Spire (QoL Compilation)","Permanent Neow","Quick Restart","Random Character Button","StSLib"],"gold_per_floor":[16,33,52,69,119,119,145,145,194,206,238,277,302,349,361,373,373],"floor_reached":16,"language":"ENG","playtime":864,"items_purged":[],"score":344,"play_id":"14af6cb5-398e-4ae4-8b1f-ef701c6e21e4","local_time":"20210211211432","is_ascension_mode":true,"campfire_choices":[{"data":"Neutralize","floor":6.0,"key":"SMITH"},{"data":"Footwork","floor":8.0,"key":"SMITH"},{"data":"Choke","floor":10.0,"key":"SMITH"},{"data":"Night Terror","floor":15.0,"key":"SMITH"}],"circlet_count":0,"master_deck":["AscendersBane","Strike_G","Strike_G","Strike_G","Strike_G","Strike_G","Defend_G","Defend_G","Defend_G","Defend_G","Defend_G","Survivor","Neutralize+1","Footwork+1","Choke+1","Deflect","Backstab","Leg Sweep","After Image","Eviscerate","Acrobatics","Night Terror+1"],"relics":["Ring of the Snake","Ice Cream","Gremlin Horn","MawBank","Lantern","Question Card"],"acts_visited":["Exordium"],"potions_floor_usage":[],"damage_taken":[{"damage":1.0,"enemies":"2 Louse","floor":1.0,"turns":3.0},{"damage":1.0,"enemies":"Cultist","floor":2.0,"turns":5.0},{"damage":2.0,"enemies":"Small Slimes","floor":3.0,"turns":5.0},{"damage":0.0,"enemies":"Exordium Wildlife","floor":4.0,"turns":4.0},{"damage":12.0,"enemies":"Gremlin Nob","floor":7.0,"turns":4.0},{"damage":0.0,"enemies":"3 Louse","floor":11.0,"turns":5.0},{"damage":0.0,"enemies":"Lagavulin","floor":12.0,"turns":6.0},{"damage":0.0,"enemies":"Gremlin Gang","floor":13.0,"turns":5.0},{"damage":0.0,"enemies":"3 Sentries","floor":14.0,"turns":9.0},{"damage":28,"enemies":"Slime Boss","floor":16,"turns":6}],"seed_played":"1842181184444051457","potions_obtained":[{"floor":1.0,"key":"SpeedPotion"},{"floor":3.0,"key":"DistilledChaos"},{"floor":11.0,"key":"CunningPotion"},{"floor":13.0,"key":"LiquidMemories"}],"is_trial":false,"path_per_floor":["M","M","M","M","?","R","E","R","T","R","M","E","M","E","R","B"],"character_chosen":"THE_SILENT","items_purchased":[],"campfire_rested":0,"item_purchase_floors":[],"current_hp_per_floor":[58,57,55,55,55,55,43,43,43,43,43,43,43,43,43,15,15],"gold":373,"neow_bonus":"ONE_RARE_RELIC","is_daily":false,"chose_seed":false,"campfire_upgraded":4,"win_rate":0.0,"timestamp":1613106872,"path_taken":["M","M","M","M","?","R","E","R","T","R","M","E","M","E","R","BOSS"],"items_purchased_type":[],"build_version":"2020-12-18","purchased_purges":0,"victory":false,"max_hp_per_floor":[66,66,66,66,66,66,66,66,66,66,66,66,66,66,66,66,66],"card_choices":[{"not_picked":["Blur","Prepared"],"picked":"Footwork","floor":1.0},{"not_picked":["Dodge and Roll","Quick Slash"],"picked":"Choke","floor":2.0},{"not_picked":["Setup","Flying Knee"],"picked":"Deflect","floor":3.0},{"not_picked":["Quick Slash","Outmaneuver"],"picked":"Backstab","floor":4.0},{"not_picked":["Sucker Punch","Bane"],"picked":"Leg Sweep","floor":7.0},{"not_picked":["Slice","Dodge and Roll"],"picked":"After Image","floor":11.0},{"not_picked":["Flying Knee","Quick Slash"],"picked":"Eviscerate","floor":12.0},{"not_picked":["Catalyst","Accuracy"],"picked":"Acrobatics","floor":13.0},{"not_picked":["Concentrate","Footwork"],"picked":"Night Terror","floor":14.0}],"player_experience":1151200,"relics_obtained":[{"floor":7.0,"key":"Gremlin Horn"},{"floor":9.0,"key":"MawBank"},{"floor":12.0,"key":"Lantern"},{"floor":14.0,"key":"Question Card"}],"event_choices":[{"damage_healed":0.0,"max_hp_gain":0.0,"max_hp_loss":0.0,"gold_gain":50.0,"event_name":"Golden Shrine","player_choice":"Pray","floor":5.0,"gold_loss":0.0,"damage_taken":0.0}],"is_beta":true,"boss_relics":[],"items_purged_floors":[],"is_endless":false,"potions_floor_spawned":[1,3,11,13],"killed_by":"Slime Boss","ascension_level":20}}