{"host":"lv3zv4svf9qrs9uo","time":1613106107,"event":{"mods":["AchievementEnabler","BaseMod","Minty Spire (QoL Compilation)","Relic Stats"],"gold_per_floor":[109,123,133,133,208,234,24,54,54,65,82,42,142,152,152,255,255,195,207,227,239,249,249,279,279,279,279,304,382,413,433,433,433,433],"floor_reached":33,"language":"ENG","playtime":4653,"items_purged":["Strike_G"],"score":503,"play_id":"fea044ed-c994-43aa-abb6-c44739e4585c","local_time":"20210211210147","is_ascension_mode":true,"campfire_choices":[{"floor":15.0,"key":"REST"},{"floor":23.0,"key":"REST"},{"floor":25.0,"key":"REST"},{"data":"Blade Dance","floor":27.0,"key":"SMITH"},{"floor":32,"key":"REST"}],"circlet_count":0,"master_deck":["Strike_G","Strike_G","Strike_G","Defend_G","Defend_G","Defend_G","Defend_G","Survivor","Neutralize","Slice","Reflex","Blade Dance+1","Accuracy","Choke","Cloak And Dagger","Footwork","Leg Sweep","Noxious Fumes","Well Laid Plans","Bane","Malaise","Blade Dance+1","Blur","Dagger Throw+1","Concentrate+1","Tools of the Trade","Acrobatics","Calculated Gamble+1"],"relics":["Ring of the Snake","PreservedInsect","Lizard Tail","Singing Bowl","Sozu","HornCleat","Molten Egg 2","Red Mask","Blue Candle","Akabeko"],"acts_visited":["Exordium","TheCity"],"potions_floor_usage":[],"damage_taken":[{"damage":0.0,"enemies":"Small Slimes","floor":1.0,"turns":3.0},{"damage":4.0,"enemies":"Cultist","floor":2.0,"turns":4.0},{"damage":1.0,"enemies":"Jaw Worm","floor":3.0,"turns":3.0},{"damage":29.0,"enemies":"3 Sentries","floor":6.0,"turns":9.0},{"damage":3.0,"enemies":"Gremlin Nob","floor":8.0,"turns":4.0},{"damage":2.0,"enemies":"3 Louse","floor":10.0,"turns":4.0},{"damage":0.0,"enemies":"Gremlin Gang","floor":11.0,"turns":3.0},{"damage":1.0,"enemies":"Blue Slaver","floor":14.0,"turns":4.0},{"damage":0.0,"enemies":"The Guardian","floor":16.0,"turns":12.0},{"damage":8.0,"enemies":"2 Thieves","floor":18.0,"turns":4.0},{"damage":0.0,"enemies":"Chosen","floor":19.0,"turns":5.0},{"damage":8.0,"enemies":"Snecko","floor":20.0,"turns":6.0},{"damage":32.0,"enemies":"Centurion and Healer","floor":21.0,"turns":6.0},{"damage":0.0,"enemies":"Chosen and Byrds","floor":22.0,"turns":6.0},{"damage":32.0,"enemies":"Slavers","floor":24.0,"turns":8.0},{"damage":44.0,"enemies":"Masked Bandits","floor":28.0,"turns":7.0},{"damage":11.0,"enemies":"Book of Stabbing","floor":30.0,"turns":4.0},{"damage":4.0,"enemies":"Snecko","floor":31.0,"turns":4.0},{"damage":29,"enemies":"Automaton","floor":33,"turns":6}],"seed_played":"7584195039398536889","potions_obtained":[{"floor":2.0,"key":"Block Potion"},{"floor":6.0,"key":"BlessingOfTheForge"},{"floor":11.0,"key":"EssenceOfSteel"},{"floor":14.0,"key":"Block Potion"}],"is_trial":false,"path_per_floor":["M","M","M","?","?","E","$","E","T","M","M","$","?","M","R","B",null,"M","M","M","M","M","R","E","R","T","R","?","T","E","M","R","B"],"character_chosen":"THE_SILENT","items_purchased":["Cloak And Dagger","Footwork","Well Laid Plans"],"campfire_rested":4,"item_purchase_floors":[7,7,12],"current_hp_per_floor":[63,59,58,63,52,23,23,20,20,20,20,20,20,19,40,40,63,55,55,47,17,17,38,6,27,27,27,19,19,10,6,28,0,0],"gold":433,"neow_bonus":"TRANSFORM_TWO_CARDS","is_daily":false,"chose_seed":false,"campfire_upgraded":1,"win_rate":0.0,"timestamp":1613106107,"path_taken":["M","M","M","?","?","E","$","E","T","M","M","$","?","M","R","BOSS","M","M","M","M","?","R","E","R","T","R","?","?","E","M","R","BOSS"],"items_purchased_type":["Card","Card","Card"],"build_version":"2020-12-22","purchased_purges":1,"victory":false,"max_hp_per_floor":[63,63,63,68,68,68,68,68,68,70,70,70,70,70,70,70,70,70,70,70,72,72,72,72,72,72,72,72,72,74,74,74,74,74],"relic_stats":{"Sozu":4,"Lizard Tail":36,"Singing Bowl":6,"counters":[19,102],"Blue Candle":[0],"PreservedInsect":106,"obtain_stats":[{"Sozu":17,"Lizard Tail":8,"HornCleat":24,"Singing Bowl":9,"Blue Candle":29,"Molten Egg 2":26,"PreservedInsect":6,"Red Mask":28,"Akabeko":30,"Ring of the Snake":0},{"Sozu":9,"Lizard Tail":5,"HornCleat":15,"Singing Bowl":5,"Blue Candle":16,"Molten Egg 2":15,"PreservedInsect":4,"Red Mask":16,"Akabeko":17,"Ring of the Snake":0},{"Sozu":46,"Lizard Tail":23,"HornCleat":81,"Singing Bowl":23,"Blue Candle":88,"Molten Egg 2":81,"PreservedInsect":19,"Red Mask":88,"Akabeko":92,"Ring of the Snake":0}],"Ring of the Snake":[38]},"card_choices":[{"not_picked":["Dodge and Roll","Deflect","Reflex"],"picked":"SKIP","floor":1.0},{"not_picked":["Dodge and Roll","Deflect","Reflex"],"picked":"SKIP","floor":1.0},{"not_picked":["Catalyst","Dash"],"picked":"Blade Dance","floor":2.0},{"not_picked":["Blur","Backflip"],"picked":"Accuracy","floor":3.0},{"not_picked":["Dash","Catalyst"],"picked":"Choke","floor":6.0},{"not_picked":["Tactician","Expertise"],"picked":"Leg Sweep","floor":8.0},{"not_picked":["Underhanded Strike","Slice","Setup"],"picked":"Singing Bowl","floor":10.0},{"not_picked":["Catalyst","Bane"],"picked":"Noxious Fumes","floor":11.0},{"not_picked":["Poisoned Stab","Skewer"],"picked":"Bane","floor":14.0},{"not_picked":["Bullet Time","Corpse Explosion"],"picked":"Malaise","floor":16.0},{"not_picked":["Underhanded Strike","Poisoned Stab"],"picked":"Blade Dance+1","floor":18.0},{"not_picked":["Reflex","Footwork"],"picked":"Blur","floor":19.0},{"not_picked":["Dagger Spray","Predator"],"picked":"Dagger Throw+1","floor":20.0},{"not_picked":["Predator","All Out Attack","Bane"],"picked":"Singing Bowl","floor":21.0},{"not_picked":["Quick Slash","Blur"],"picked":"Concentrate+1","floor":22.0},{"not_picked":["Storm of Steel","Masterful Stab"],"picked":"Tools of the Trade","floor":24.0},{"not_picked":["Deflect","Dodge and Roll"],"picked":"Acrobatics","floor":28.0},{"not_picked":["Venomology","Slice+1","Night Terror"],"picked":"Singing Bowl","floor":30.0},{"not_picked":["Dodge and Roll","Blade Dance"],"picked":"Calculated Gamble+1","floor":31.0}],"player_experience":571848,"relics_obtained":[{"floor":6.0,"key":"PreservedInsect"},{"floor":8.0,"key":"Lizard Tail"},{"floor":9.0,"key":"Singing Bowl"},{"floor":24.0,"key":"HornCleat"},{"floor":26.0,"key":"Molten Egg 2"},{"floor":28.0,"key":"Red Mask"},{"floor":29.0,"key":"Blue Candle"},{"floor":30.0,"key":"Akabeko"}],"event_choices":[{"damage_healed":0.0,"max_hp_gain":5.0,"max_hp_loss":0.0,"gold_gain":0.0,"event_name":"Big Fish","player_choice":"Donut","floor":4.0,"gold_loss":0.0,"damage_taken":0.0},{"damage_healed":0.0,"max_hp_gain":0.0,"max_hp_loss":0.0,"gold_gain":75.0,"event_name":"World of Goop","player_choice":"Gather Gold","floor":5.0,"gold_loss":0.0,"damage_taken":11.0},{"damage_healed":0.0,"max_hp_gain":0.0,"max_hp_loss":0.0,"gold_gain":100.0,"event_name":"Wheel of Change","player_choice":"Gold","floor":13.0,"gold_loss":0.0,"damage_taken":0.0},{"damage_healed":0.0,"max_hp_gain":0.0,"max_hp_loss":0.0,"gold_gain":0.0,"event_name":"Masked Bandits","player_choice":"Fought Bandits","floor":28.0,"gold_loss":0.0,"damage_taken":0.0}],"is_beta":false,"boss_relics":[{"not_picked":["Fusion Hammer","Philosopher\u0027s Stone"],"picked":"Sozu"}],"items_purged_floors":[7],"is_endless":false,"potions_floor_spawned":[2,6,11,14,19,21,22,24],"killed_by":"Automaton","ascension_level":9}}