{"host":"c6u7e77myxvw4d0m","time":1613116637,"event":{"mods":["AchievementEnabler","BaseMod","Bestiary","Colored Map","Colored Powertips","Minty Spire (QoL Compilation)","Rare Cards Sparkle","Relic Stats","everything is the same but u backflip on backflip"],"gold_per_floor":[113,113,113,123,142,142,160,180,207,232,242,242,262,12,12,83,83,83,83,83,46,46,46,46,46,46,46,46,46,46,46,46,46,46],"floor_reached":33,"language":"ENG","playtime":2341,"items_purged":["Strike_G"],"score":514,"play_id":"e4b970fb-0304-4d54-bb07-4d6a235ecc1f","local_time":"20210212095717","is_ascension_mode":true,"campfire_choices":[{"data":"Quick Slash","floor":6.0,"key":"SMITH"},{"floor":12.0,"key":"REST"},{"data":"Well Laid Plans","floor":15.0,"key":"SMITH"},{"floor":23,"key":"REST"},{"floor":27,"key":"REST"},{"floor":32,"key":"REST"}],"circlet_count":0,"master_deck":["AscendersBane","Strike_G","Strike_G+1","Strike_G+1","Defend_G","Defend_G","Defend_G","Defend_G","Defend_G","Survivor","Neutralize","Quick Slash+1","Cloak And Dagger+1","Calculated Gamble","Leg Sweep","Blade Dance","Escape Plan","Blade Dance","Well Laid Plans+1","Predator","Dramatic Entrance","Phantasmal Killer","Accuracy","Well Laid Plans+1","Dagger Spray+1","Terror","Choke","Accuracy","Predator+1","Outmaneuver","Accuracy+1"],"relics":["Ring of the Snake","WingedGreaves","Whetstone","Regal Pillow","Ectoplasm","Singing Bowl"],"acts_visited":["Exordium","TheCity"],"potions_floor_usage":[16,24,25,29,31],"damage_taken":[{"damage":1.0,"enemies":"Cultist","floor":1.0,"turns":4.0},{"damage":2.0,"enemies":"Jaw Worm","floor":4.0,"turns":4.0},{"damage":0.0,"enemies":"2 Louse","floor":5.0,"turns":3.0},{"damage":7.0,"enemies":"Red Slaver","floor":7.0,"turns":5.0},{"damage":0.0,"enemies":"Looter","floor":8.0,"turns":4.0},{"damage":24.0,"enemies":"Gremlin Nob","floor":10.0,"turns":4.0},{"damage":1.0,"enemies":"Blue Slaver","floor":11.0,"turns":4.0},{"damage":0.0,"enemies":"Exordium Wildlife","floor":13.0,"turns":3.0},{"damage":17,"enemies":"Slime Boss","floor":16,"turns":6},{"damage":23,"enemies":"Shell Parasite","floor":18,"turns":6},{"damage":0,"enemies":"Spheric Guardian","floor":19,"turns":3},{"damage":18,"enemies":"Chosen and Byrds","floor":20,"turns":6},{"damage":16,"enemies":"Centurion and Healer","floor":24,"turns":5},{"damage":20,"enemies":"Snecko","floor":25,"turns":4},{"damage":17,"enemies":"Shelled Parasite and Fungi","floor":28,"turns":4},{"damage":0,"enemies":"Snake Plant","floor":29,"turns":2},{"damage":27,"enemies":"Snecko","floor":30,"turns":4},{"damage":0,"enemies":"3 Cultists","floor":31,"turns":4},{"damage":90,"enemies":"Automaton","floor":33,"turns":6}],"seed_played":"867077482017069424","potions_obtained":[{"floor":7.0,"key":"Regen Potion"},{"floor":8.0,"key":"Block Potion"},{"floor":10.0,"key":"LiquidBronze"},{"floor":13.0,"key":"SteroidPotion"},{"floor":16,"key":"SneckoOil"},{"floor":19,"key":"PowerPotion"},{"floor":28,"key":"Poison Potion"},{"floor":29,"key":"Strength Potion"},{"floor":31,"key":"LiquidBronze"}],"is_trial":false,"path_per_floor":["M","T","?","M","M","R","M","M","T","E","M","R","M","$","R","B",null,"M","M","M","$","?","R","M","M","T","R","M","M","M","M","R","B"],"character_chosen":"THE_SILENT","items_purchased":["Predator","Dramatic Entrance","Terror"],"campfire_rested":4,"item_purchase_floors":[14,14,21],"current_hp_per_floor":[43,43,36,34,34,34,27,27,27,15,14,48,48,48,48,31,57,34,34,16,16,16,50,34,14,14,48,31,31,4,6,41,0,0],"gold":46,"neow_bonus":"ONE_RARE_RELIC","is_daily":false,"chose_seed":false,"campfire_upgraded":2,"win_rate":0.0,"timestamp":1613116637,"path_taken":["M","?","?","M","M","R","M","M","T","E","M","R","M","$","R","BOSS","M","M","M","$","?","R","M","M","T","R","M","M","M","M","R","BOSS"],"items_purchased_type":["Card","Card","Card"],"build_version":"2020-12-22","purchased_purges":1,"victory":false,"max_hp_per_floor":[66,66,66,66,66,66,66,66,66,66,66,66,66,66,66,66,66,66,66,66,66,66,66,66,66,66,66,66,66,66,68,68,68,68],"relic_stats":{"Regal Pillow":60,"Singing Bowl":2,"counters":[19,81],"Ectoplasm":135,"Whetstone":["Strike_G","Strike_G"],"obtain_stats":[{"Regal Pillow":10,"Singing Bowl":26,"WingedGreaves":0,"Ectoplasm":17,"Whetstone":9,"Ring of the Snake":0},{"Regal Pillow":6,"Singing Bowl":14,"WingedGreaves":0,"Ectoplasm":9,"Whetstone":5,"Ring of the Snake":0},{"Regal Pillow":24,"Singing Bowl":61,"WingedGreaves":0,"Ectoplasm":37,"Whetstone":20,"Ring of the Snake":0}],"Ring of the Snake":[38]},"card_choices":[{"not_picked":["Flying Knee","Dodge and Roll"],"picked":"Quick Slash","floor":1.0},{"not_picked":["Backflip","Outmaneuver"],"picked":"Cloak And Dagger","floor":4.0},{"not_picked":["Distraction","Reflex"],"picked":"Calculated Gamble","floor":5.0},{"not_picked":["Riddle With Holes","Expertise"],"picked":"Leg Sweep","floor":7.0},{"not_picked":["Dagger Spray","Reflex"],"picked":"Blade Dance","floor":8.0},{"not_picked":["Leg Sweep","All Out Attack"],"picked":"Escape Plan","floor":10.0},{"not_picked":["PiercingWail","Flechettes"],"picked":"Blade Dance","floor":11.0},{"not_picked":["Grand Finale","Acrobatics"],"picked":"Well Laid Plans","floor":13.0},{"not_picked":["Storm of Steel","Grand Finale"],"picked":"Phantasmal Killer","floor":16},{"not_picked":["Tactician","Blade Dance"],"picked":"Accuracy","floor":18},{"not_picked":["Terror","Dodge and Roll"],"picked":"Well Laid Plans+1","floor":19},{"not_picked":["Crippling Poison","Outmaneuver"],"picked":"Dagger Spray+1","floor":20},{"not_picked":["All Out Attack","Quick Slash"],"picked":"Choke","floor":24},{"not_picked":["Dodge and Roll","Dash"],"picked":"Accuracy","floor":25},{"not_picked":["Dagger Throw","Catalyst"],"picked":"Predator+1","floor":28},{"not_picked":["Deadly Poison+1","Dagger Throw"],"picked":"Outmaneuver","floor":29},{"not_picked":["Deadly Poison","Heel Hook"],"picked":"Accuracy+1","floor":30},{"not_picked":["Caltrops","Slice","Catalyst"],"picked":"Singing Bowl","floor":31}],"player_experience":802821,"relics_obtained":[{"floor":9.0,"key":"Whetstone"},{"floor":10.0,"key":"Regal Pillow"},{"floor":26,"key":"Singing Bowl"}],"event_choices":[{"cards_removed":["Strike_G"],"damage_healed":0.0,"max_hp_gain":0.0,"max_hp_loss":0.0,"gold_gain":0.0,"event_name":"Golden Wing","player_choice":"Card Removal","floor":3.0,"gold_loss":0.0,"damage_taken":7.0},{"damage_healed":0,"gold_gain":0,"player_choice":"Upgraded","damage_taken":0,"max_hp_gain":0,"max_hp_loss":0,"event_name":"Upgrade Shrine","floor":22,"gold_loss":0,"cards_upgraded":["Cloak And Dagger"]}],"is_beta":false,"boss_relics":[{"not_picked":["Runic Dome","Ring of the Serpent"],"picked":"Ectoplasm"}],"items_purged_floors":[14],"is_endless":false,"potions_floor_spawned":[7,8,10,13,16,18,19,28,29,31],"killed_by":"Automaton","ascension_level":20}}