{"host":"ncocfkoislda923u","time":1613092796,"event":{"mods":["BaseMod","Googly Eyes","Minty Spire (QoL Compilation)","Robot Space Explorer","Spire Arcade","StSLib","The Animator","The Cursed"],"gold_per_floor":[128,144,144,162,162,162,162,13,13,13,13,13,56,67,67,167,167,177,177,187,187,187],"floor_reached":21,"language":"ENG","playtime":3023,"items_purged":["animator:Defend"],"score":195,"play_id":"e858b989-2cbf-4de0-a263-72486aeda696","local_time":"20210212021956","is_ascension_mode":true,"campfire_choices":[{"data":"animator:Father","floor":6,"key":"SMITH"},{"data":"animator:Vanir","floor":11,"key":"SMITH"},{"floor":15,"key":"REST"}],"circlet_count":0,"master_deck":["animator:Strike_OwariNoSeraph","animator:Defend_OwariNoSeraph","animator:Strike","animator:Defend","animator:Defend+1","animator:Shinoa","animator:Mikaela","animator:GazelDwargon","animator:MetalKnight","animator:ChlammyZell","animator:Vanir+1","animator:Kaijin","animator:Yuuichirou","animator:Ainz","animator:Guren+1","animator:MetalKnight","animator:Demiurge+1","animator:Shichika+1","animator:Illya+1"],"relics":["animator:LivingPicture","animator:TheMissingPiece","animator:PurgingStone","Toxic Egg 2","animator:WornHelmet","Boot","Philosopher\u0027s Stone","animator:CursedBlade"],"acts_visited":["Exordium","TheCity"],"potions_floor_usage":[13,21],"damage_taken":[{"damage":0,"enemies":"2 Louse","floor":1,"turns":3},{"damage":0,"enemies":"Cultist","floor":2,"turns":4},{"damage":10,"enemies":"Jaw Worm","floor":4,"turns":6},{"damage":8,"enemies":"3 Sentries","floor":13,"turns":9},{"damage":3,"enemies":"3 Louse","floor":14,"turns":3},{"damage":17,"enemies":"Hexaghost","floor":16,"turns":14},{"damage":0,"enemies":"Chosen","floor":18,"turns":4},{"damage":35,"enemies":"3 Byrds","floor":20,"turns":6},{"damage":4,"enemies":"3 Cultists","floor":21,"turns":4}],"seed_played":"-5310840427832455767","potions_obtained":[{"floor":1,"key":"Block Potion"},{"floor":14,"key":"EssenceOfSteel"}],"is_trial":false,"path_per_floor":["M","M","?","M","?","R","?","$","T","T","R","$","E","M","R","B",null,"M","?","M","M"],"character_chosen":"THE_ANIMATOR","items_purchased":["animator:Kaijin"],"campfire_rested":1,"item_purchase_floors":[8],"current_hp_per_floor":[66,66,66,56,56,56,49,49,49,49,49,49,41,38,57,39,39,39,39,4,0,0],"gold":187,"neow_bonus":"ONE_RANDOM_RARE_CARD","is_daily":false,"chose_seed":false,"campfire_upgraded":2,"win_rate":0.0,"timestamp":1613092796,"path_taken":["M","M","?","?","?","R","?","$","T","?","R","$","E","M","R","BOSS","M","?","M","?"],"items_purchased_type":["Card"],"build_version":"2020-12-22","purchased_purges":1,"victory":false,"max_hp_per_floor":[66,66,66,66,66,66,66,66,66,66,66,66,66,66,66,39,39,39,39,39,39,39],"card_choices":[{"not_picked":["animator:Arpeggio","animator:Shinoa"],"picked":"animator:GazelDwargon","floor":1},{"not_picked":["animator:KrulTepes","animator:Geryuganshoop"],"picked":"animator:MetalKnight","floor":2},{"not_picked":["animator:ChlammyZell","animator:Mitsurugi"],"picked":"animator:Vanir","floor":4},{"not_picked":["animator:CrowleyEusford","animator:Shigure"],"picked":"animator:Yuuichirou","floor":13},{"not_picked":["animator:Yuuichirou","animator:Guy+1"],"picked":"animator:Ainz","floor":14},{"not_picked":["animator:Sora+1","animator:Albedo"],"picked":"animator:Guren+1","floor":16},{"not_picked":["animator:Benimaru","animator:ChaikaBohdan"],"picked":"animator:MetalKnight","floor":18},{"not_picked":["animator:Spearman","animator:Lancer"],"picked":"animator:Illya+1","floor":20}],"player_experience":1409681,"relics_obtained":[{"floor":9,"key":"Toxic Egg 2"},{"floor":10,"key":"animator:WornHelmet"},{"floor":13,"key":"Boot"}],"event_choices":[{"damage_healed":0,"gold_gain":0,"cards_transformed":["animator:Strike"],"player_choice":"Transformed","damage_taken":0,"max_hp_gain":0,"max_hp_loss":0,"event_name":"Transmorgrifier","floor":3,"gold_loss":0,"cards_obtained":["animator:ChlammyZell"]},{"damage_healed":0,"gold_gain":0,"player_choice":"Ignored","damage_taken":0,"max_hp_gain":0,"max_hp_loss":0,"event_name":"Liars Game","floor":5,"gold_loss":0},{"cards_removed":["animator:Strike"],"damage_healed":0,"gold_gain":0,"player_choice":"Card Removal","damage_taken":7,"max_hp_gain":0,"max_hp_loss":0,"event_name":"Golden Wing","floor":7,"gold_loss":0},{"damage_healed":0,"gold_gain":0,"player_choice":"2 cards matched","damage_taken":0,"max_hp_gain":0,"max_hp_loss":0,"event_name":"Match and Keep!","floor":19,"gold_loss":0,"cards_obtained":["animator:Demiurge","animator:Shichika"]}],"is_beta":false,"boss_relics":[{"not_picked":["Velvet Choker","Coffee Dripper"],"picked":"animator:CursedBlade"}],"items_purged_floors":[8],"is_endless":false,"potions_floor_spawned":[1,14],"killed_by":"3 Cultists","ascension_level":2}}