{"host":"rmsq46plbpwfbxcc","time":1613152216,"event":{"mods":["AchievementEnabler","BaseMod","Colored Map","Colored Powertips","DeckTracker","KOR Keyword Fix","Minty Spire (QoL Compilation)","Permanent Neow","Quick Restart","SuperFastMode"],"gold_per_floor":[119,119,139,139,149,149,7,7,7,42,52,78,89,114,114,217,217,231,241,255,267,90,90,120,120,120,120,220,254,269,283,283,378,378,395,270,270,370,220,220,249,263,263,296,315,348,348,360,360,360],"floor_reached":51,"language":"KOR","playtime":1657,"items_purged":["Defend_G","Grand Finale+1","Strike_G","Defend_G"],"score":1069,"play_id":"b469d1ac-23eb-421e-bb0f-5261cfd7d5e3","local_time":"20210213025016","is_ascension_mode":true,"campfire_choices":[{"data":"Blade Dance","floor":6,"key":"SMITH"},{"data":"Noxious Fumes","floor":8,"key":"SMITH"},{"data":"Accuracy","floor":15,"key":"SMITH"},{"data":"After Image","floor":23,"key":"SMITH"},{"data":"Phantasmal Killer","floor":25,"key":"SMITH"},{"data":"Cloak And Dagger","floor":27,"key":"SMITH"},{"data":"Well Laid Plans","floor":32,"key":"SMITH"},{"data":"Bullet Time","floor":40,"key":"SMITH"},{"data":"Adrenaline","floor":47,"key":"SMITH"},{"data":"Acrobatics","floor":49,"key":"SMITH"}],"circlet_count":0,"master_deck":["Defend_G","Defend_G","Survivor","Neutralize","Blade Dance+1","Noxious Fumes+1","Well Laid Plans+1","PiercingWail","Accuracy+1","Acrobatics+1","Adrenaline+1","Phantasmal Killer+1","Endless Agony+1","Wraith Form v2+1","Cloak And Dagger+1","After Image+1","Bullet Time+1","Backflip+1","Blade Dance+1","Choke+1"],"relics":["Black Star","Dream Catcher","Unceasing Top","Kunai","Torii","Toy Ornithopter","Bag of Marbles","InkBottle","Astrolabe","Happy Flower","FossilizedHelix","Nunchaku","Anchor","Ninja Scroll","WristBlade","Regal Pillow","Gremlin Horn","Omamori","Lantern","White Beast Statue","Bag of Preparation","Gambling Chip"],"acts_visited":["Exordium","TheCity","TheBeyond"],"potions_floor_usage":[3,10,11,14,30,33,50,50],"damage_taken":[{"damage":10,"enemies":"2 Louse","floor":1,"turns":3},{"damage":0,"enemies":"Cultist","floor":3,"turns":3},{"damage":0,"enemies":"Jaw Worm","floor":5,"turns":5},{"damage":0,"enemies":"Lagavulin","floor":10,"turns":4},{"damage":3,"enemies":"Gremlin Gang","floor":11,"turns":4},{"damage":25,"enemies":"Gremlin Nob","floor":12,"turns":5},{"damage":9,"enemies":"Exordium Wildlife","floor":13,"turns":5},{"damage":2,"enemies":"Lagavulin","floor":14,"turns":7},{"damage":19,"enemies":"The Guardian","floor":16,"turns":9},{"damage":11,"enemies":"2 Thieves","floor":18,"turns":3},{"damage":1,"enemies":"Shell Parasite","floor":19,"turns":5},{"damage":3,"enemies":"Snake Plant","floor":20,"turns":6},{"damage":0,"enemies":"3 Cultists","floor":21,"turns":4},{"damage":0,"enemies":"Book of Stabbing","floor":24,"turns":6},{"damage":14,"enemies":"Slavers","floor":29,"turns":6},{"damage":0,"enemies":"Centurion and Healer","floor":30,"turns":4},{"damage":0,"enemies":"Snake Plant","floor":31,"turns":2},{"damage":0,"enemies":"Collector","floor":33,"turns":5},{"damage":0,"enemies":"Orb Walker","floor":35,"turns":2},{"damage":0,"enemies":"Nemesis","floor":41,"turns":5},{"damage":0,"enemies":"3 Darklings","floor":42,"turns":3},{"damage":0,"enemies":"Giant Head","floor":44,"turns":5},{"damage":0,"enemies":"Writhing Mass","floor":45,"turns":2},{"damage":0,"enemies":"Nemesis","floor":46,"turns":3},{"damage":0,"enemies":"4 Shapes","floor":48,"turns":1},{"damage":0,"enemies":"Donu and Deca","floor":50,"turns":4}],"seed_played":"-4787740335028851686","potions_obtained":[{"floor":1,"key":"FearPotion"},{"floor":3,"key":"FearPotion"},{"floor":11,"key":"Fruit Juice"},{"floor":13,"key":"GhostInAJar"},{"floor":24,"key":"Swift Potion"},{"floor":29,"key":"Poison Potion"},{"floor":30,"key":"Dexterity Potion"},{"floor":31,"key":"SneckoOil"},{"floor":33,"key":"Strength Potion"},{"floor":42,"key":"PowerPotion"},{"floor":46,"key":"AttackPotion"},{"floor":48,"key":"Energy Potion"}],"is_trial":false,"path_per_floor":["M","?","M","?","M","R","$","R","T","E","M","E","M","E","R","B",null,"M","M","M","M","$","R","E","R","T","R","?","E","M","M","R","B",null,"M","$","?","?","$","R","E","M","T","E","M","E","R","M","R","B",null],"character_chosen":"THE_SILENT","items_purchased":["Accuracy","After Image"],"campfire_rested":0,"item_purchase_floors":[7,22],"current_hp_per_floor":[60,60,60,60,60,60,60,60,60,60,62,37,28,31,31,12,75,64,63,60,60,60,60,60,60,60,60,60,46,51,51,51,56,75,75,75,75,75,75,75,75,75,75,75,75,75,75,75,75,75],"gold":360,"neow_bonus":"BOSS_RELIC","is_daily":false,"chose_seed":false,"campfire_upgraded":10,"win_rate":0.0,"timestamp":1613152216,"path_taken":["M","?","?","?","?","R","$","R","T","E","?","E","M","E","R","BOSS","M","M","M","M","$","R","E","R","T","R","?","E","M","?","R","BOSS","M","$","?","?","$","R","E","M","T","E","M","E","R","M","R","BOSS"],"items_purchased_type":["Card","Card"],"build_version":"2020-12-22","purchased_purges":4,"victory":true,"max_hp_per_floor":[70,70,70,70,70,70,70,70,70,70,75,75,75,75,75,75,75,75,75,75,75,75,75,75,75,75,75,75,75,75,75,75,75,75,75,75,75,75,75,75,75,75,75,75,75,75,75,75,75,75],"card_choices":[{"not_picked":["Riddle With Holes","Distraction"],"picked":"Blade Dance","floor":1},{"not_picked":["Flechettes","Backflip"],"picked":"Well Laid Plans","floor":3},{"not_picked":["Dagger Throw","Prepared"],"picked":"PiercingWail","floor":5},{"not_picked":["PiercingWail","Prepared","Setup"],"picked":"SKIP","floor":10},{"not_picked":["Dodge and Roll","Crippling Poison","Grand Finale"],"picked":"SKIP","floor":11},{"not_picked":["Deadly Poison","Well Laid Plans"],"picked":"Acrobatics","floor":12},{"not_picked":["Prepared","Deadly Poison","Underhanded Strike"],"picked":"SKIP","floor":13},{"not_picked":["Deadly Poison","Riddle With Holes"],"picked":"Adrenaline","floor":14},{"not_picked":["Adrenaline","Corpse Explosion"],"picked":"Phantasmal Killer","floor":16},{"not_picked":["Quick Slash","Slice+1","Concentrate"],"picked":"SKIP","floor":18},{"not_picked":["PiercingWail","Well Laid Plans","Blade Dance"],"picked":"SKIP","floor":19},{"not_picked":["Catalyst+1","Deadly Poison","Flying Knee"],"picked":"SKIP","floor":20},{"not_picked":["Deadly Poison","Flechettes"],"picked":"Cloak And Dagger","floor":21},{"not_picked":["Outmaneuver","Bouncing Flask","Eviscerate+1"],"picked":"SKIP","floor":24},{"not_picked":["Crippling Poison","Flying Knee","Storm of Steel"],"picked":"SKIP","floor":29},{"not_picked":["Poisoned Stab","Sucker Punch+1","Prepared"],"picked":"SKIP","floor":30},{"not_picked":["Tools of the Trade","Noxious Fumes","Poisoned Stab"],"picked":"SKIP","floor":31},{"not_picked":["Die Die Die","Grand Finale"],"picked":"Bullet Time","floor":33},{"not_picked":["Bane","Eviscerate+1","Outmaneuver"],"picked":"SKIP","floor":35},{"not_picked":["Dash+1","Cloak And Dagger","Dodge and Roll"],"picked":"SKIP","floor":41},{"not_picked":["Deflect","Masterful Stab"],"picked":"Backflip+1","floor":42},{"not_picked":["Catalyst","Dagger Throw"],"picked":"Blade Dance+1","floor":44},{"not_picked":["Quick Slash+1","Outmaneuver+1","Blade Dance"],"picked":"SKIP","floor":45},{"not_picked":["Outmaneuver+1","Predator","Skewer"],"picked":"SKIP","floor":46},{"not_picked":["Dodge and Roll+1","Dagger Spray+1"],"picked":"Choke+1","floor":48}],"player_experience":631555,"relics_obtained":[{"floor":9,"key":"Dream Catcher"},{"floor":10,"key":"Unceasing Top"},{"floor":10,"key":"Kunai"},{"floor":12,"key":"Torii"},{"floor":12,"key":"Toy Ornithopter"},{"floor":14,"key":"Bag of Marbles"},{"floor":14,"key":"InkBottle"},{"floor":24,"key":"Happy Flower"},{"floor":24,"key":"FossilizedHelix"},{"floor":26,"key":"Nunchaku"},{"floor":29,"key":"Anchor"},{"floor":29,"key":"Ninja Scroll"},{"floor":41,"key":"Regal Pillow"},{"floor":41,"key":"Gremlin Horn"},{"floor":43,"key":"Omamori"},{"floor":44,"key":"Lantern"},{"floor":44,"key":"White Beast Statue"},{"floor":46,"key":"Bag of Preparation"},{"floor":46,"key":"Gambling Chip"}],"event_choices":[{"damage_healed":0,"gold_gain":0,"cards_transformed":["Strike_G"],"player_choice":"Transformed","damage_taken":0,"max_hp_gain":0,"max_hp_loss":0,"event_name":"Transmorgrifier","floor":2,"gold_loss":0,"cards_obtained":["Noxious Fumes"]},{"damage_healed":0,"gold_gain":0,"player_choice":"Bought 0 Potions","damage_taken":0,"max_hp_gain":0,"max_hp_loss":0,"event_name":"The Woman in Blue","floor":4,"gold_loss":0},{"damage_healed":0,"gold_gain":100,"player_choice":"Pray","damage_taken":0,"max_hp_gain":0,"max_hp_loss":0,"event_name":"Golden Shrine","floor":28,"gold_loss":0},{"cards_removed":["Strike_G"],"damage_healed":0,"gold_gain":0,"player_choice":"Removed Attack","damage_taken":0,"max_hp_gain":0,"max_hp_loss":0,"event_name":"Falling","floor":37,"gold_loss":0},{"damage_healed":0,"gold_gain":100,"player_choice":"Pray","damage_taken":0,"max_hp_gain":0,"max_hp_loss":0,"event_name":"Golden Shrine","floor":38,"gold_loss":0}],"is_beta":false,"boss_relics":[{"not_picked":["Fusion Hammer","Cursed Key"],"picked":"Astrolabe"},{"not_picked":["Tiny House","Sozu"],"picked":"WristBlade"}],"items_purged_floors":[7,22,36,39],"is_endless":false,"potions_floor_spawned":[1,3,11,13,24,29,30,31,33,42,45,46,48],"ascension_level":1}}