{"host":"lf1yj6sxagf80nuh","time":1613136350,"event":{"mods":["BaseMod","Colored Map","Colored Powertips","DeckTracker","Hermit","Highlight Path","Lobotomy","Minty Spire (QoL Compilation)","Quick Restart","StSLib","The Animator"],"gold_per_floor":[114,126,126,126,126,126,161,161,161,212,231,255,277,297,297,402,402,418,418,138,227,127,176,176,176],"floor_reached":24,"language":"ENG","playtime":1733,"items_purged":["DreamingCurrent","Regret"],"score":349,"play_id":"857ff88c-7919-420a-9df5-4a05a3740d3b","local_time":"20210212102550","is_ascension_mode":true,"campfire_choices":[{"floor":6,"key":"REST"},{"data":"Vigilance","floor":8,"key":"SMITH"},{"data":"Halt","floor":15,"key":"SMITH"}],"circlet_count":0,"master_deck":["Strike_P","Strike_P","Strike_P","Strike_P","Defend_P","Defend_P","Defend_P","Defend_P","Eruption+1","Vigilance+1","Scorched","Halt+1","UniverseFragment","BlackSwan","Prostrate","SpiderBud","WheelKick","OldLady","Alpha","Judgement","Funeral","SpiritShield"],"relics":["PureWater","CogitoBucket","Regal Pillow","CeramicFish","Bag of Marbles","Blood Vial","AspirationHeart","Cursed Key","Lantern","Bottled Flame","Toy Ornithopter"],"acts_visited":["Exordium","TheCity"],"potions_floor_usage":[5,7,12,14,16,23,24],"damage_taken":[{"damage":0,"enemies":"2 Louse","floor":1,"turns":1},{"damage":1,"enemies":"Small Slimes","floor":2,"turns":2},{"damage":15,"enemies":"Gremlin Nob","floor":7,"turns":3},{"damage":15,"enemies":"3 Sentries","floor":10,"turns":5},{"damage":1,"enemies":"Cultist","floor":11,"turns":3},{"damage":7,"enemies":"Large Slime","floor":12,"turns":2},{"damage":0,"enemies":"Lots of Slimes","floor":13,"turns":1},{"damage":0,"enemies":"Exordium Wildlife","floor":14,"turns":1},{"damage":59,"enemies":"Slime Boss","floor":16,"turns":10},{"damage":0,"enemies":"Chosen","floor":18,"turns":3},{"damage":0,"enemies":"Slavers","floor":23,"turns":1},{"damage":40,"enemies":"3 Byrds","floor":24,"turns":5}],"seed_played":"7060235230679048676","potions_obtained":[{"floor":1,"key":"LiquidBronze"},{"floor":2,"key":"PowerPotion"},{"floor":5,"key":"Fruit Juice"},{"floor":5,"key":"EssenceOfSteel"},{"floor":11,"key":"LiquidBronze"},{"floor":12,"key":"SneckoOil"},{"floor":16,"key":"Dexterity Potion"},{"floor":18,"key":"PowerPotion"},{"floor":23,"key":"DuplicationPotion"}],"is_trial":false,"path_per_floor":["M","M","?","?","?","R","E","R","T","E","M","M","M","M","R","B",null,"M","?","$","T","$","E","M"],"character_chosen":"WATCHER","items_purchased":["Judgement","Lantern"],"campfire_rested":1,"item_purchase_floors":[20,20],"current_hp_per_floor":[65,64,31,31,36,74,59,59,59,44,45,52,60,68,68,58,80,87,87,87,87,87,87,49,49],"gold":176,"neow_bonus":"","is_daily":false,"chose_seed":false,"campfire_upgraded":2,"win_rate":0.0,"timestamp":1613136350,"path_taken":["M","M","?","?","?","R","E","R","T","E","?","M","M","?","R","BOSS","M","?","?","?","$","E","M"],"items_purchased_type":["Card","Card"],"build_version":"2020-12-22","purchased_purges":2,"victory":false,"max_hp_per_floor":[72,72,72,72,77,77,77,77,77,77,77,87,87,87,87,87,87,87,87,87,87,87,87,87,87],"card_choices":[{"not_picked":["WhitesApple","Wellcheers"],"picked":"Scorched","floor":1},{"not_picked":["LikeWater","Consecrate"],"picked":"Halt","floor":1},{"not_picked":["CherryBlossoms","VoidDream"],"picked":"UniverseFragment","floor":2},{"not_picked":["Wireheading","Evaluate","CutThroughFate"],"picked":"SKIP","floor":2},{"not_picked":["SashWhip","EmptyFist","BowlingBash"],"picked":"SKIP","floor":7},{"not_picked":["Alriune","SpiderBud"],"picked":"BlackSwan","floor":10},{"not_picked":["CutThroughFate","Protect"],"picked":"Prostrate","floor":10},{"not_picked":["CherryBlossoms","OldLady"],"picked":"SpiderBud","floor":11},{"not_picked":["CutThroughFate","Meditate","ClearTheMind"],"picked":"SKIP","floor":11},{"not_picked":["CherryBlossoms","BeautyBeast"],"picked":"DreamingCurrent","floor":12},{"not_picked":["SashWhip","EmptyFist","LikeWater"],"picked":"SKIP","floor":12},{"not_picked":["SashWhip","EmptyFist","LikeWater"],"picked":"SKIP","floor":12},{"not_picked":["SashWhip","CutThroughFate"],"picked":"WheelKick","floor":13},{"not_picked":["Yin","WallGazer"],"picked":"OldLady","floor":14},{"not_picked":["Fasting2","ClearTheMind","CarveReality"],"picked":"SKIP","floor":14},{"not_picked":["Vault","Wish"],"picked":"Alpha","floor":16},{"not_picked":["Evaluate","Prostrate+1","FlyingSleeves"],"picked":"SKIP","floor":18},{"not_picked":["HappyTeddy","WallGazer"],"picked":"Funeral","floor":23},{"not_picked":["Vengeance+1","Prostrate"],"picked":"SpiritShield","floor":23}],"player_experience":509141,"relics_obtained":[{"floor":7,"key":"CeramicFish"},{"floor":9,"key":"Bag of Marbles"},{"floor":10,"key":"Blood Vial"},{"floor":21,"key":"Bottled Flame"},{"floor":23,"key":"Toy Ornithopter"}],"event_choices":[{"damage_healed":0,"gold_gain":0,"player_choice":"Success","damage_taken":33,"relics_obtained":["Regal Pillow"],"max_hp_gain":0,"max_hp_loss":0,"event_name":"Scrap Ooze","floor":3,"gold_loss":0},{"damage_healed":0,"gold_gain":0,"player_choice":"Grow","damage_taken":0,"max_hp_gain":0,"max_hp_loss":0,"event_name":"Living Wall","floor":4,"gold_loss":0,"cards_upgraded":["Eruption"]},{"damage_healed":0,"gold_gain":0,"player_choice":"Got Potions","damage_taken":0,"max_hp_gain":0,"max_hp_loss":0,"event_name":"Lab","floor":5,"gold_loss":0},{"damage_healed":0,"gold_gain":0,"player_choice":"Bought 0 Potions","damage_taken":0,"max_hp_gain":0,"max_hp_loss":0,"event_name":"The Woman in Blue","floor":19,"gold_loss":0}],"is_beta":false,"boss_relics":[{"not_picked":["Astrolabe","Busted Crown"],"picked":"Cursed Key"}],"items_purged_floors":[20,22],"is_endless":false,"potions_floor_spawned":[1,2,11,12,16,18,23],"killed_by":"3 Byrds","ascension_level":6}}