{"host":"9jx2ud7m8gf59o7m","time":1613100199,"event":{"mods":["A Magickal Journey","BaseMod","BetterRewards","CapriCore","Downfall","Friendly Minions","Halation","Hero for Fun","KinomotoSakuraMod(????)","Koishi","Luminous","Magitek Elite","Marisa????????","Minty Spire (QoL Compilation)","Permanent Neow","Prisma Mod","READ ME - Guardian Mod","Remilia??????","Remove Card Discount Mod","Replay The Spire","Shade Mod","StSLib","The Alterego","The Bladedancer","The Bug Knight","The Death Knight","The Immortal","The Necromancer","The Servant 0.9.4","The Wild Card","TheHero","TheSwordswoman","Yohane!","Yuri Mod"],"gold_per_floor":[100,116,129,51,51,69,69,80,107,107,107,138,138,138,138,235,235,145,145,145],"floor_reached":19,"language":"ENG","playtime":2624,"items_purged":[],"score":165,"play_id":"82328a06-1ea3-402f-95b9-815eaed88cd6","local_time":"20210211222319","is_ascension_mode":false,"campfire_choices":[{"floor":7,"key":"REST"},{"floor":13,"key":"REST"},{"floor":15,"key":"REST"}],"circlet_count":0,"master_deck":["alterego_mod:Strike","alterego_mod:Strike","alterego_mod:Strike","alterego_mod:Strike","alterego_mod:Defend","alterego_mod:Defend","alterego_mod:Defend","alterego_mod:Defend","alterego_mod:Impale","alterego_mod:BigMeatyClaws","alterego_mod:BrynhildrsRune","PrismaMod:MiyuCommonDefend","The Bomb","alterego_mod:DiscoLights","alterego_mod:Valentines","alterego_mod:Birthday","alterego_mod:Maid","alterego_mod:SakuraFive+1","alterego_mod:GoddessCore","alterego_mod:ChallengeComplete","alterego_mod:Venus","alterego_mod:1TonWallop+1"],"relics":["alterego_mod:MasochisticConstitution","Anchor","Guard_Bracelet","halation:MonkeysPaw"],"acts_visited":["Exordium","TheCity"],"potions_floor_usage":[16,19,19],"damage_taken":[{"damage":0,"enemies":"Small Slimes","floor":1,"turns":3},{"damage":9,"enemies":"2 Louse","floor":2,"turns":3},{"damage":17,"enemies":"Cultist","floor":3,"turns":4},{"damage":11,"enemies":"Large Slime","floor":6,"turns":4},{"damage":7,"enemies":"2 Fungi Beasts","floor":8,"turns":3},{"damage":29,"enemies":"3 Sentries","floor":12,"turns":6},{"damage":31,"enemies":"Slime Boss","floor":16,"turns":14},{"damage":31,"enemies":"2 Thieves","floor":18,"turns":5},{"damage":65,"enemies":"3 Cultists","floor":19,"turns":7}],"seed_played":"-6218441790564516130","potions_obtained":[{"floor":3,"key":"SkillPotion"},{"floor":12,"key":"SkillPotion"},{"floor":16,"key":"Languid Potion"}],"is_trial":false,"path_per_floor":["M","M","M","$","?","M","R","M","T","?","?","E","R","?","R","B",null,"M","M"],"character_chosen":"The_Alterego","items_purchased":["alterego_mod:Birthday","alterego_mod:Maid"],"campfire_rested":3,"item_purchase_floors":[4,4],"current_hp_per_floor":[70,62,46,46,46,38,59,55,55,60,54,28,52,52,76,72,81,51,0,0],"gold":145,"neow_bonus":"RANDOM_COLORLESS_2","is_daily":false,"chose_seed":false,"campfire_upgraded":0,"win_rate":0.0,"timestamp":1613100199,"path_taken":["M","M","M","$","?","M","R","M","T","?","?","E","R","?","R","BOSS","M","M"],"items_purchased_type":["Card","Card"],"build_version":"2020-12-22","purchased_purges":0,"victory":false,"max_hp_per_floor":[70,71,72,72,72,73,73,74,74,79,79,80,80,80,80,81,81,82,82,82],"card_choices":[{"not_picked":["Master of Strategy","Secret Technique"],"picked":"The Bomb","floor":0},{"not_picked":["alterego_mod:BeGentle","alterego_mod:IndependentAction","alterego_mod:Cushion"],"picked":"SKIP","floor":1},{"not_picked":["alterego_mod:Birthday","alterego_mod:Maid"],"picked":"alterego_mod:DiscoLights","floor":2},{"not_picked":["alterego_mod:DiscoLights","alterego_mod:Bloomers"],"picked":"alterego_mod:Valentines","floor":3},{"not_picked":["alterego_mod:GoddessCore","alterego_mod:BusterCard"],"picked":"alterego_mod:SakuraFive","floor":6},{"not_picked":["alterego_mod:Bloomers","alterego_mod:Crossover"],"picked":"alterego_mod:GoddessCore","floor":8},{"not_picked":["alterego_mod:Cooking","alterego_mod:HighServant"],"picked":"alterego_mod:ChallengeComplete","floor":12},{"not_picked":["alterego_mod:Lift","alterego_mod:Alter"],"picked":"alterego_mod:Venus","floor":16},{"not_picked":["alterego_mod:Cycle","alterego_mod:Nekomimi"],"picked":"alterego_mod:1TonWallop+1","floor":18}],"player_experience":358973,"relics_obtained":[{"floor":9,"key":"Anchor"},{"floor":12,"key":"Guard_Bracelet"}],"event_choices":[{"damage_healed":0,"gold_gain":0,"player_choice":"Donut","damage_taken":0,"max_hp_gain":5,"max_hp_loss":0,"event_name":"Big Fish","floor":10,"gold_loss":0},{"damage_healed":0,"gold_gain":0,"player_choice":"Ignored","damage_taken":0,"max_hp_gain":0,"max_hp_loss":0,"event_name":"Liars Game","floor":14,"gold_loss":0}],"is_beta":false,"boss_relics":[{"not_picked":["halation:LoveArrow","ReplayTheSpireMod:DimensionalGlitch"],"picked":"halation:MonkeysPaw"}],"items_purged_floors":[],"is_endless":false,"potions_floor_spawned":[1,3,12,16],"killed_by":"3 Cultists","ascension_level":0}}