{"host":"x7u3amoxy3d4heu5","time":1613156868,"event":{"mods":["BaseMod","Colored Map","DeckTracker","Hermit","Hubris","Infinite Spire","Marisa????????","Minty Spire (QoL Compilation)","Quick Restart","Replay The Spire","StSLib","The Cursed","The IronCluck","The Jungle","The Servant 0.9.4","The Wild Card","Unceasing Turn Reminder","slay the spire mod where everything is the same but ironclad has a cowboy hat"],"gold_per_floor":[118,118,118,118,133,168,168,196,196,196,196,48,82,95,95,192,192,205,205,39,61,85,85,98,98,171,281,281,304,335,357,357,464,464,489,489,764,764,784,789,789],"floor_reached":40,"language":"ENG","playtime":2897,"items_purged":["hermit:Strike_Hermit"],"score":594,"play_id":"892176cc-8565-4855-bd5e-6ae31bcf0c3f","local_time":"20210212120748","is_ascension_mode":true,"campfire_choices":[{"data":"hermit:Combo","floor":7,"key":"SMITH"},{"data":"hermit:BigShot","floor":11,"key":"SMITH"},{"floor":15,"key":"DIG"},{"data":"Crescendo","floor":23,"key":"SMITH"},{"floor":28,"key":"REST"},{"data":"Panache","floor":32,"key":"SMITH"}],"circlet_count":0,"master_deck":["hermit:Strike_Hermit","hermit:Strike_Hermit+1","hermit:Defend_Hermit","hermit:Defend_Hermit","hermit:Defend_Hermit","hermit:Defend_Hermit","hermit:Snapshot","hermit:Covet","hermit:BigShot+1","hermit:Combo+1","hermit:TakeAim+1","hermit:BigShot","Crescendo+1","Feed","hermit:Quickdraw+1","Panache+1","hermit:Scavenge","hermit:CalledShot","hermit:Enervate","hermit:Enervate","hermit:Vantage+1","infinitespire:Gouge","Regret"],"relics":["Replay:M_SmolderingBlood","Shuriken","hubris:TenFootPole","hubris:DeckOfHolding","Singing Bowl","Membership Card","hubris:Spice","hubris:RunicObelisk","Nloth\u0027s Gift","hubris:MedicalManual","hubris:CuriousFeather","infinitespire:Cupcake","ReplayTheSpireMod:Shallot"],"acts_visited":["Exordium","TheCity","TheBeyond"],"potions_floor_usage":[8,16,22,27,30],"damage_taken":[{"damage":0,"enemies":"Cultist","floor":1,"turns":3},{"damage":0,"enemies":"Small Slimes","floor":5,"turns":3},{"damage":9,"enemies":"Replay:BlueRogue","floor":6,"turns":6},{"damage":36,"enemies":"3 Sentries","floor":8,"turns":8},{"damage":15,"enemies":"Gremlin Nob","floor":13,"turns":4},{"damage":2,"enemies":"Jaw Worm","floor":14,"turns":2},{"damage":23,"enemies":"The Guardian","floor":16,"turns":5},{"damage":28,"enemies":"2 Thieves","floor":18,"turns":4},{"damage":1,"enemies":"Spheric Guardian","floor":21,"turns":3},{"damage":16,"enemies":"Shelled Parasite and Fungi","floor":22,"turns":3},{"damage":2,"enemies":"Cultist and Chosen","floor":24,"turns":2},{"damage":16,"enemies":"Colosseum Slavers","floor":27,"turns":3},{"damage":30,"enemies":"Colosseum Nobs","floor":27,"turns":4},{"damage":0,"enemies":"Snecko","floor":29,"turns":3},{"damage":0,"enemies":"Book of Stabbing","floor":30,"turns":3},{"damage":0,"enemies":"Snake Plant","floor":31,"turns":2},{"damage":16,"enemies":"Collector","floor":33,"turns":4},{"damage":36,"enemies":"3 Darklings","floor":35,"turns":3},{"damage":2,"enemies":"3 Shapes","floor":39,"turns":3},{"damage":98,"enemies":"Nightmare","floor":40,"turns":5}],"seed_played":"-2213790644064813127","potions_obtained":[{"floor":8,"key":"Fruit Juice"},{"floor":14,"key":"DuplicationPotion"},{"floor":18,"key":"Ancient Potion"},{"floor":21,"key":"AttackPotion"},{"floor":22,"key":"ColorlessPotion"},{"floor":29,"key":"GamblersBrew"},{"floor":33,"key":"Cursed Concoction"}],"is_trial":false,"path_per_floor":["M","?","T","?","M","E","R","E","T","?","R","$","E","M","R_BF","B",null,"M","?","$","M","M","R","M","AVR","T","?","R","M","E","M","R","B",null,"M","AVR","?","$","M","NM"],"character_chosen":"HERMIT","items_purchased":["Membership Card","Panache","hermit:Scavenge","hermit:CalledShot"],"campfire_rested":1,"item_purchase_floors":[12,20,20,20],"current_hp_per_floor":[75,75,75,75,75,66,66,35,35,35,35,35,30,30,38,15,100,75,75,75,79,68,68,66,66,66,26,61,63,63,68,68,54,128,94,94,94,94,98,0,0],"gold":789,"neow_bonus":"RANDOM_EVENT","is_daily":false,"chose_seed":false,"campfire_upgraded":4,"win_rate":0.0,"timestamp":1613156868,"path_taken":["M","?","?","?","?","E","R","E","T","?","R","$","E","M","R_BF","BOSS","M","?","?","M","?","R","M","AVR","T","?","R","M","E","M","R","BOSS","M","AVR","?","$","M","NM"],"items_purchased_type":["Relic","Card","Card","Card"],"build_version":"2020-12-22","purchased_purges":1,"victory":false,"max_hp_per_floor":[75,75,75,75,75,75,75,80,80,80,80,80,90,92,100,100,100,103,103,103,108,113,113,113,113,113,119,119,121,121,126,126,128,128,130,130,130,130,136,136,136],"card_choices":[{"not_picked":["hermit:WideOpen","hermit:Cheat"],"picked":"hermit:Combo","floor":1},{"not_picked":["hermit:Combo","hermit:DeadMansHand"],"picked":"hermit:TakeAim","floor":5},{"not_picked":["hermit:Enervate","Clash"],"picked":"hermit:BigShot","floor":6},{"not_picked":["hermit:ItchyTrigger","hermit:Deadeye"],"picked":"Crescendo","floor":8},{"not_picked":["hermit:OverwhelmingPower","hermit:Roulette","hermit:Maintenance"],"picked":"Singing Bowl","floor":13},{"not_picked":["hermit:Maintenance","Swivel","ForeignInfluence"],"picked":"Singing Bowl","floor":14},{"not_picked":["hermit:OverwhelmingPower","hermit:FatalDesire"],"picked":"Feed","floor":16},{"not_picked":["hermit:Glare","hermit:Misfire"],"picked":"hermit:Quickdraw+1","floor":18},{"not_picked":["hermit:PistolWhip","hermit:Coalescence","hermit:RoundhouseKick"],"picked":"Singing Bowl","floor":21},{"not_picked":["hermit:ShadowCloak","hubris:SpiceAddiction","hermit:HoleUp"],"picked":"Singing Bowl","floor":22},{"not_picked":["hermit:FatalDesire","hermit:Roulette"],"picked":"hermit:Enervate","floor":24},{"not_picked":["hermit:BigShot","hermit:Manifest+1"],"picked":"hermit:Enervate","floor":27},{"not_picked":["hermit:Desperado","hermit:LuckOfTheDraw+1","hermit:Adapt"],"picked":"Singing Bowl","floor":29},{"not_picked":["hermit:BodyArmor","hermit:Roulette"],"picked":"hermit:Vantage+1","floor":30},{"not_picked":["hubris:SpiceAddiction","hermit:HoleUp","hermit:LuckOfTheDraw"],"picked":"Singing Bowl","floor":31},{"not_picked":["hermit:BlackWind","hermit:Purgatory","hermit:OverwhelmingPower"],"picked":"Singing Bowl","floor":33},{"not_picked":["hermit:HighCaliber","hermit:Headshot+1","hermit:FullyLoaded"],"picked":"Singing Bowl","floor":35},{"not_picked":["hubris:SpiceAddiction","hermit:Midnight+1","hermit:Manifest+1"],"picked":"Singing Bowl","floor":39}],"player_experience":609178,"relics_obtained":[{"floor":3,"key":"Shuriken"},{"floor":6,"key":"hubris:TenFootPole"},{"floor":8,"key":"hubris:DeckOfHolding"},{"floor":9,"key":"Singing Bowl"},{"floor":13,"key":"hubris:Spice"},{"floor":15,"key":"hubris:Spice"},{"floor":27,"key":"hubris:CuriousFeather"}],"event_choices":[{"damage_healed":0,"gold_gain":0,"cards_transformed":["hermit:Strike_Hermit"],"player_choice":"Change","damage_taken":0,"max_hp_gain":0,"max_hp_loss":0,"event_name":"Living Wall","floor":0,"gold_loss":0,"cards_obtained":["hermit:BigShot"]},{"damage_healed":0,"gold_gain":0,"player_choice":"Traded Relic","damage_taken":0,"relics_obtained":["Nloth\u0027s Gift"],"max_hp_gain":0,"max_hp_loss":0,"event_name":"N\u0027loth","floor":19,"relics_lost":["infinitespire:Cubic Diamond"],"gold_loss":0},{"damage_healed":0,"gold_gain":0,"player_choice":"Fight","damage_taken":0,"max_hp_gain":0,"max_hp_loss":0,"event_name":"Colosseum","floor":27,"gold_loss":0},{"damage_healed":0,"gold_gain":0,"player_choice":"Fought Nobs","damage_taken":0,"max_hp_gain":0,"max_hp_loss":0,"event_name":"Colosseum","floor":27,"gold_loss":0},{"damage_healed":0,"gold_gain":275,"player_choice":"Desecrate","damage_taken":0,"max_hp_gain":0,"max_hp_loss":0,"event_name":"Golden Shrine","floor":37,"gold_loss":0,"cards_obtained":["Regret"]}],"is_beta":false,"boss_relics":[{"not_picked":["hubris:Spice","hubris:Spice"],"picked":"hubris:RunicObelisk"},{"not_picked":["hubris:Spice","hubris:Spice"],"picked":"infinitespire:Cupcake"}],"items_purged_floors":[20],"is_endless":false,"potions_floor_spawned":[8,14,18,21,22,27,29,33],"killed_by":"Nightmare","ascension_level":2}}