{"host":"3y9j540ftq0by6cq","time":1613110170,"event":{"mods":["BaseMod","CapriCore","Lobotomy","Minty Spire (QoL Compilation)","Remilia¡]Á¢¦Ì²ú?¡^","StSLib","The Cursed"],"gold_per_floor":[111,124,139,19,36,63,63,63,63,63,95,106,281,292,292,395,395,412,444,34,71,82,113,113,113],"floor_reached":24,"language":"ZHS","playtime":1458,"items_purged":[],"score":287,"play_id":"f7c0180b-a1ae-4dd3-a89a-3a0a4ff8c9ba","local_time":"20210212140930","is_ascension_mode":false,"campfire_choices":[{"data":"Ultimatum","floor":7,"key":"SMITH"},{"data":"Stigmanizer","floor":10,"key":"SMITH"},{"data":"TransientEternity","floor":15,"key":"SMITH"}],"circlet_count":0,"master_deck":["Strike_RM","Strike_RM","Strike_RM","Strike_RM","Defend_RM","Defend_RM","Defend_RM","Defend_RM","RedMoon","ScarletShoot","Stigmanizer+1","VampireKiss","QueenOfMidnight","UnstableMagic","ScarletDevil","CharismaGuard","HunterOfTheNight","BombardNight","Funeral","RedRainbow","EndlessAdversity","VoidDream","TransientEternity+1","MiserableFate","Doubt","StarOfDavid","ScarletMeister","CurseOfTheBell","FavorOfDestiny","EndlessAdversity","RedRainbow+1","BloodyHallows","GreedKing","ScarletMeister","MastersStateliness","ShyLook","DiffusionOfMisfortune","VampirishNight"],"relics":["ScarletHat","CogitoBucket","Dream Catcher","Kunai","Gremlin Horn","Calling Bell","Happy Flower","Question Card","Peace Pipe","AntiCross","DollysMirror"],"acts_visited":["Exordium","TheCity"],"potions_floor_usage":[6,16,21,22,22,22,23],"damage_taken":[{"damage":0,"enemies":"Cultist","floor":1,"turns":3},{"damage":0,"enemies":"Small Slimes","floor":2,"turns":3},{"damage":0,"enemies":"2 Louse","floor":3,"turns":7},{"damage":8,"enemies":"Looter","floor":5,"turns":4},{"damage":11,"enemies":"Gremlin Nob","floor":6,"turns":4},{"damage":17,"enemies":"3 Sentries","floor":11,"turns":6},{"damage":6,"enemies":"3 Louse","floor":12,"turns":2},{"damage":11,"enemies":"Large Slime","floor":14,"turns":7},{"damage":0,"enemies":"Slime Boss","floor":16,"turns":3},{"damage":17,"enemies":"Chosen","floor":18,"turns":7},{"damage":21,"enemies":"3 Byrds","floor":19,"turns":7},{"damage":45,"enemies":"Centurion and Healer","floor":21,"turns":6},{"damage":14,"enemies":"Snake Plant","floor":22,"turns":4},{"damage":11,"enemies":"3 Cultists","floor":23,"turns":3},{"damage":9,"enemies":"Book of Stabbing","floor":24,"turns":1}],"seed_played":"2714638491090113464","potions_obtained":[{"floor":2,"key":"CultistPotion"},{"floor":3,"key":"BlessingOfTheForge"},{"floor":6,"key":"LiquidBronze"},{"floor":14,"key":"Block Potion"},{"floor":16,"key":"LiquidBronze"},{"floor":21,"key":"Weak Potion"},{"floor":22,"key":"Dexterity Potion"}],"is_trial":false,"path_per_floor":["M","M","M","$","M","E","R","?","T","R","E","M","?","M","R","B",null,"M","M","$","M","M","M","E"],"character_chosen":"REMILIA","items_purchased":["UnstableMagic","ScarletDevil","CharismaGuard","AntiCross","DollysMirror"],"campfire_rested":0,"item_purchase_floors":[4,4,4,20,20],"current_hp_per_floor":[75,75,75,75,67,58,58,58,58,58,44,38,38,30,30,33,75,62,45,45,19,10,4,0,0],"gold":113,"neow_bonus":"","is_daily":false,"chose_seed":false,"campfire_upgraded":3,"win_rate":0.0,"timestamp":1613110170,"path_taken":["M","?","M","$","M","E","R","?","T","R","E","M","?","M","R","BOSS","M","M","$","M","M","M","E"],"items_purchased_type":["Card","Card","Card","Relic","Relic"],"build_version":"2020-12-22","purchased_purges":0,"victory":false,"max_hp_per_floor":[75,75,75,75,75,75,75,75,75,75,75,75,75,75,75,75,75,75,75,75,75,75,75,75,75],"card_choices":[{"not_picked":["RedMagic","UnstableMagic"],"picked":"Stigmanizer","floor":1},{"not_picked":["CharismaGuard","ScarletDevil"],"picked":"Ultimatum","floor":2},{"not_picked":["ChainGang","ScarletGensokyo"],"picked":"VampireKiss","floor":3},{"not_picked":["MillenniumVampire","ChainGang"],"picked":"QueenOfMidnight","floor":3},{"not_picked":["ScarletDevil","RedNightlessCastle"],"picked":"HunterOfTheNight","floor":5},{"not_picked":["UnstableMagic","BloodyTrap"],"picked":"BombardNight","floor":5},{"not_picked":["UniverseFragment","BeautyBeast"],"picked":"Funeral","floor":5},{"not_picked":["Septette","Maim"],"picked":"RedRainbow","floor":6},{"not_picked":["UnstableMagic","BloodHunter"],"picked":"EndlessAdversity","floor":6},{"not_picked":["WallGazer","MHz"],"picked":"VoidDream","floor":6},{"not_picked":["UnstableMagic","TwelveNightmare"],"picked":"TransientEternity","floor":11},{"not_picked":["ScarletSymphony","GlobalNightmare"],"picked":"MiserableFate","floor":12},{"not_picked":["UnstableMagic","ScarletDevilSign"],"picked":"StarOfDavid","floor":14},{"not_picked":["HeartBreak","ForecastOfChange"],"picked":"ScarletMeister","floor":16},{"not_picked":["ScarletDevilSign","ScarletDevil+1","MastersStateliness"],"picked":"FavorOfDestiny","floor":18},{"not_picked":["EmergencyRegeneration","UnstableMagic","StarOfDavid"],"picked":"EndlessAdversity","floor":18},{"not_picked":["BlasphemousPunishment+1","Ultimatum","MastersStateliness"],"picked":"RedRainbow+1","floor":19},{"not_picked":["NightDance","VampireFantasy","BombardNight"],"picked":"BloodyHallows","floor":19},{"not_picked":["OldLady","UniverseFragment"],"picked":"GreedKing","floor":19},{"not_picked":["ScarletGensokyo+1","MiserableFate","CharismaGuard"],"picked":"MastersStateliness","floor":21},{"not_picked":["FairyFestival","LittleHelper"],"picked":"ShyLook","floor":22},{"not_picked":["CharismaGuard","Septette","RedNightlessCastle"],"picked":"DiffusionOfMisfortune","floor":22},{"not_picked":["MillenniumVampire","StarOfDavid+1","CharismaGuard"],"picked":"VampirishNight","floor":23}],"player_experience":95212,"relics_obtained":[{"floor":6,"key":"Dream Catcher"},{"floor":9,"key":"Kunai"},{"floor":11,"key":"Gremlin Horn"},{"floor":17,"key":"Happy Flower"},{"floor":17,"key":"Question Card"},{"floor":17,"key":"Peace Pipe"}],"event_choices":[{"damage_healed":0,"gold_gain":0,"player_choice":"Ignored","damage_taken":0,"max_hp_gain":0,"max_hp_loss":0,"event_name":"NoteForYourself","floor":8,"gold_loss":0},{"damage_healed":0,"gold_gain":175,"player_choice":"AGREE","damage_taken":0,"max_hp_gain":0,"max_hp_loss":0,"event_name":"Liars Game","floor":13,"gold_loss":0,"cards_obtained":["Doubt"]}],"is_beta":false,"boss_relics":[{"not_picked":["Cursed Key","Philosopher\u0027s Stone"],"picked":"Calling Bell"}],"items_purged_floors":[],"is_endless":false,"potions_floor_spawned":[2,3,6,14,16,22],"killed_by":"Book of Stabbing","ascension_level":0}}