{"host":"6z6y4ky8uzsz1dpj","time":1613137650,"event":{"mods":["AchievementEnabler","BaseMod","BetterRewards","Challenge The Spire","Colored Map","Hubris","Minty Spire (QoL Compilation)","Quick Restart","Relic Stats","Replay The Spire","StSLib"],"gold_per_floor":[119,119,134,154,172,172,172],"floor_reached":6,"language":"ENG","playtime":275,"items_purged":["Strike_G"],"score":57,"play_id":"57cc962b-a60a-4700-942e-63ccff12ce87","local_time":"20210212084730","is_ascension_mode":true,"campfire_choices":[],"circlet_count":0,"master_deck":["AscendersBane","Strike_G","Strike_G","Strike_G","Strike_G","Defend_G","Defend_G","Defend_G","Defend_G","Defend_G","Survivor","Neutralize","ReplayTheSpireMod:Scrap Shanks","ReplayTheSpireMod:Shiv Toss","Dagger Throw","Accuracy","Blade Dance","ReplayTheSpireMod:Scrap Shanks","Noxious Fumes","Reflex","Infinite Blades"],"relics":["Ring of the Snake","Orrery","hubris:Icosahedron"],"acts_visited":["Exordium"],"potions_floor_usage":[5],"damage_taken":[{"damage":7,"enemies":"Jaw Worm","floor":1,"turns":4},{"damage":5,"enemies":"2 Louse","floor":3,"turns":2},{"damage":3,"enemies":"Small Slimes","floor":4,"turns":3},{"damage":26,"enemies":"Gremlin Gang","floor":5,"turns":4},{"damage":27,"enemies":"Lagavulin","floor":6,"turns":4}],"seed_played":"-5293699967402723322","potions_obtained":[{"floor":3,"key":"PowerPotion"}],"is_trial":false,"path_per_floor":["M","?","M","M","M","E"],"character_chosen":"THE_SILENT","items_purchased":["ReplayTheSpireMod:Scrap Shanks","Orrery","Blade Dance"],"campfire_rested":0,"item_purchase_floors":[0,0,0],"current_hp_per_floor":[49,49,44,41,15,0,0],"gold":172,"neow_bonus":"","is_daily":false,"chose_seed":false,"campfire_upgraded":0,"win_rate":0.0,"timestamp":1613137650,"path_taken":["M","?","M","M","M","E"],"items_purchased_type":["Card","Relic","Card"],"build_version":"2020-12-22","purchased_purges":1,"victory":false,"max_hp_per_floor":[70,70,70,70,70,70,70],"relic_stats":{"counters":[5,17],"obtain_stats":[{"hubris:Icosahedron":2,"Orrery":0,"Ring of the Snake":0},{"hubris:Icosahedron":1,"Orrery":0,"Ring of the Snake":0},{"hubris:Icosahedron":4,"Orrery":0,"Ring of the Snake":0}],"Ring of the Snake":[10]},"card_choices":[{"not_picked":["ReplayTheSpireMod:Tripwire","Underhanded Strike"],"picked":"ReplayTheSpireMod:Shiv Toss","floor":0},{"not_picked":["Toxin Wave","Slice"],"picked":"Dagger Throw","floor":0},{"not_picked":["Dagger Spray","Terror"],"picked":"Accuracy","floor":0},{"not_picked":["Riddle With Holes","Choke"],"picked":"ReplayTheSpireMod:Scrap Shanks","floor":1},{"not_picked":["Deflect","Outmaneuver"],"picked":"Noxious Fumes","floor":3},{"not_picked":["Sucker Punch","Backflip"],"picked":"Reflex","floor":4},{"not_picked":["Backstab","Hidden Blade"],"picked":"Infinite Blades","floor":5}],"player_experience":613956,"relics_obtained":[],"event_choices":[],"is_beta":false,"boss_relics":[],"items_purged_floors":[0],"is_endless":false,"potions_floor_spawned":[3],"killed_by":"Lagavulin","ascension_level":10}}