{"host":"i8q7ze1vl6je1zeo","time":1613099835,"event":{"mods":["BaseMod","Colored Map","Colored Powertips","Highlight Path","Minty Spire (QoL Compilation)","Permanent Neow","StSLib"],"gold_per_floor":[110,110,10,85,96,96,121,15,87,113,113,113,141,161,161,161,161],"floor_reached":16,"language":"ENG","playtime":820,"items_purged":[],"score":186,"play_id":"d4fc97d6-84ef-42bc-b53e-40b8c13c433d","local_time":"20210211211715","is_ascension_mode":true,"campfire_choices":[{"data":"Searing Blow","floor":6,"key":"SMITH"},{"data":"Searing Blow+1","floor":11,"key":"SMITH"},{"data":"Searing Blow+2","floor":15,"key":"SMITH"}],"circlet_count":0,"master_deck":["AscendersBane","Strike_R","Strike_R","Strike_R","Strike_R","Strike_R","Defend_R","Defend_R","Defend_R","Defend_R","Searing Blow+3","Inflame","Shrug It Off","Infernal Blade","Armaments","Shrug It Off","Thunderclap","Intimidate"],"relics":["Burning Blood","Tiny Chest","Meat on the Bone","Prayer Wheel","Dream Catcher"],"acts_visited":["Exordium"],"potions_floor_usage":[13],"damage_taken":[{"damage":4,"enemies":"Jaw Worm","floor":1,"turns":6},{"damage":0,"enemies":"Small Slimes","floor":5,"turns":3},{"damage":46,"enemies":"Lagavulin","floor":10,"turns":12},{"damage":22,"enemies":"3 Sentries","floor":13,"turns":6},{"damage":0,"enemies":"2 Louse","floor":14,"turns":2},{"damage":52,"enemies":"Slime Boss","floor":16,"turns":7}],"seed_played":"-387382181265895764","potions_obtained":[{"floor":10,"key":"SneckoOil"},{"floor":13,"key":"BlessingOfTheForge"}],"is_trial":false,"path_per_floor":["M","?","$","?","M","R","T","$","T","E","R","?","E","M","R","B"],"character_chosen":"IRONCLAD","items_purchased":["Inflame","Shrug It Off","Armaments","Shrug It Off"],"campfire_rested":0,"item_purchase_floors":[3,3,8,8],"current_hp_per_floor":[77,70,70,59,65,65,65,65,65,37,37,37,33,51,51,0,0],"gold":161,"neow_bonus":"TEN_PERCENT_HP_BONUS","is_daily":false,"chose_seed":false,"campfire_upgraded":3,"win_rate":0.0,"timestamp":1613099835,"path_taken":["M","?","$","?","M","R","?","?","T","E","R","?","E","M","R","BOSS"],"items_purchased_type":["Card","Card","Card","Card"],"build_version":"2020-12-22","purchased_purges":0,"victory":false,"max_hp_per_floor":[82,82,82,82,82,82,82,82,82,82,82,82,82,82,82,82,82],"card_choices":[{"not_picked":["Clothesline","Blood for Blood"],"picked":"Searing Blow","floor":1},{"not_picked":["Burning Pact","Power Through"],"picked":"Infernal Blade","floor":5},{"not_picked":["Sword Boomerang","Flex"],"picked":"Thunderclap","floor":10},{"not_picked":["Wild Strike","Warcry"],"picked":"Intimidate","floor":13},{"not_picked":["Havoc","Warcry","Second Wind"],"picked":"SKIP","floor":14},{"not_picked":["Feel No Pain","Anger","Clothesline"],"picked":"SKIP","floor":14}],"player_experience":446788,"relics_obtained":[{"floor":7,"key":"Tiny Chest"},{"floor":9,"key":"Meat on the Bone"},{"floor":10,"key":"Prayer Wheel"},{"floor":13,"key":"Dream Catcher"}],"event_choices":[{"cards_removed":["Bash"],"damage_healed":0,"gold_gain":0,"player_choice":"Card Removal","damage_taken":7,"max_hp_gain":0,"max_hp_loss":0,"event_name":"Golden Wing","floor":2,"gold_loss":0},{"damage_healed":0,"gold_gain":75,"player_choice":"Gather Gold","damage_taken":11,"max_hp_gain":0,"max_hp_loss":0,"event_name":"World of Goop","floor":4,"gold_loss":0},{"damage_healed":0,"gold_gain":0,"player_choice":"Ignored","damage_taken":0,"max_hp_gain":0,"max_hp_loss":0,"event_name":"Shining Light","floor":12,"gold_loss":0}],"is_beta":false,"boss_relics":[],"items_purged_floors":[],"is_endless":false,"potions_floor_spawned":[10,13],"killed_by":"Slime Boss","ascension_level":15}}