{"host":"tner83jrcdd0m6a5","time":1613115888,"event":{"mods":["AchievementEnabler","BaseMod","Bestiary","Colored Map","Colored Powertips","DeckTracker","Highlight Path","Keyboard Shortcuts","Minty Spire (QoL Compilation)","Quick Restart","Rare Cards Sparkle","Relic Stats","Slay-I","SuperFastMode"],"gold_per_floor":[116,116,41,60,79,112,62,62,62,81,45,45,45,75,75,75,75],"floor_reached":16,"language":"ENG","playtime":352,"items_purged":["Strike_G"],"score":118,"play_id":"778a8dff-e1bb-4982-b568-a9a7a13660e3","local_time":"20210212074448","is_ascension_mode":true,"campfire_choices":[{"floor":12,"key":"REST"},{"floor":15,"key":"REST"}],"circlet_count":0,"master_deck":["Strike_G","Strike_G","Defend_G","Defend_G","Defend_G","Defend_G","Defend_G","Survivor","Neutralize","Masterful Stab","Backflip","Backflip","Finisher"],"relics":["Ring of the Snake","NeowsBlessing","Letter Opener","Blood Vial"],"acts_visited":["Exordium"],"potions_floor_usage":[6,16],"damage_taken":[{"damage":0,"enemies":"Cultist","floor":1,"turns":1},{"damage":0,"enemies":"Small Slimes","floor":4,"turns":1},{"damage":0,"enemies":"Jaw Worm","floor":5,"turns":1},{"damage":58,"enemies":"Lagavulin","floor":6,"turns":9},{"damage":0,"enemies":"Exordium Wildlife","floor":10,"turns":7},{"damage":55,"enemies":"The Guardian","floor":16,"turns":13}],"seed_played":"-4992630065131742398","potions_obtained":[{"floor":4,"key":"Fire Potion"},{"floor":6,"key":"CunningPotion"}],"is_trial":false,"path_per_floor":["M","?","$","M","M","E","?","?","T","M","$","R","$","?","R","B"],"character_chosen":"THE_SILENT","items_purchased":["Finisher"],"campfire_rested":2,"item_purchase_floors":[11],"current_hp_per_floor":[70,70,70,70,70,12,12,5,5,7,7,28,28,28,49,0,0],"gold":75,"neow_bonus":"THREE_ENEMY_KILL","is_daily":false,"chose_seed":false,"campfire_upgraded":0,"win_rate":0.0,"timestamp":1613115888,"path_taken":["M","?","$","M","?","E","?","?","T","M","$","R","$","?","R","BOSS"],"items_purchased_type":["Card"],"build_version":"2020-12-22","purchased_purges":1,"victory":false,"max_hp_per_floor":[70,70,70,70,70,70,70,70,70,70,70,70,70,70,70,70,70],"relic_stats":{"Blood Vial":4,"counters":[6,32],"Letter Opener":[10],"obtain_stats":[{"Blood Vial":9,"NeowsBlessing":0,"Letter Opener":6,"Ring of the Snake":0},{"Blood Vial":4,"NeowsBlessing":0,"Letter Opener":4,"Ring of the Snake":0},{"Blood Vial":12,"NeowsBlessing":0,"Letter Opener":12,"Ring of the Snake":0}],"Ring of the Snake":[12]},"card_choices":[{"not_picked":["Prepared","Deflect","Slice"],"picked":"SKIP","floor":1},{"not_picked":["Dodge and Roll","Underhanded Strike","Quick Slash"],"picked":"SKIP","floor":4},{"not_picked":["Deflect","Bane"],"picked":"Masterful Stab","floor":5},{"not_picked":["Accuracy","Blade Dance"],"picked":"Backflip","floor":6},{"not_picked":["Flying Knee","Outmaneuver"],"picked":"Backflip","floor":10}],"player_experience":377105,"relics_obtained":[{"floor":6,"key":"Letter Opener"},{"floor":9,"key":"Blood Vial"}],"event_choices":[{"damage_healed":0,"gold_gain":0,"player_choice":"Ignored","damage_taken":0,"max_hp_gain":0,"max_hp_loss":0,"event_name":"WeMeetAgain","floor":2,"gold_loss":0},{"cards_removed":["Strike_G"],"damage_healed":0,"gold_gain":0,"player_choice":"Card Removal","damage_taken":0,"max_hp_gain":0,"max_hp_loss":0,"event_name":"The Cleric","floor":7,"gold_loss":50},{"cards_removed":["Strike_G"],"damage_healed":0,"gold_gain":0,"player_choice":"Card Removal","damage_taken":7,"max_hp_gain":0,"max_hp_loss":0,"event_name":"Golden Wing","floor":8,"gold_loss":0},{"damage_healed":0,"gold_gain":30,"player_choice":"Searched \u00271\u0027 times","damage_taken":0,"max_hp_gain":0,"max_hp_loss":0,"event_name":"Dead Adventurer","floor":14,"gold_loss":0}],"is_beta":false,"boss_relics":[],"items_purged_floors":[3],"is_endless":false,"potions_floor_spawned":[4,6],"killed_by":"The Guardian","ascension_level":4}}