{"host":"w4b7hmige5bnqipq","time":1613132867,"event":{"mods":["2.2 Compatiblity","BaseMod","Colored Map","DeckTracker","Keyboard Shortcuts","Minty Spire (QoL Compilation)","Permanent Neow","Rare Cards Sparkle","SuperFastMode","everything is the same but u backflip on backflip","slay the spire mod where everything is the same but ironclad has a cowboy hat"],"gold_per_floor":[110,126,146,158,177,210,224,224,224,236,264,264,264,293,293,366,366,331,331,201,201,116,146,166,66,66,66,100,110,110,123,123,200,200,214,214,228,228,103,103,28,28,80,113,127,127,155,155,155,155,155,155,43,76,76,76],"floor_reached":55,"language":"KOR","playtime":2394,"items_purged":["Strike_B","Writhe","Strike_B"],"score":1544,"play_id":"4477d4f3-b92f-4dee-8e31-39fb6be7434a","local_time":"20210212202747","is_ascension_mode":true,"campfire_choices":[{"data":"Glacier","floor":8.0,"key":"SMITH"},{"data":"Blizzard","floor":13.0,"key":"SMITH"},{"data":"Coolheaded","floor":15.0,"key":"SMITH"},{"data":"Buffer","floor":27.0,"key":"SMITH"},{"floor":32.0,"key":"REST"},{"data":"Creative AI","floor":40.0,"key":"SMITH"},{"data":"Defragment","floor":42.0,"key":"SMITH"},{"floor":49.0,"key":"RECALL"},{"data":"Defragment","floor":52.0,"key":"SMITH"}],"circlet_count":0,"master_deck":["AscendersBane","Strike_B+1","Defend_B","Defend_B","Defend_B","Defend_B","Zap","Dualcast","Chill","Blizzard+1","Streamline","Sweeping Beam","Cold Snap","Glacier+1","Coolheaded+1","Coolheaded+1","Doom and Gloom","Buffer+1","CurseOfTheBell","Loop","Go for the Eyes","FTL+1","Skim+1","Conserve Battery","Creative AI+1","Coolheaded+1","Blind","Stack","Defragment+1","Hologram","Defragment+1","Echo Form"],"relics":["Inserter","DataDisk","Pear","MealTicket","Potion Belt","Calling Bell","Orichalcum","Question Card","Ice Cream","Calipers","Omamori","Bottled Tornado","Mummified Hand","Art of War","Philosopher\u0027s Stone","Molten Egg 2","Bronze Scales","Symbiotic Virus"],"acts_visited":["Exordium","TheCity","TheBeyond","TheEnding"],"potions_floor_usage":[55,55,55],"damage_taken":[{"damage":0.0,"enemies":"Small Slimes","floor":1.0,"turns":4.0},{"damage":9.0,"enemies":"2 Louse","floor":2.0,"turns":4.0},{"damage":9.0,"enemies":"Cultist","floor":3.0,"turns":4.0},{"damage":4.0,"enemies":"3 Louse","floor":4.0,"turns":4.0},{"damage":12.0,"enemies":"2 Fungi Beasts","floor":5.0,"turns":3.0},{"damage":2.0,"enemies":"3 Sentries","floor":6.0,"turns":6.0},{"damage":0.0,"enemies":"Blue Slaver","floor":7.0,"turns":5.0},{"damage":6.0,"enemies":"Looter","floor":10.0,"turns":4.0},{"damage":24.0,"enemies":"Gremlin Nob","floor":11.0,"turns":5.0},{"damage":7.0,"enemies":"3 Sentries","floor":14.0,"turns":6.0},{"damage":5.0,"enemies":"The Guardian","floor":16.0,"turns":14.0},{"damage":20.0,"enemies":"2 Thieves","floor":18.0,"turns":5.0},{"damage":69.0,"enemies":"Slavers","floor":23.0,"turns":9.0},{"damage":9.0,"enemies":"Spheric Guardian","floor":24.0,"turns":9.0},{"damage":28.0,"enemies":"Gremlin Leader","floor":28.0,"turns":12.0},{"damage":0.0,"enemies":"Chosen and Byrds","floor":29.0,"turns":6.0},{"damage":0.0,"enemies":"Cultist and Chosen","floor":31.0,"turns":8.0},{"damage":0.0,"enemies":"Collector","floor":33.0,"turns":13.0},{"damage":14.0,"enemies":"Orb Walker","floor":35.0,"turns":6.0},{"damage":13.0,"enemies":"3 Darklings","floor":37.0,"turns":6.0},{"damage":0.0,"enemies":"Giant Head","floor":44.0,"turns":15.0},{"damage":0.0,"enemies":"Spire Growth","floor":45.0,"turns":5.0},{"damage":0.0,"enemies":"Nemesis","floor":47.0,"turns":9.0},{"damage":17.0,"enemies":"Donu and Deca","floor":50.0,"turns":12.0},{"damage":77,"enemies":"Shield and Spear","floor":54,"turns":10},{"damage":9,"enemies":"The Heart","floor":55,"turns":2}],"seed_played":"829019574298229632","potions_obtained":[{"floor":3.0,"key":"Strength Potion"},{"floor":4.0,"key":"AttackPotion"},{"floor":6.0,"key":"FairyPotion"},{"floor":11.0,"key":"Ancient Potion"},{"floor":16.0,"key":"EssenceOfSteel"},{"floor":23.0,"key":"FairyPotion"},{"floor":28.0,"key":"EntropicBrew"},{"floor":29.0,"key":"Swift Potion"},{"floor":33.0,"key":"AttackPotion"},{"floor":35.0,"key":"Dexterity Potion"},{"floor":47.0,"key":"FearPotion"},{"floor":54,"key":"Fruit Juice"}],"is_trial":false,"path_per_floor":["M","M","M","M","M","E","M","R","T","M","E","?","R","E","R","B",null,"M","?","$","?","?","E","M","$","T","R","E","M","?","M","R","B",null,"M","?","M","?","$","R","$","R","T","E","M","?","E","?","R","B",null,"R","$","E","B"],"character_chosen":"DEFECT","items_purchased":["Go for the Eyes","Defragment","Energy Potion","Swift Potion"],"campfire_rested":1,"item_purchase_floors":[20,41,53,53],"current_hp_per_floor":[64,55,46,42,30,28,28,28,38,32,8,24,24,17,17,12,64,44,60,75,75,75,6,22,37,37,37,9,9,9,9,33,33,69,55,55,42,42,57,57,72,72,72,72,72,72,72,72,72,55,75,75,81,4,0,0],"gold":76,"neow_bonus":"BOSS_RELIC","is_daily":false,"chose_seed":false,"campfire_upgraded":7,"win_rate":0.0,"timestamp":1613132867,"path_taken":["M","M","M","M","M","E","M","R","T","M","E","?","R","E","R","BOSS","M","?","$","?","?","E","M","$","T","R","E","M","?","M","R","BOSS","M","?","M","?","$","R","$","R","T","E","?","?","E","?","R","BOSS","R","$","E","BOSS"],"items_purchased_type":["Card","Card","Potion","Potion"],"build_version":"2020-12-22","purchased_purges":3,"victory":false,"max_hp_per_floor":[71,71,71,71,71,71,71,71,81,81,81,81,81,81,81,81,81,81,81,81,81,81,81,81,81,81,81,81,81,81,81,81,81,81,81,81,81,81,81,81,81,81,81,81,81,81,81,81,81,81,81,81,81,81,86,86],"card_choices":[{"not_picked":["Hologram","Capacitor"],"picked":"Chill","floor":1.0},{"not_picked":["Chill","Conserve Battery"],"picked":"Blizzard","floor":2.0},{"not_picked":["Sunder","Darkness"],"picked":"Streamline","floor":3.0},{"not_picked":["Recycle","BootSequence"],"picked":"Sweeping Beam","floor":4.0},{"not_picked":["Chill","Capacitor"],"picked":"Cold Snap","floor":5.0},{"not_picked":["Go for the Eyes","Storm"],"picked":"Glacier","floor":6.0},{"not_picked":["Electrodynamics","White Noise"],"picked":"Coolheaded","floor":7.0},{"not_picked":["Barrage","Genetic Algorithm"],"picked":"Coolheaded","floor":10.0},{"not_picked":["Force Field","Electrodynamics","Fission"],"picked":"SKIP","floor":11.0},{"not_picked":["Coolheaded","Streamline"],"picked":"Doom and Gloom","floor":14.0},{"not_picked":["Electrodynamics","All For One"],"picked":"Buffer","floor":16.0},{"not_picked":["Hologram","Turbo","Leap"],"picked":"Loop","floor":18.0},{"not_picked":["Redo","Gash","Coolheaded","Turbo"],"picked":"SKIP","floor":23.0},{"not_picked":["Ball Lightning","Beam Cell","Compile Driver","Capacitor"],"picked":"SKIP","floor":24.0},{"not_picked":["Barrage","Conserve Battery","Storm"],"picked":"FTL+1","floor":28.0},{"not_picked":["Hologram","Steam","Multi-Cast"],"picked":"Skim+1","floor":29.0},{"not_picked":["Sunder","Beam Cell","Gash+1"],"picked":"Conserve Battery","floor":31.0},{"not_picked":["Echo Form","Fission","Electrodynamics"],"picked":"Creative AI","floor":33.0},{"not_picked":["Turbo","Force Field","Hello World"],"picked":"Coolheaded+1","floor":35.0},{"not_picked":["Purity","Bandage Up","Flash of Steel"],"picked":"Blind","floor":36.0},{"not_picked":["Coolheaded","Go for the Eyes","Streamline"],"picked":"Stack","floor":37.0},{"not_picked":["Thunder Strike+1","Streamline+1","Reprogram","Steam+1"],"picked":"SKIP","floor":44.0},{"not_picked":["Stack","Barrage+1","Cold Snap+1","Hologram"],"picked":"SKIP","floor":45.0},{"not_picked":["Stack","Barrage+1","Cold Snap+1"],"picked":"Hologram","floor":45.0},{"not_picked":["Go for the Eyes+1","Conserve Battery+1","All For One+1"],"picked":"Defragment","floor":47.0},{"not_picked":["Force Field+1","Genetic Algorithm","Steam"],"picked":"Echo Form","floor":54}],"player_experience":740394,"relics_obtained":[{"floor":6.0,"key":"DataDisk"},{"floor":9.0,"key":"Pear"},{"floor":11.0,"key":"MealTicket"},{"floor":14.0,"key":"Potion Belt"},{"floor":17.0,"key":"Orichalcum"},{"floor":17.0,"key":"Question Card"},{"floor":17.0,"key":"Ice Cream"},{"floor":23.0,"key":"Bottled Tornado"},{"floor":26.0,"key":"Mummified Hand"},{"floor":28.0,"key":"Art of War"},{"floor":44.0,"key":"Molten Egg 2"},{"floor":47.0,"key":"Bronze Scales"},{"floor":54,"key":"Symbiotic Virus"}],"event_choices":[{"damage_healed":0.0,"max_hp_gain":0.0,"max_hp_loss":0.0,"gold_gain":0.0,"event_name":"Shining Light","player_choice":"Entered Light","floor":12.0,"gold_loss":0.0,"damage_taken":24.0,"cards_upgraded":["Coolheaded","Strike_B"]},{"damage_healed":16.0,"max_hp_gain":0.0,"max_hp_loss":0.0,"gold_gain":0.0,"event_name":"The Library","player_choice":"Heal","floor":19.0,"gold_loss":0.0,"damage_taken":0.0},{"damage_healed":0.0,"max_hp_gain":0.0,"max_hp_loss":0.0,"gold_gain":0.0,"event_name":"The Mausoleum","player_choice":"Opened","floor":21.0,"gold_loss":0.0,"damage_taken":0.0,"relics_obtained":["Calipers"],"cards_obtained":["Writhe"]},{"damage_healed":0.0,"max_hp_gain":0.0,"max_hp_loss":0.0,"gold_gain":0.0,"event_name":"Addict","player_choice":"Obtained Relic","floor":22.0,"gold_loss":85.0,"damage_taken":0.0,"relics_obtained":["Omamori"]},{"damage_healed":0.0,"max_hp_gain":0.0,"max_hp_loss":0.0,"gold_gain":0.0,"event_name":"Cursed Tome","player_choice":"Ignored","floor":30.0,"gold_loss":0.0,"damage_taken":0.0},{"damage_healed":0.0,"max_hp_gain":0.0,"max_hp_loss":0.0,"gold_gain":0.0,"event_name":"SensoryStone","player_choice":"Memory 1","floor":36.0,"gold_loss":0.0,"damage_taken":0.0},{"damage_healed":0.0,"max_hp_gain":0.0,"max_hp_loss":0.0,"gold_gain":0.0,"event_name":"Wheel of Change","player_choice":"Cursed","floor":38.0,"gold_loss":0.0,"damage_taken":0.0,"cards_obtained":["Decay"]},{"cards_removed":["Strike_B"],"damage_healed":0.0,"max_hp_gain":0.0,"max_hp_loss":0.0,"gold_gain":0.0,"event_name":"Falling","player_choice":"Removed Attack","floor":46.0,"gold_loss":0.0,"damage_taken":0.0},{"damage_healed":0.0,"max_hp_gain":0.0,"max_hp_loss":0.0,"gold_gain":0.0,"event_name":"Mysterious Sphere","player_choice":"Ignored","floor":48.0,"gold_loss":0.0,"damage_taken":0.0}],"is_beta":false,"boss_relics":[{"not_picked":["Tiny House","Astrolabe"],"picked":"Calling Bell"},{"not_picked":["Velvet Choker","SacredBark"],"picked":"Philosopher\u0027s Stone"}],"items_purged_floors":[20,25,39],"is_endless":false,"potions_floor_spawned":[3,4,5,6,11,16,23,28,29,33,35,47,54],"killed_by":"The Heart","ascension_level":16}}