{"host":"15f3wpiimhe5yrng","time":1613128691,"event":{"mods":["BaseMod","Better Altar","Better Match","Better Note","Better Sensory Stone","Better Skull","Better Third Choice","BetterRewards","Bossed Relics","Colored Map","Downfall","GifTheSpireLib","Good Game Mod","Minty Spire (QoL Compilation)","Permanent Neow","Spire Arcade","StSLib","The Disciple","The Marked","The Servant 0.9.4"],"gold_per_floor":[115,134,134,151,51,76,92,121,121,149,164,189,199,199,199,303,303,314,328,253,271,271,297,314,19,19,31,59,71,87,115,115,216,216,231,241,241,260,260,260,290,290,338,365,384,413,413,36,36,36,36,36,36,66,66,66],"floor_reached":55,"language":"ENG","playtime":3412,"items_purged":["theMarked:Strike","theMarked:Strike","theMarked:Strike"],"score":1201,"play_id":"04978e24-e515-4217-8f37-1713b2771f37","local_time":"20210212121811","is_ascension_mode":true,"campfire_choices":[{"data":"theMarked:ComboAttacks","floor":15,"key":"SMITH"},{"data":"theMarked:MuscleMemory","floor":32,"key":"SMITH"},{"data":"Madness","floor":40,"key":"SMITH"},{"data":"theMarked:Improvise","floor":42,"key":"SMITH"},{"floor":47,"key":"RECALL"},{"data":"Madness","floor":49,"key":"SMITH"},{"data":"theMarked:RogueSparks","floor":52,"key":"SMITH"}],"circlet_count":0,"master_deck":["theMarked:Strike","theMarked:Strike","theMarked:Defend","theMarked:Defend","theMarked:Defend","theMarked:Defend","theMarked:SoldierOfQuellstein","Core Surge","theMarked:Aftermath","theMarked:ComboAttacks+1","Immolate+1","theMarked:Improvise+1","theMarked:BanishingStrike","theMarked:MuscleMemory+1","theMarked:RogueSparks+1","theMarked:SuspiciousRaven","Apotheosis+1","theMarked:Challenge","theMarked:RepellingDischarge+1","theMarked:Parry","Secret Technique","theMarked:FavorableWinds","theMarked:Improvise","theMarked:Seal+1","theMarked:BanishingStrike+1","theMarked:RepellingDischarge","theMarked:Challenge","theMarked:BanishingWave+1","Madness+1","Madness+1"],"relics":["theMarked:ArtifactOfAir","REME:ComplimentaryCards","Tiny Chest","TungstenRod","theMarked:DemonDagger","FossilizedHelix","Pear","theMarked:VonisonLock","Bottled Tornado","Philosopher\u0027s Stone","Orichalcum","PreservedInsect","Kunai","Meat on the Bone","Bottled Lightning","Frozen Egg 2","Coffee Dripper","Regal Pillow","Blood Vial","Nunchaku","InkBottle","Vajra"],"acts_visited":["Exordium","TheCity","TheBeyond","TheEnding"],"potions_floor_usage":[8,12,23,31,31,31,46,55,55,55],"damage_taken":[{"damage":0,"enemies":"Jaw Worm","floor":1,"turns":3},{"damage":4,"enemies":"Small Slimes","floor":2,"turns":3},{"damage":0,"enemies":"2 Louse","floor":4,"turns":1},{"damage":29,"enemies":"Lagavulin","floor":6,"turns":6},{"damage":0,"enemies":"Looter","floor":7,"turns":3},{"damage":0,"enemies":"Gremlin Nob","floor":8,"turns":3},{"damage":1,"enemies":"Lagavulin","floor":10,"turns":5},{"damage":0,"enemies":"Large Slime","floor":11,"turns":4},{"damage":8,"enemies":"3 Sentries","floor":12,"turns":5},{"damage":0,"enemies":"Red Slaver","floor":13,"turns":3},{"damage":0,"enemies":"Hexaghost","floor":16,"turns":7},{"damage":20,"enemies":"Spheric Guardian","floor":18,"turns":4},{"damage":5,"enemies":"3 Byrds","floor":19,"turns":4},{"damage":6,"enemies":"Cultist and Chosen","floor":21,"turns":5},{"damage":23,"enemies":"Slavers","floor":23,"turns":5},{"damage":6,"enemies":"Chosen and Byrds","floor":24,"turns":5},{"damage":14,"enemies":"Snake Plant","floor":27,"turns":3},{"damage":0,"enemies":"Book of Stabbing","floor":28,"turns":4},{"damage":0,"enemies":"Shelled Parasite and Fungi","floor":29,"turns":3},{"damage":0,"enemies":"Cultist and Chosen","floor":30,"turns":4},{"damage":8,"enemies":"Slavers","floor":31,"turns":4},{"damage":0,"enemies":"Champ","floor":33,"turns":6},{"damage":22,"enemies":"3 Shapes","floor":35,"turns":3},{"damage":0,"enemies":"Orb Walker","floor":36,"turns":3},{"damage":27,"enemies":"Spire Growth","floor":38,"turns":4},{"damage":0,"enemies":"Giant Head","floor":41,"turns":6},{"damage":2,"enemies":"Jaw Worm Horde","floor":45,"turns":4},{"damage":22,"enemies":"Reptomancer","floor":46,"turns":5},{"damage":34,"enemies":"Donu and Deca","floor":50,"turns":7},{"damage":36,"enemies":"Shield and Spear","floor":54,"turns":6},{"damage":54,"enemies":"The Heart","floor":55,"turns":2}],"seed_played":"7865108815609465024","potions_obtained":[{"floor":2,"key":"Fire Potion"},{"floor":6,"key":"bronze:BurnAndBuffPotion"},{"floor":8,"key":"Fire Potion"},{"floor":10,"key":"SpeedPotion"},{"floor":19,"key":"Block Potion"},{"floor":23,"key":"theMarked:ChargePotion"},{"floor":24,"key":"SkillPotion"},{"floor":27,"key":"EntropicBrew"},{"floor":45,"key":"EssenceOfSteel"},{"floor":54,"key":"sneckomod:MuddlingPotion"}],"is_trial":false,"path_per_floor":["M","M","?","M","$","E","M","E","T","E","M","E","M","?","R","B",null,"M","M","?","M","T","E","M","$","T","M","E","M","M","E","R","B",null,"M","M","?","M","?","R","E","R","T","T","M","E","R","$","R","B",null,"R","$","E","B"],"character_chosen":"THE_DEFAULT","items_purchased":["Tiny Chest","Kunai","theMarked:RepellingDischarge","InkBottle"],"campfire_rested":0,"item_purchase_floors":[0,25,25,48],"current_hp_per_floor":[63,59,51,51,51,22,22,32,32,31,31,23,23,23,23,23,80,60,55,55,49,49,26,20,20,20,18,30,42,42,46,46,46,80,58,58,49,34,34,34,46,46,46,46,46,38,38,38,38,18,80,80,80,44,0,0],"gold":66,"neow_bonus":"","is_daily":false,"chose_seed":false,"campfire_upgraded":6,"win_rate":0.0,"timestamp":1613128691,"path_taken":["M","M","?","M","$","E","M","E","T","E","M","E","M","?","R","BOSS","M","M","?","M","?","E","?","$","T","M","E","M","M","E","R","BOSS","M","M","?","M","?","R","E","R","T","?","?","E","R","?","R","BOSS","R","$","E","BOSS"],"items_purchased_type":["Relic","Relic","Card","Relic"],"build_version":"2020-12-22","purchased_purges":3,"victory":false,"max_hp_per_floor":[70,70,70,70,70,70,70,80,80,80,80,80,80,80,80,80,80,80,80,80,80,80,80,80,80,80,80,80,80,80,80,80,80,80,80,80,80,80,80,80,80,80,80,80,80,80,80,80,80,80,80,80,80,80,80,80],"card_choices":[{"not_picked":["theMarked:SelfDefenseTraining","theMarked:Memento"],"picked":"theMarked:Aftermath","floor":1},{"not_picked":["theMarked:Parry","theMarked:ParalyzingBlade"],"picked":"theMarked:ComboAttacks","floor":2},{"not_picked":["theMarked:EmpowerWeapon","theMarked:BanishingStrike"],"picked":"theMarked:Improvise","floor":4},{"not_picked":["theMarked:SwordAndMagic","theMarked:Static"],"picked":"theMarked:BanishingStrike","floor":6},{"not_picked":["theMarked:ContemptForTheProud","theMarked:Memento","theMarked:SwordAndMagic"],"picked":"SKIP","floor":7},{"not_picked":["theMarked:Parkour","theMarked:PowerFlow","theMarked:SwordAndMagic"],"picked":"SKIP","floor":8},{"not_picked":["theMarked:Reabsorb","theMarked:ContemptForTheProud"],"picked":"theMarked:MuscleMemory","floor":10},{"not_picked":["theMarked:Aftermath","theMarked:Parkour"],"picked":"theMarked:RogueSparks","floor":11},{"not_picked":["theMarked:ParalyzingBlade","theMarked:ChainLightning"],"picked":"theMarked:SuspiciousRaven","floor":12},{"not_picked":["theMarked:Electrocute","theMarked:GodGivenPower","theMarked:Overthink"],"picked":"SKIP","floor":13},{"not_picked":["theMarked:MagusForm","theMarked:Toughness"],"picked":"theMarked:Challenge","floor":16},{"not_picked":["theMarked:ParalyzingBlade","theMarked:SwordAndMagic","theMarked:HeightenedSenses"],"picked":"SKIP","floor":18},{"not_picked":["theMarked:LightningStrikesTwice+1","theMarked:WastefulAttack+1"],"picked":"theMarked:RepellingDischarge+1","floor":19},{"not_picked":["theMarked:ContemptForTheProud","theMarked:ShockingTouch"],"picked":"theMarked:Parry","floor":20},{"not_picked":["Panache","Violence"],"picked":"Secret Technique","floor":20},{"not_picked":["theMarked:ThrowWeapon+1","theMarked:Abjuration"],"picked":"theMarked:FavorableWinds","floor":20},{"not_picked":["theMarked:GodGivenPower","theMarked:Memento"],"picked":"theMarked:Improvise","floor":21},{"not_picked":["theMarked:Polarize","theMarked:UnarmedFury"],"picked":"theMarked:Seal+1","floor":23},{"not_picked":["theMarked:SwordAndMagic","theMarked:WardOff"],"picked":"theMarked:BanishingStrike+1","floor":24},{"not_picked":["theMarked:Parry","theMarked:Standoff","theMarked:ResourceFulStrike"],"picked":"SKIP","floor":27},{"not_picked":["theMarked:SwordAndMagic+1","theMarked:WastefulAttack","theMarked:RepellingDischarge"],"picked":"SKIP","floor":28},{"not_picked":["theMarked:Friction","theMarked:EnhanceMovement","theMarked:Improvise"],"picked":"SKIP","floor":29},{"not_picked":["theMarked:Convert","theMarked:GodGivenPower","theMarked:MysticalArsenal"],"picked":"SKIP","floor":30},{"not_picked":["theMarked:Toughness+1","theMarked:Pokerface","theMarked:HeightenedSenses"],"picked":"SKIP","floor":31},{"not_picked":["theMarked:UnarmedFury","theMarked:TurnInvisible"],"picked":"theMarked:Challenge","floor":33},{"not_picked":["theMarked:TakeCover+1","theMarked:Reabsorb+1","theMarked:Parkour"],"picked":"SKIP","floor":35},{"not_picked":["theMarked:Reabsorb","theMarked:ContemptForTheProud+1"],"picked":"theMarked:BanishingWave+1","floor":36},{"not_picked":["theMarked:EmpowerWeapon+1","theMarked:ElectricStrings+1","theMarked:HeightenedSenses"],"picked":"SKIP","floor":38},{"not_picked":["theMarked:Polarize","theMarked:Memento","theMarked:Convert"],"picked":"SKIP","floor":41},{"not_picked":["theMarked:WardOff","theMarked:Generate+1","theMarked:ChainLightning+1"],"picked":"SKIP","floor":45},{"not_picked":["theMarked:LightningStrikesTwice+1","theMarked:Generate+1","theMarked:PowerFlow+1"],"picked":"SKIP","floor":46},{"not_picked":["theMarked:Memento+1","theMarked:ElectricStrings+1","theMarked:ChainLightning+1"],"picked":"SKIP","floor":54}],"player_experience":145727,"relics_obtained":[{"floor":6,"key":"FossilizedHelix"},{"floor":8,"key":"Pear"},{"floor":9,"key":"theMarked:VonisonLock"},{"floor":10,"key":"Dream Catcher"},{"floor":12,"key":"Bottled Tornado"},{"floor":22,"key":"Orichalcum"},{"floor":23,"key":"PreservedInsect"},{"floor":26,"key":"Meat on the Bone"},{"floor":28,"key":"Bottled Lightning"},{"floor":31,"key":"Frozen Egg 2"},{"floor":41,"key":"Regal Pillow"},{"floor":44,"key":"Blood Vial"},{"floor":46,"key":"Nunchaku"},{"floor":54,"key":"Vajra"}],"event_choices":[{"damage_healed":23,"gold_gain":0,"player_choice":"Protect","damage_taken":0,"max_hp_gain":0,"max_hp_loss":80,"event_name":"betterThird:BetterShining","floor":14,"gold_loss":1},{"damage_healed":0,"gold_gain":0,"player_choice":"1","damage_taken":0,"max_hp_gain":0,"max_hp_loss":0,"event_name":"betterMatch:BetterMatch","floor":20,"gold_loss":0,"cards_obtained":["betterMatch:UncommonCard","betterMatch:ColorlessRareCard","betterMatch:RareCard"]},{"damage_healed":0,"gold_gain":0,"player_choice":"Embrace Madness","damage_taken":10,"max_hp_gain":0,"max_hp_loss":0,"event_name":"Winding Halls","floor":37,"gold_loss":0,"cards_obtained":["Madness","Madness"]},{"damage_healed":0,"gold_gain":0,"player_choice":"Ignored","damage_taken":0,"max_hp_gain":0,"max_hp_loss":0,"event_name":"Tomb of Lord Red Mask","floor":39,"gold_loss":0}],"is_beta":false,"boss_relics":[{"not_picked":["Calling Bell","Busted Crown"],"picked":"Philosopher\u0027s Stone"},{"not_picked":["Tiny House","Pandora\u0027s Box"],"picked":"Coffee Dripper"}],"items_purged_floors":[0,5,48],"is_endless":false,"potions_floor_spawned":[2,6,8,10,19,21,23,24,27,30,36,38,45,54],"killed_by":"The Heart","ascension_level":1}}