{"host":"i1jfmzuw7df2nlxn","time":1613111696,"event":{"mods":["BaseMod","Card Forge","Colored Powertips","DeckTracker","Minty Spire (QoL Compilation)","Permanent Neow","Remove Card Discount Mod","StSLib"],"gold_per_floor":[118,130,147,165,182,207,227,241,241,273,273,304,322,322,322,427,427,439,439,439,150,150,150,185,185,185,213,213,223,68,87,87,189,189,207,207,222,233,245,273,323,323,376,376,376,651,295,311,311,311],"floor_reached":51,"language":"ENG","playtime":4170,"items_purged":[],"score":875,"play_id":"b166f909-c240-4240-9990-cb3be9c32a89","local_time":"20210212013456","is_ascension_mode":true,"campfire_choices":[{"floor":11.0,"key":"REST"},{"floor":15.0,"key":"REST"},{"floor":23.0,"key":"REST"},{"floor":25,"key":"REST"},{"floor":32,"key":"REST"},{"floor":42,"key":"REST"},{"floor":45,"key":"REST"},{"floor":49,"key":"REST"}],"circlet_count":0,"master_deck":["Defend_P+1","Defend_P+1","Eruption+1","Vigilance+1","Discovery+1","ClearTheMind+1","WindmillStrike+1","Worship+1","Devotion+1","JustLucky+1","Pray+1","FlurryOfBlows+1","Halt+1","Prostrate+1","Bite+1","Bite+1","Bite+1","Bite+1","Bite+1","DevaForm+1","FlurryOfBlows+1","Madness+1","Adaptation+1","Wallop+1","Vault+1","Bandage Up+1","FlurryOfBlows+1"],"relics":["PureWater","Hammer of Thor","Seething Fire","Anvil of the Gods","Singing Bowl","Anchor","TungstenRod","VioletLotus","Nilry\u0027s Codex","FossilizedHelix","White Beast Statue","Matryoshka","Juzu Bracelet","Toy Ornithopter","Blue Candle","PreservedInsect","Sozu","Ornamental Fan","StoneCalendar","Boot","Orichalcum","Happy Flower","TheAbacus"],"acts_visited":["Exordium","TheCity","TheBeyond"],"potions_floor_usage":[41,50,50],"damage_taken":[{"damage":0.0,"enemies":"Cultist","floor":1.0,"turns":2.0},{"damage":2.0,"enemies":"Small Slimes","floor":2.0,"turns":4.0},{"damage":3.0,"enemies":"Jaw Worm","floor":3.0,"turns":4.0},{"damage":7.0,"enemies":"Exordium Thugs","floor":4.0,"turns":5.0},{"damage":5.0,"enemies":"Red Slaver","floor":5.0,"turns":5.0},{"damage":8.0,"enemies":"Lagavulin","floor":6.0,"turns":5.0},{"damage":4.0,"enemies":"Blue Slaver","floor":7.0,"turns":2.0},{"damage":0.0,"enemies":"Looter","floor":8.0,"turns":3.0},{"damage":16.0,"enemies":"3 Sentries","floor":10.0,"turns":5.0},{"damage":0.0,"enemies":"Lagavulin","floor":12.0,"turns":4.0},{"damage":1.0,"enemies":"Lots of Slimes","floor":13.0,"turns":4.0},{"damage":0.0,"enemies":"Slime Boss","floor":16.0,"turns":4.0},{"damage":0.0,"enemies":"Shell Parasite","floor":18.0,"turns":2.0},{"damage":26,"enemies":"Slavers","floor":24,"turns":5},{"damage":36,"enemies":"Gremlin Leader","floor":27,"turns":6},{"damage":0,"enemies":"Chosen","floor":29,"turns":3},{"damage":0,"enemies":"Centurion and Healer","floor":31,"turns":5},{"damage":38,"enemies":"Champ","floor":33,"turns":8},{"damage":19,"enemies":"Orb Walker","floor":35,"turns":4},{"damage":17,"enemies":"3 Darklings","floor":37,"turns":3},{"damage":0,"enemies":"Spire Growth","floor":38,"turns":3},{"damage":16,"enemies":"Writhing Mass","floor":39,"turns":5},{"damage":51,"enemies":"Giant Head","floor":40,"turns":8},{"damage":21,"enemies":"Mind Bloom Boss Battle","floor":41,"turns":6},{"damage":0,"enemies":"Transient","floor":48,"turns":6},{"damage":22,"enemies":"Awakened One","floor":50,"turns":10}],"seed_played":"-7770265539368443827","potions_obtained":[{"floor":5.0,"key":"Dexterity Potion"},{"floor":7.0,"key":"DuplicationPotion"},{"floor":10.0,"key":"GamblersBrew"},{"floor":13.0,"key":"AttackPotion"},{"floor":29,"key":"Regen Potion"},{"floor":33,"key":"Block Potion"}],"is_trial":false,"path_per_floor":["M","M","M","M","M","E","M","M","T","E","R","E","M","?","R","B",null,"M","?","?","$","?","R","E","R","T","E","?","M","$","M","R","B",null,"M","?","M","M","M","E","?","R","T","?","R","?","$","M","R","B",null],"character_chosen":"WATCHER","items_purchased":["FossilizedHelix","PreservedInsect","Happy Flower","TheAbacus","FlurryOfBlows"],"campfire_rested":8,"item_purchase_floors":[21,30,47,47,47],"current_hp_per_floor":[72,70,67,60,55,47,45,47,47,33,54,58,59,59,74,76,76,76,64,64,64,64,76,59,76,76,54,54,63,63,80,80,55,82,68,58,50,62,66,33,42,68,68,68,88,88,88,90,90,89],"gold":311,"neow_bonus":"RANDOM_COLORLESS","is_daily":false,"chose_seed":false,"campfire_upgraded":0,"win_rate":0.0,"timestamp":1613111696,"path_taken":["M","?","M","M","M","E","M","?","T","E","R","E","M","?","R","BOSS","M","?","?","$","?","R","E","R","T","E","?","M","$","M","R","BOSS","M","?","M","M","M","E","?","R","T","?","R","?","$","M","R","BOSS"],"items_purchased_type":["Relic","Relic","Relic","Relic","Card"],"build_version":"2020-12-22","purchased_purges":0,"victory":true,"max_hp_per_floor":[72,72,72,72,72,72,72,72,72,72,72,74,74,74,74,76,76,76,76,76,76,76,76,76,76,76,78,78,78,78,80,80,82,82,84,84,84,84,86,86,88,88,88,88,88,88,88,90,90,90],"card_choices":[{"not_picked":["Purity","Jack Of All Trades"],"picked":"Discovery","floor":0.0},{"not_picked":["MentalFortress","Consecrate"],"picked":"ClearTheMind","floor":1.0},{"not_picked":["Swivel","ForeignInfluence","Collect"],"picked":"SKIP","floor":2.0},{"not_picked":["Crescendo","SandsOfTime"],"picked":"WindmillStrike","floor":3.0},{"not_picked":["FlyingSleeves","CrushJoints"],"picked":"Worship","floor":4.0},{"not_picked":["Protect","Collect"],"picked":"JustLucky","floor":5.0},{"not_picked":["Protect","PathToVictory"],"picked":"Devotion","floor":6.0},{"not_picked":["Halt","ForeignInfluence"],"picked":"JustLucky","floor":7.0},{"not_picked":["CrushJoints","EmptyBody","EmptyFist"],"picked":"SKIP","floor":8.0},{"not_picked":["ForeignInfluence","ReachHeaven"],"picked":"Pray","floor":10.0},{"not_picked":["ThirdEye","SashWhip","FearNoEvil"],"picked":"Singing Bowl","floor":12.0},{"not_picked":["Crescendo","CrushJoints"],"picked":"FlurryOfBlows","floor":13.0},{"not_picked":["Ragnarok","Alpha","DeusExMachina"],"picked":"Singing Bowl","floor":16.0},{"not_picked":["ClearTheMind","BowlingBash"],"picked":"Prostrate+1","floor":18.0},{"not_picked":["Crescendo","EmptyFist"],"picked":"DevaForm","floor":24},{"not_picked":["FollowUp","SignatureMove","PathToVictory+1"],"picked":"Singing Bowl","floor":27},{"not_picked":["CutThroughFate+1","Halt+1"],"picked":"FlurryOfBlows+1","floor":29},{"not_picked":["Brilliance","Evaluate","EmptyFist+1"],"picked":"Singing Bowl","floor":31},{"not_picked":["Brilliance","Judgement","DevaForm"],"picked":"Singing Bowl","floor":33},{"not_picked":["Study+1","SandsOfTime","Perseverance+1"],"picked":"Singing Bowl","floor":35},{"not_picked":["PathToVictory+1","FlurryOfBlows+1"],"picked":"Adaptation+1","floor":37},{"not_picked":["EmptyBody","InnerPeace"],"picked":"Wallop+1","floor":38},{"not_picked":["BowlingBash","ClearTheMind","Vengeance+1"],"picked":"Singing Bowl","floor":39},{"not_picked":["SignatureMove+1","ForeignInfluence+1"],"picked":"Vault","floor":40},{"not_picked":["JustLucky","FlyingSleeves+1","ClearTheMind+1"],"picked":"Singing Bowl","floor":41},{"not_picked":["JustLucky","Halt","DeceiveReality+1"],"picked":"Singing Bowl","floor":48}],"player_experience":71945,"relics_obtained":[{"floor":6.0,"key":"Blood Vial"},{"floor":9.0,"key":"Singing Bowl"},{"floor":10.0,"key":"Anchor"},{"floor":12.0,"key":"TungstenRod"},{"floor":19.0,"key":"Nilry\u0027s Codex"},{"floor":24,"key":"Matryoshka"},{"floor":26,"key":"Juzu Bracelet"},{"floor":26,"key":"Toy Ornithopter"},{"floor":27,"key":"Blue Candle"},{"floor":40,"key":"Ornamental Fan"},{"floor":41,"key":"StoneCalendar"},{"floor":43,"key":"Boot"},{"floor":43,"key":"Orichalcum"}],"event_choices":[{"damage_healed":0.0,"max_hp_gain":0.0,"max_hp_loss":0.0,"gold_gain":0.0,"cards_transformed":["Defend_P"],"event_name":"Living Wall","player_choice":"Change","floor":14.0,"gold_loss":0.0,"damage_taken":0.0,"cards_obtained":["Halt"]},{"damage_healed":0.0,"max_hp_gain":0.0,"max_hp_loss":0.0,"gold_gain":0.0,"event_name":"Cursed Tome","player_choice":"Obtained Book","floor":19.0,"gold_loss":0.0,"damage_taken":16.0},{"damage_healed":0.0,"max_hp_gain":0.0,"max_hp_loss":0.0,"gold_gain":0.0,"event_name":"Vampires","player_choice":"Became a vampire (Vial)","floor":20.0,"relics_lost":["Blood Vial"],"gold_loss":0.0,"damage_taken":0.0,"cards_obtained":["Bite","Bite","Bite","Bite","Bite"]},{"damage_healed":0.0,"max_hp_gain":0.0,"max_hp_loss":0.0,"gold_gain":0.0,"event_name":"The Mausoleum","player_choice":"Opened","floor":22.0,"gold_loss":0.0,"damage_taken":0.0,"relics_obtained":["White Beast Statue"],"cards_obtained":["Writhe"]},{"cards_removed":["Defend_P"],"damage_healed":0,"gold_gain":0,"player_choice":"Purged","damage_taken":0,"max_hp_gain":0,"max_hp_loss":0,"event_name":"Purifier","floor":28,"gold_loss":0},{"damage_healed":0,"gold_gain":0,"player_choice":"Embrace Madness","damage_taken":11,"max_hp_gain":0,"max_hp_loss":0,"event_name":"Winding Halls","floor":36,"gold_loss":0,"cards_obtained":["Madness","Madness"]},{"damage_healed":0,"gold_gain":0,"player_choice":"Fight","damage_taken":0,"max_hp_gain":0,"max_hp_loss":0,"event_name":"MindBloom","floor":41,"gold_loss":0},{"damage_healed":0,"gold_gain":0,"player_choice":"2 cards matched","damage_taken":0,"max_hp_gain":0,"max_hp_loss":0,"event_name":"Match and Keep!","floor":44,"gold_loss":0,"cards_obtained":["Bandage Up","FearNoEvil"]},{"damage_healed":0,"gold_gain":0,"player_choice":"2 cards matched","damage_taken":0,"max_hp_gain":0,"max_hp_loss":0,"event_name":"Match and Keep!","floor":44,"gold_loss":0,"cards_obtained":["Bandage Up","FearNoEvil"]},{"damage_healed":0,"gold_gain":275,"player_choice":"Desecrate","damage_taken":0,"max_hp_gain":0,"max_hp_loss":0,"event_name":"Golden Shrine","floor":46,"gold_loss":0,"cards_obtained":["Regret"]}],"is_beta":false,"boss_relics":[{"not_picked":["SacredBark","SlaversCollar"],"picked":"VioletLotus"},{"not_picked":["Black Star","Snecko Eye"],"picked":"Sozu"}],"items_purged_floors":[],"is_endless":false,"potions_floor_spawned":[5,7,10,13,24,27,29,31,33,35,37,38,39,40,41,48],"ascension_level":1}}