{"host":"no5f9c6q31porkj5","time":1613113062,"event":{"mods":["BaseMod","Marisa£¨Ùöéë¡¡Øª×âÞÞ£©","Minty Spire (QoL Compilation)","StSLib","Td1madao Mod","The Cursed","The Gatherer","The Runesmith"],"gold_per_floor":[113,113,133,88,88,117,117,136,216,216,241,241,259,259,259,356,356,366,366,386,386,486,504,515,515,515],"floor_reached":25,"language":"KOR","playtime":1050,"items_purged":[],"score":226,"play_id":"602e56c4-b26b-493c-8d9b-6631105ddc67","local_time":"20210212155742","is_ascension_mode":false,"campfire_choices":[{"data":"Defend_R","floor":7,"key":"SMITH"},{"data":"Defend_R","floor":10,"key":"SMITH"},{"data":"Defend_R","floor":12,"key":"SMITH"},{"data":"Armaments","floor":15,"key":"SMITH"}],"circlet_count":0,"master_deck":["Strike_R+1","Strike_R+1","Strike_R+1","Strike_R+1","Strike_R+1","Defend_R+1","Defend_R+1","Defend_R+1","Defend_R+1","Bash","Armaments+1","Flex","Pommel Strike","Perfected Strike+1","Offering","Headbutt+1","Anger+1","Infernal Blade+1","Perfected Strike+1"],"relics":["Burning Blood","NeowsBlessing","MealTicket","Matryoshka","Molten Egg 2","Toy Ornithopter","Nilry\u0027s Codex"],"acts_visited":["Exordium","TheCity"],"potions_floor_usage":[20,23],"damage_taken":[{"damage":0,"enemies":"Small Slimes","floor":1,"turns":1},{"damage":0,"enemies":"2 Louse","floor":3,"turns":1},{"damage":0,"enemies":"Gremlin Nob","floor":6,"turns":1},{"damage":0,"enemies":"Cultist","floor":8,"turns":4},{"damage":4,"enemies":"Exordium Thugs","floor":13,"turns":6},{"damage":32,"enemies":"The Guardian","floor":16,"turns":12},{"damage":62,"enemies":"3 Byrds","floor":18,"turns":11},{"damage":29,"enemies":"Shell Parasite","floor":20,"turns":19},{"damage":15,"enemies":"Shelled Parasite and Fungi","floor":23,"turns":5},{"damage":25,"enemies":"3 Cultists","floor":24,"turns":6},{"damage":12,"enemies":"Centurion and Healer","floor":25,"turns":3}],"seed_played":"-6183996713500896806","potions_obtained":[{"floor":1,"key":"Dexterity Potion"},{"floor":6,"key":"BloodPotion"},{"floor":16,"key":"FairyPotion"},{"floor":20,"key":"AttackPotion"}],"is_trial":false,"path_per_floor":["M","?","M","$","?","E","R","M","T","R","T","R","M","?","R","B",null,"M","?","M","?","?","M","M","M"],"character_chosen":"IRONCLAD","items_purchased":["Flex"],"campfire_rested":0,"item_purchase_floors":[4],"current_hp_per_floor":[80,80,80,80,80,80,80,80,80,80,80,80,80,80,80,54,80,24,24,22,6,6,30,11,0,0],"gold":515,"neow_bonus":"THREE_ENEMY_KILL","is_daily":false,"chose_seed":false,"campfire_upgraded":4,"win_rate":0.0,"timestamp":1613113062,"path_taken":["M","?","M","$","?","E","R","?","T","R","?","R","M","?","R","BOSS","M","?","M","?","?","M","M","?"],"items_purchased_type":["Card"],"build_version":"2020-12-22","purchased_purges":0,"victory":false,"max_hp_per_floor":[80,80,80,80,80,80,80,80,80,80,80,80,80,80,80,80,80,80,80,80,80,80,80,80,80,80],"card_choices":[{"not_picked":["Clash","Uppercut"],"picked":"Armaments","floor":1},{"not_picked":["Second Wind","Warcry","Shockwave"],"picked":"SKIP","floor":3},{"not_picked":["Cleave","Sword Boomerang","Disarm"],"picked":"SKIP","floor":6},{"not_picked":["Hemokinesis","Pummel"],"picked":"Pommel Strike","floor":8},{"not_picked":["Second Wind","Headbutt+1"],"picked":"Perfected Strike+1","floor":13},{"not_picked":["Reaper+1","Double Tap"],"picked":"Offering","floor":16},{"not_picked":["Power Through","Burning Pact+1"],"picked":"Headbutt+1","floor":18},{"not_picked":["Disarm+1","Headbutt+1"],"picked":"Anger+1","floor":20},{"not_picked":["True Grit","Dark Embrace+1"],"picked":"Infernal Blade+1","floor":23},{"not_picked":["Sever Soul+1","Cleave+1"],"picked":"Perfected Strike+1","floor":24}],"player_experience":114203,"relics_obtained":[{"floor":6,"key":"MealTicket"},{"floor":9,"key":"Matryoshka"},{"floor":11,"key":"Molten Egg 2"},{"floor":11,"key":"Toy Ornithopter"},{"floor":21,"key":"Nilry\u0027s Codex"}],"event_choices":[{"damage_healed":0,"gold_gain":0,"player_choice":"Leave","damage_taken":0,"max_hp_gain":0,"max_hp_loss":0,"event_name":"The Cleric","floor":2,"gold_loss":0},{"damage_healed":0,"gold_gain":0,"player_choice":"Ignored","damage_taken":0,"max_hp_gain":0,"max_hp_loss":0,"event_name":"NoteForYourself","floor":5,"gold_loss":0},{"damage_healed":0,"gold_gain":0,"player_choice":"Grow","damage_taken":0,"max_hp_gain":0,"max_hp_loss":0,"event_name":"Living Wall","floor":14,"gold_loss":0,"cards_upgraded":["Defend_R"]},{"damage_healed":0,"gold_gain":0,"player_choice":"Simplicity","damage_taken":0,"max_hp_gain":0,"max_hp_loss":0,"event_name":"Back to Basics","floor":19,"gold_loss":0,"cards_upgraded":["Strike_R","Strike_R","Strike_R","Strike_R","Strike_R"]},{"damage_healed":0,"gold_gain":0,"player_choice":"Obtained Book","damage_taken":16,"max_hp_gain":0,"max_hp_loss":0,"event_name":"Cursed Tome","floor":21,"gold_loss":0},{"damage_healed":0,"gold_gain":100,"player_choice":"Pray","damage_taken":0,"max_hp_gain":0,"max_hp_loss":0,"event_name":"Golden Shrine","floor":22,"gold_loss":0}],"is_beta":false,"boss_relics":[{"not_picked":["Philosopher\u0027s Stone","Fusion Hammer","Runesmith:UraniumAnvil"]}],"items_purged_floors":[],"is_endless":false,"potions_floor_spawned":[1,6,16,18,20],"killed_by":"Centurion and Healer","ascension_level":0}}