{"host":"d52brwsy6af8zvaq","time":1613089408,"event":{"mods":["AchievementEnabler","BaseMod","Bestiary","Highlight Path","Minty Spire (QoL Compilation)","Quick Restart","Relic Stats","ojb\u0027s Better Paths Mod"],"gold_per_floor":[119,68,79,131,148,148,175,175,175,206,206,131,142,172,172,246,246,264,277,277,30,30,61,61,95,121,121,133,162,180,180,180],"floor_reached":31,"language":"ENG","playtime":1050,"items_purged":["Defend_B"],"score":622,"play_id":"baf96a52-fd76-4d1b-a60a-8c41fc403f54","local_time":"20210211172328","is_ascension_mode":true,"campfire_choices":[{"data":"Zap","floor":6.0,"key":"SMITH"},{"data":"Streamline","floor":8.0,"key":"SMITH"},{"floor":11.0,"key":"REST"},{"data":"Defragment","floor":15.0,"key":"SMITH"},{"floor":24,"key":"REST"},{"floor":27,"key":"REST"}],"circlet_count":0,"master_deck":["AscendersBane","Defend_B","Defend_B","Defend_B","Zap+1","Dualcast","Self Repair","Cold Snap","Streamline+1","Static Discharge","Chill","Defragment+1","Turbo","Undo","Amplify","Static Discharge+1","Static Discharge+1","Sunder+1","Beam Cell","Defragment","Leap","BootSequence","Lockon","Glacier+1","Go for the Eyes+1","Storm","Loop"],"relics":["Cracked Core","Unceasing Top","White Beast Statue","Sundial","Torii","Astrolabe","Omamori","Ornamental Fan","Pen Nib","Mummified Hand"],"acts_visited":["Exordium","TheCity"],"potions_floor_usage":[23,25,25],"damage_taken":[{"damage":0.0,"enemies":"Cultist","floor":1.0,"turns":3.0},{"damage":12.0,"enemies":"Small Slimes","floor":3.0,"turns":4.0},{"damage":7.0,"enemies":"Jaw Worm","floor":5.0,"turns":5.0},{"damage":30.0,"enemies":"Gremlin Nob","floor":7.0,"turns":4.0},{"damage":17.0,"enemies":"Lagavulin","floor":10.0,"turns":7.0},{"damage":5.0,"enemies":"Exordium Wildlife","floor":13.0,"turns":5.0},{"damage":16.0,"enemies":"3 Sentries","floor":14.0,"turns":6.0},{"damage":22.0,"enemies":"Slime Boss","floor":16.0,"turns":10.0},{"damage":23.0,"enemies":"Shell Parasite","floor":18.0,"turns":4.0},{"damage":16.0,"enemies":"3 Byrds","floor":19.0,"turns":3.0},{"damage":29,"enemies":"Book of Stabbing","floor":23,"turns":3},{"damage":40,"enemies":"Gremlin Leader","floor":25,"turns":7},{"damage":9,"enemies":"Centurion and Healer","floor":28,"turns":4},{"damage":21,"enemies":"Book of Stabbing","floor":29,"turns":4},{"damage":13,"enemies":"Cultist and Chosen","floor":30,"turns":3},{"damage":8,"enemies":"Colosseum Slavers","floor":31,"turns":2},{"damage":38,"enemies":"Colosseum Nobs","floor":31,"turns":3}],"seed_played":"-6742022750363474917","potions_obtained":[{"floor":5.0,"key":"Fire Potion"},{"floor":10.0,"key":"ColorlessPotion"},{"floor":13.0,"key":"Block Potion"},{"floor":16.0,"key":"PowerPotion"},{"floor":18.0,"key":"PowerPotion"},{"floor":19.0,"key":"Energy Potion"},{"floor":23,"key":"SkillPotion"},{"floor":25,"key":"Dexterity Potion"},{"floor":28,"key":"SteroidPotion"}],"is_trial":false,"path_per_floor":["M","$","M","?","M","R","E","R","T","E","R","?","M","E","R","B",null,"M","M","?","$","?","E","R","E","T","R","M","E","M","?"],"character_chosen":"DEFECT","items_purchased":["Cold Snap","Leap","BootSequence","Lockon"],"campfire_rested":3,"item_purchase_floors":[2,21,21,21],"current_hp_per_floor":[71,71,66,66,66,66,43,43,43,33,56,56,58,49,49,34,67,51,35,51,51,51,29,52,26,26,49,47,33,27,0,0],"gold":180,"neow_bonus":"TEN_PERCENT_HP_BONUS","is_daily":false,"chose_seed":false,"campfire_upgraded":3,"win_rate":0.0,"timestamp":1613089408,"path_taken":["M","?","M","?","M","R","E","R","T","E","R","?","M","E","R","BOSS","M","M","?","$","?","E","R","E","T","R","M","E","?","?"],"items_purchased_type":["Card","Card","Card","Card"],"build_version":"2020-12-22","purchased_purges":1,"victory":false,"max_hp_per_floor":[78,78,78,78,78,78,78,78,78,78,78,78,78,78,78,78,78,78,78,78,78,78,78,78,78,78,78,78,78,78,78,78],"relic_stats":{"Torii":20,"counters":[17,77],"Sundial":[4],"Ornamental Fan":[4],"Mummified Hand":[18],"Astrolabe":["Static Discharge","Static Discharge","Sunder"],"Pen Nib":[1],"obtain_stats":[{"Torii":14,"Sundial":10,"Ornamental Fan":25,"Mummified Hand":29,"Astrolabe":17,"Pen Nib":26,"Omamori":23,"Cracked Core":0,"Unceasing Top":7,"White Beast Statue":9},{"Torii":7,"Sundial":5,"Ornamental Fan":12,"Mummified Hand":14,"Astrolabe":8,"Pen Nib":12,"Omamori":11,"Cracked Core":0,"Unceasing Top":4,"White Beast Statue":4},{"Torii":34,"Sundial":23,"Ornamental Fan":61,"Mummified Hand":69,"Astrolabe":44,"Pen Nib":61,"Omamori":54,"Cracked Core":0,"Unceasing Top":16,"White Beast Statue":16}],"Unceasing Top":[14]},"card_choices":[{"not_picked":["Rebound","FTL"],"picked":"Self Repair","floor":1.0},{"not_picked":["Static Discharge","Go for the Eyes"],"picked":"Streamline","floor":3.0},{"not_picked":["White Noise","Reprogram"],"picked":"Static Discharge","floor":5.0},{"not_picked":["Hyperbeam","Machine Learning"],"picked":"Chill","floor":7.0},{"not_picked":["Fission","Reinforced Body"],"picked":"Defragment","floor":10.0},{"not_picked":["Fusion","Stack"],"picked":"Turbo","floor":13.0},{"not_picked":["Lockon","Hologram"],"picked":"Undo","floor":14.0},{"not_picked":["Reboot","All For One"],"picked":"Amplify","floor":16.0},{"not_picked":["Gash","Reprogram"],"picked":"Beam Cell","floor":18.0},{"not_picked":["Steam Power","Cold Snap"],"picked":"Defragment","floor":19.0},{"not_picked":["Cold Snap","Coolheaded"],"picked":"Glacier+1","floor":23},{"not_picked":["Aggregate","Barrage"],"picked":"Go for the Eyes+1","floor":25},{"not_picked":["Rebound","Go for the Eyes","Barrage"],"picked":"SKIP","floor":28},{"not_picked":["Beam Cell","Turbo+1"],"picked":"Storm","floor":29},{"not_picked":["Gash","Beam Cell"],"picked":"Loop","floor":30}],"player_experience":2234640,"relics_obtained":[{"floor":7.0,"key":"Unceasing Top"},{"floor":9.0,"key":"White Beast Statue"},{"floor":10.0,"key":"Sundial"},{"floor":14.0,"key":"Torii"},{"floor":23,"key":"Omamori"},{"floor":25,"key":"Ornamental Fan"},{"floor":26,"key":"Pen Nib"},{"floor":29,"key":"Mummified Hand"}],"event_choices":[{"damage_healed":0.0,"max_hp_gain":0.0,"max_hp_loss":0.0,"gold_gain":52.0,"event_name":"Golden Wing","player_choice":"Gained Gold","floor":4.0,"gold_loss":0.0,"damage_taken":0.0},{"cards_removed":["Strike_B"],"damage_healed":0.0,"max_hp_gain":0.0,"max_hp_loss":0.0,"gold_gain":0.0,"event_name":"The Cleric","player_choice":"Card Removal","floor":12.0,"gold_loss":75.0,"damage_taken":0.0},{"damage_healed":16.0,"max_hp_gain":0.0,"max_hp_loss":0.0,"gold_gain":0.0,"event_name":"The Library","player_choice":"Heal","floor":20.0,"gold_loss":0.0,"damage_taken":0.0},{"damage_healed":0,"gold_gain":0,"player_choice":"0 cards matched","damage_taken":0,"max_hp_gain":0,"max_hp_loss":0,"event_name":"Match and Keep!","floor":22,"gold_loss":0,"cards_obtained":[]},{"damage_healed":0,"gold_gain":0,"player_choice":"Fight","damage_taken":0,"max_hp_gain":0,"max_hp_loss":0,"event_name":"Colosseum","floor":31,"gold_loss":0},{"damage_healed":0,"gold_gain":0,"player_choice":"Fought Nobs","damage_taken":0,"max_hp_gain":0,"max_hp_loss":0,"event_name":"Colosseum","floor":31,"gold_loss":0}],"is_beta":false,"boss_relics":[{"not_picked":["Fusion Hammer","Runic Pyramid"],"picked":"Astrolabe"}],"items_purged_floors":[21],"is_endless":false,"potions_floor_spawned":[5,10,13,14,16,18,19,23,25,28,29,30,31],"killed_by":"Colosseum Nobs","ascension_level":20}}