{"host":"sc0o2qwpf9j16a4i","time":1613137767,"event":{"mods":["AchievementEnabler","BaseMod","BetterRewards","Block Reminder","Colored Map","Colored Powertips","Custom Start","Highlight Path","Minty Spire (QoL Compilation)","Relic Stats"],"gold_per_floor":[114,114,133,133,6,6,341,352,377,406,406,426,437,453,453,551,551,563,573,188,200,200,228,248,263,333,365,365,391,401,417,417,521,521,537,54,54,64,84,111,111,136,136,136,148,148,200,215,215,215],"floor_reached":51,"language":"ENG","playtime":946,"items_purged":[],"score":1181,"play_id":"df36b8b8-69c7-422d-9f56-c8645188c08f","local_time":"20210212154927","daily_mods":["Cursed Run","Green Cards","Lethality"],"is_ascension_mode":false,"campfire_choices":[{"data":"Bash","floor":6,"key":"SMITH"},{"data":"Fire Breathing","floor":11,"key":"SMITH"},{"data":"Immolate","floor":15,"key":"SMITH"},{"data":"Shockwave","floor":28,"key":"SMITH"},{"data":"True Grit","floor":32,"key":"SMITH"},{"data":"Flame Barrier","floor":41,"key":"SMITH"},{"data":"Offering","floor":44,"key":"SMITH"},{"data":"Infernal Blade","floor":46,"key":"SMITH"},{"data":"Battle Trance","floor":49,"key":"SMITH"}],"circlet_count":0,"master_deck":["Strike_R","Strike_R","Strike_R","Strike_R","Defend_R","Defend_R+1","Defend_R+1","Defend_R","Bash+1","Quick Slash","Regret","Cleave","Fire Breathing+1","Dagger Throw","Immolate+1","Thunderclap","Parasite","Infernal Blade+1","Flying Knee","Dropkick","Backstab","Parasite","Fiend Fire","Backflip+1","Backflip","Flame Barrier+1","Predator","Shockwave+1","Clumsy","Backflip","True Grit+1","Decay","Bullet Time","PiercingWail+1","Seeing Red","Riddle With Holes+1","Armaments+1","Corpse Explosion","Offering+1","Clumsy","Metallicize+1","Battle Trance+1","Parasite"],"relics":["Cursed Key","Darkstone Periapt","Du-Vu Doll","Bronze Scales","NlothsMask","Old Coin","War Paint","Sozu","Pen Nib","Matryoshka","Frozen Egg 2","Mercury Hourglass","Bottled Lightning","Oddly Smooth Stone","Art of War","Mark of Pain","Ornamental Fan","Toy Ornithopter","Bag of Preparation","Centennial Puzzle","InkBottle","Gremlin Horn","Champion Belt"],"acts_visited":["Exordium","TheCity","TheBeyond"],"potions_floor_usage":[19,29,29],"damage_taken":[{"damage":0,"enemies":"Cultist","floor":1,"turns":2},{"damage":3,"enemies":"Small Slimes","floor":3,"turns":2},{"damage":11,"enemies":"3 Sentries","floor":7,"turns":3},{"damage":0,"enemies":"2 Louse","floor":8,"turns":1},{"damage":0,"enemies":"Gremlin Nob","floor":10,"turns":2},{"damage":0,"enemies":"Blue Slaver","floor":12,"turns":1},{"damage":0,"enemies":"2 Fungi Beasts","floor":13,"turns":2},{"damage":0,"enemies":"Exordium Thugs","floor":14,"turns":2},{"damage":0,"enemies":"Slime Boss","floor":16,"turns":4},{"damage":0,"enemies":"3 Byrds","floor":18,"turns":2},{"damage":16,"enemies":"Chosen","floor":19,"turns":2},{"damage":6,"enemies":"Snecko","floor":21,"turns":3},{"damage":14,"enemies":"Gremlin Leader","floor":23,"turns":3},{"damage":8,"enemies":"Cultist and Chosen","floor":24,"turns":3},{"damage":1,"enemies":"Centurion and Healer","floor":25,"turns":2},{"damage":0,"enemies":"Slavers","floor":27,"turns":1},{"damage":6,"enemies":"Book of Stabbing","floor":29,"turns":3},{"damage":2,"enemies":"Snecko","floor":30,"turns":3},{"damage":0,"enemies":"3 Cultists","floor":31,"turns":2},{"damage":40,"enemies":"Automaton","floor":33,"turns":6},{"damage":7,"enemies":"3 Darklings","floor":35,"turns":2},{"damage":0,"enemies":"Orb Walker","floor":38,"turns":1},{"damage":7,"enemies":"Spire Growth","floor":39,"turns":3},{"damage":0,"enemies":"Reptomancer","floor":40,"turns":1},{"damage":2,"enemies":"Giant Head","floor":42,"turns":4},{"damage":6,"enemies":"3 Darklings","floor":45,"turns":1},{"damage":0,"enemies":"2 Orb Walkers","floor":47,"turns":1},{"damage":0,"enemies":"Jaw Worm Horde","floor":48,"turns":1},{"damage":29,"enemies":"Donu and Deca","floor":50,"turns":4}],"seed_played":"-8839947857093163579","potions_obtained":[{"floor":3,"key":"Dexterity Potion"},{"floor":7,"key":"SkillPotion"},{"floor":10,"key":"SpeedPotion"}],"is_trial":true,"path_per_floor":["M","?","M","?","$","R","E","M","T","E","R","M","M","M","R","B",null,"M","M","$","M","?","E","M","M","T","E","R","E","M","M","R","B",null,"M","$","?","M","M","E","R","E","T","R","M","R","?","M","R","B",null],"character_chosen":"IRONCLAD","items_purchased":["Fire Breathing","Dagger Throw","Pen Nib","Matryoshka","Ornamental Fan","Seeing Red","Toy Ornithopter"],"campfire_rested":0,"item_purchase_floors":[5,5,20,20,36,36,36],"current_hp_per_floor":[80,86,83,83,83,83,72,72,78,78,78,78,78,78,78,84,98,98,82,82,76,76,62,54,53,59,59,59,53,51,51,51,17,110,103,103,103,103,96,96,96,94,100,100,94,94,94,94,94,71],"gold":215,"neow_bonus":"","is_daily":false,"chose_seed":false,"campfire_upgraded":9,"win_rate":0.0,"timestamp":1613137767,"path_taken":["M","?","M","?","$","R","E","M","T","E","R","M","?","M","R","BOSS","M","M","$","M","?","E","M","?","T","E","R","E","M","M","R","BOSS","M","$","?","M","M","E","R","E","T","R","M","R","?","M","R","BOSS"],"items_purchased_type":["Card","Card","Relic","Relic","Relic","Card","Relic"],"build_version":"2020-12-22","purchased_purges":0,"victory":true,"max_hp_per_floor":[80,86,86,86,86,86,86,86,92,92,92,92,92,92,92,98,98,98,98,98,98,98,98,98,98,104,104,104,104,104,104,104,110,110,110,110,104,104,104,104,104,104,110,110,110,110,110,110,110,116],"relic_stats":{"Darkstone Periapt":42,"Gremlin Horn":[2,2],"counters":[29,66],"Pen Nib":[8],"Bag of Preparation":[10],"War Paint":["Defend_R","Defend_R"],"Cursed Key":3,"Mercury Hourglass":[140],"Sozu":10,"Centennial Puzzle":[6],"Ornamental Fan":[28],"Bronze Scales":[81],"Art of War":[1],"Champion Belt":[5],"obtain_stats":[{"Darkstone Periapt":0,"Gremlin Horn":43,"Oddly Smooth Stone":27,"Pen Nib":20,"Bag of Preparation":40,"War Paint":10,"Frozen Egg 2":23,"Cursed Key":0,"Old Coin":7,"Mercury Hourglass":26,"Du-Vu Doll":0,"Sozu":17,"Centennial Puzzle":42,"Matryoshka":20,"Ornamental Fan":36,"Bronze Scales":2,"Mark of Pain":34,"Art of War":29,"Bottled Lightning":26,"Champion Belt":47,"Toy Ornithopter":36,"InkBottle":43,"NlothsMask":4},{"Darkstone Periapt":0,"Gremlin Horn":25,"Oddly Smooth Stone":16,"Pen Nib":11,"Bag of Preparation":24,"War Paint":5,"Frozen Egg 2":13,"Cursed Key":0,"Old Coin":3,"Mercury Hourglass":15,"Du-Vu Doll":0,"Sozu":9,"Centennial Puzzle":25,"Matryoshka":11,"Ornamental Fan":21,"Bronze Scales":1,"Mark of Pain":20,"Art of War":17,"Bottled Lightning":15,"Champion Belt":27,"Toy Ornithopter":21,"InkBottle":25,"NlothsMask":2},{"Darkstone Periapt":0,"Gremlin Horn":59,"Oddly Smooth Stone":35,"Pen Nib":23,"Bag of Preparation":55,"War Paint":10,"Frozen Egg 2":29,"Cursed Key":0,"Old Coin":7,"Mercury Hourglass":34,"Du-Vu Doll":0,"Sozu":19,"Centennial Puzzle":59,"Matryoshka":23,"Ornamental Fan":50,"Bronze Scales":2,"Mark of Pain":48,"Art of War":38,"Bottled Lightning":34,"Champion Belt":61,"Toy Ornithopter":50,"InkBottle":59,"NlothsMask":4}],"Toy Ornithopter":0,"InkBottle":[2]},"card_choices":[{"not_picked":["Expertise","All Out Attack"],"picked":"Quick Slash","floor":1},{"not_picked":["Prepared","Dropkick"],"picked":"Cleave","floor":3},{"not_picked":["Sucker Punch","Well Laid Plans"],"picked":"Immolate","floor":7},{"not_picked":["Sword Boomerang","Noxious Fumes"],"picked":"Thunderclap","floor":8},{"not_picked":["Infinite Blades","Caltrops"],"picked":"Infernal Blade","floor":10},{"not_picked":["Armaments","Dodge and Roll"],"picked":"Flying Knee","floor":12},{"not_picked":["Pummel","Havoc"],"picked":"Dropkick","floor":13},{"not_picked":["Riddle With Holes","Pommel Strike"],"picked":"Backstab","floor":14},{"not_picked":["Storm of Steel","Exhume"],"picked":"Fiend Fire","floor":16},{"not_picked":["Cloak And Dagger+1","Blood for Blood"],"picked":"Backflip+1","floor":18},{"not_picked":["Blade Dance","Iron Wave"],"picked":"Backflip","floor":19},{"not_picked":["Infernal Blade","Deadly Poison"],"picked":"Flame Barrier","floor":21},{"not_picked":["Acrobatics","Eviscerate"],"picked":"Predator","floor":23},{"not_picked":["Dark Embrace+1","Sentinel+1"],"picked":"Shockwave","floor":24},{"not_picked":["Blade Dance","Reflex","Bane+1"],"picked":"SKIP","floor":25},{"not_picked":["Clash","Poisoned Stab","Cloak And Dagger"],"picked":"SKIP","floor":27},{"not_picked":["Riddle With Holes","Double Tap","Rampage+1"],"picked":"SKIP","floor":29},{"not_picked":["Perfected Strike+1","Flex"],"picked":"Backflip","floor":30},{"not_picked":["Body Slam","Headbutt"],"picked":"True Grit","floor":31},{"not_picked":["After Image+1","Brutality+1"],"picked":"Bullet Time","floor":33},{"not_picked":["Acrobatics+1","Poisoned Stab+1"],"picked":"PiercingWail+1","floor":35},{"not_picked":["Deflect","Cleave+1"],"picked":"Riddle With Holes+1","floor":38},{"not_picked":["Disarm+1","Clothesline"],"picked":"Armaments+1","floor":39},{"not_picked":["Heavy Blade+1","Acrobatics+1"],"picked":"Corpse Explosion","floor":40},{"not_picked":["Perfected Strike+1","Blood for Blood+1"],"picked":"Offering","floor":42},{"not_picked":["Sucker Punch","Slice+1","Body Slam"],"picked":"SKIP","floor":45},{"not_picked":["Hemokinesis","Blade Dance+1"],"picked":"Metallicize+1","floor":47},{"not_picked":["Concentrate+1","Warcry"],"picked":"Battle Trance","floor":48}],"player_experience":1363719,"relics_obtained":[{"floor":7,"key":"Old Coin"},{"floor":10,"key":"War Paint"},{"floor":23,"key":"Frozen Egg 2"},{"floor":26,"key":"Mercury Hourglass"},{"floor":26,"key":"Bottled Lightning"},{"floor":27,"key":"Oddly Smooth Stone"},{"floor":29,"key":"Art of War"},{"floor":40,"key":"Bag of Preparation"},{"floor":42,"key":"Centennial Puzzle"},{"floor":43,"key":"InkBottle"},{"floor":43,"key":"Gremlin Horn"},{"floor":47,"key":"Champion Belt"}],"event_choices":[{"damage_healed":0,"gold_gain":0,"player_choice":"Box","damage_taken":0,"relics_obtained":["Bronze Scales"],"max_hp_gain":0,"max_hp_loss":0,"event_name":"Big Fish","floor":2,"gold_loss":0,"cards_obtained":["Regret"]},{"damage_healed":0,"gold_gain":0,"player_choice":"Trade","damage_taken":0,"relics_obtained":["NlothsMask"],"max_hp_gain":0,"max_hp_loss":0,"event_name":"FaceTrader","floor":4,"gold_loss":0},{"cards_removed":["Strike_R"],"damage_healed":0,"gold_gain":0,"player_choice":"Offered Basic","damage_taken":0,"max_hp_gain":0,"max_hp_loss":0,"event_name":"Bonfire Elementals","floor":22,"gold_loss":0},{"damage_healed":0,"gold_gain":0,"player_choice":"Max HP","damage_taken":0,"max_hp_gain":0,"max_hp_loss":6,"event_name":"Winding Halls","floor":37,"gold_loss":0},{"damage_healed":0,"gold_gain":0,"player_choice":"Fight","damage_taken":0,"max_hp_gain":0,"max_hp_loss":0,"event_name":"Mysterious Sphere","floor":47,"gold_loss":0}],"is_beta":false,"boss_relics":[{"not_picked":["Runic Dome","Busted Crown"],"picked":"Sozu"},{"not_picked":["Velvet Choker","Fusion Hammer"],"picked":"Mark of Pain"}],"items_purged_floors":[],"is_endless":false,"potions_floor_spawned":[3,7,10,13,14,18,19,24,29,33,35,39,40,45,48],"ascension_level":0}}