{"host":"41vgbr386mrj4p17","time":1613120451,"event":{"mods":["AchievementEnabler","AlwaysNeverKeys","BaseMod","Bestiary","Better Altar","Better Match","Better Note","Better Sensory Stone","Better Skull","Better Third Choice","Colored Map","Curses Come First","Downfall","Googly Eyes","Hermit","Highlight Path","Minty Spire (QoL Compilation)","Shade Mod","StSLib","The Cursed"],"gold_per_floor":[99,115,115,133,133,33,33,63,48,148,211,211,211,211],"floor_reached":12,"language":"ENG","playtime":854,"items_purged":[],"score":80,"play_id":"8cc3a256-e07a-40c7-b187-762d72f22185","local_time":"20210212040051","is_ascension_mode":true,"campfire_choices":[{"data":"bronze:Goto","floor":1,"key":"SMITH"},{"data":"bronze:Replicate","floor":6,"key":"SMITH"}],"circlet_count":0,"master_deck":["bronze:Strike","bronze:Strike","bronze:Strike","bronze:Defend","bronze:Defend","bronze:Defend","bronze:Defend","bronze:Replicate+1","bronze:Goto+1","bronze:DelayedGuard","bronze:Break","bronze:Overheat","bronze:Shell","bronze:Repulsor","bronze:DelayedGuard","bronze:DelayedGuard"],"relics":["bronze:BronzeCore","downfall:HeartBlessingRed","Prayer Wheel","Smiling Mask","downfall:CloakOfManyFaces","CultistMask","FaceOfCleric","NlothsMask","GremlinMask","SsserpentHead"],"acts_visited":["Exordium"],"potions_floor_usage":[12,12],"damage_taken":[{"damage":7,"enemies":"2 Louse","floor":2,"turns":4},{"damage":2,"enemies":"Small Slimes","floor":4,"turns":2},{"damage":13,"enemies":"Gremlin Nob","floor":8,"turns":3},{"damage":5,"enemies":"downfall:FleeingMerchant","floor":9,"turns":4},{"damage":23,"enemies":"downfall:FaceTrader","floor":10,"turns":10},{"damage":13,"enemies":"Jaw Worm","floor":11,"turns":3},{"damage":15,"enemies":"Lagavulin","floor":12,"turns":5}],"seed_played":"6223186573117751236","potions_obtained":[{"floor":10,"key":"Guardian:BlockOnCardUsePotion"},{"floor":11,"key":"AttackPotion"}],"is_trial":false,"path_per_floor":["R","M","?","M","?","R","T","E","$","?","M","E"],"character_chosen":"THE_AUTOMATON","items_purchased":[],"campfire_rested":0,"item_purchase_floors":[],"current_hp_per_floor":[77,70,70,68,68,68,68,55,50,27,15,0,0,0],"gold":211,"neow_bonus":"TEN_PERCENT_HP_BONUS","is_daily":false,"chose_seed":false,"campfire_upgraded":2,"win_rate":0.0,"timestamp":1613120451,"path_taken":["R","M","?","M","?","R","T","E","$","?","?","E"],"items_purchased_type":[],"build_version":"2020-12-22","purchased_purges":0,"victory":false,"max_hp_per_floor":[77,77,77,77,77,77,77,77,77,77,78,78,78,78],"card_choices":[{"not_picked":["bronze:BugBarrage","bronze:Deprecate"],"picked":"bronze:DelayedGuard","floor":2},{"not_picked":["bronze:DelayedGuard","bronze:CutThrough"],"picked":"bronze:Overheat","floor":4},{"not_picked":["bronze:Turbo","bronze:FollowUp","bronze:Iterate"],"picked":"SKIP","floor":8},{"not_picked":["bronze:WhirlingStrike","bronze:BugBarrage"],"picked":"bronze:Shell","floor":9},{"not_picked":["bronze:BurnOut","bronze:Invalidate"],"picked":"bronze:Repulsor","floor":10},{"not_picked":["bronze:FineTuning","bronze:DarkDash"],"picked":"bronze:DelayedGuard","floor":11},{"not_picked":["bronze:WhirlingStrike","bronze:Turbo"],"picked":"bronze:DelayedGuard","floor":11}],"player_experience":1088370,"relics_obtained":[{"floor":7,"key":"Prayer Wheel"},{"floor":8,"key":"Smiling Mask"},{"floor":10,"key":"downfall:CloakOfManyFaces"}],"event_choices":[],"is_beta":false,"boss_relics":[],"items_purged_floors":[],"is_endless":false,"potions_floor_spawned":[10,11],"killed_by":"Lagavulin","ascension_level":1}}