{"host":"hrn9sk6g3e0vcjdq","time":1613168044,"event":{"mods":["AchievementEnabler","BaseMod","BetterRewards","Colored Map","Colored Powertips","Hubris","Minty Spire (QoL Compilation)","Quick Restart","StSLib"],"gold_per_floor":[116,133,151,167,182,217,228,228,228,254,254,254,254,270,270,344,344,363,373,373,373,373,373,373],"floor_reached":24,"language":"ENG","playtime":1009,"items_purged":["Strike_R"],"score":343,"play_id":"e7112bce-4282-45e6-9bf2-8b7267d15a6c","local_time":"20210212221404","is_ascension_mode":true,"campfire_choices":[{"data":"Infernal Blade","floor":8,"key":"SMITH"},{"data":"Armaments","floor":11,"key":"SMITH"},{"data":"True Grit","floor":15,"key":"SMITH"},{"data":"Shrug It Off","floor":23,"key":"SMITH"}],"circlet_count":0,"master_deck":["AscendersBane","Strike_R+1","Strike_R+1","Strike_R+1","Strike_R+1","Defend_R+1","Defend_R+1","Defend_R+1","Defend_R+1","Bash","Shrug It Off+1","Infernal Blade+1","Sword Boomerang","Anger","True Grit+1","Flex","Armaments+1","Feel No Pain","Wild Strike","Reaper","CurseOfTheBell","Fire Breathing","Pommel Strike"],"relics":["Burning Blood","Membership Card","hubris:PeanutButter","Darkstone Periapt","Meat on the Bone","hubris:Teleporter","Bottled Lightning","Tiny Chest","Calling Bell","Anchor","Ornamental Fan","TungstenRod","hubris:Icosahedron"],"acts_visited":["Exordium","TheCity"],"potions_floor_usage":[16],"damage_taken":[{"damage":0,"enemies":"Cultist","floor":1,"turns":3},{"damage":0,"enemies":"Jaw Worm","floor":2,"turns":3},{"damage":5,"enemies":"Small Slimes","floor":3,"turns":5},{"damage":17,"enemies":"2 Fungi Beasts","floor":4,"turns":4},{"damage":8,"enemies":"Exordium Thugs","floor":5,"turns":4},{"damage":22,"enemies":"Gremlin Nob","floor":6,"turns":4},{"damage":1,"enemies":"Exordium Wildlife","floor":7,"turns":5},{"damage":29,"enemies":"3 Sentries","floor":10,"turns":12},{"damage":0,"enemies":"Looter","floor":14,"turns":3},{"damage":44,"enemies":"Slime Boss","floor":16,"turns":14},{"damage":15,"enemies":"Shell Parasite","floor":18,"turns":7},{"damage":22,"enemies":"Spheric Guardian","floor":20,"turns":6},{"damage":56,"enemies":"Book of Stabbing","floor":24,"turns":8}],"seed_played":"4913140061099487015","potions_obtained":[{"floor":1,"key":"BloodPotion"},{"floor":5,"key":"Energy Potion"},{"floor":14,"key":"Fire Potion"}],"is_trial":false,"path_per_floor":["M","M","M","M","M","E","M","R","T","E","R","T","?","M","R","B",null,"M","M","?","?","R","E"],"character_chosen":"IRONCLAD","items_purchased":["Membership Card","hubris:PeanutButter","Shrug It Off","Infernal Blade","Sword Boomerang"],"campfire_rested":0,"item_purchase_floors":[0,0,0,0,0],"current_hp_per_floor":[78,80,80,69,67,51,56,56,56,45,45,45,38,56,56,30,74,65,53,53,53,53,0,0],"gold":373,"neow_bonus":"","is_daily":false,"chose_seed":false,"campfire_upgraded":4,"win_rate":0.0,"timestamp":1613168044,"path_taken":["M","?","M","M","M","E","M","R","T","E","R","?","?","M","R","BOSS","M","M","?","?","R","E"],"items_purchased_type":["Relic","Relic","Card","Card","Card"],"build_version":"2020-12-22","purchased_purges":1,"victory":false,"max_hp_per_floor":[80,80,80,80,80,80,80,80,80,80,80,80,80,80,80,80,86,86,86,86,86,86,86,86],"card_choices":[{"not_picked":["Sever Soul","hubris:ReadiedAction"],"picked":"Anger","floor":1},{"not_picked":["Heavy Blade","Sword Boomerang"],"picked":"True Grit","floor":2},{"not_picked":["Shrug It Off","Warcry","Battle Trance"],"picked":"SKIP","floor":3},{"not_picked":["Heavy Blade","Reckless Charge"],"picked":"Flex","floor":4},{"not_picked":["Bludgeon","Heavy Blade"],"picked":"Armaments","floor":5},{"not_picked":["Dual Wield","Blood for Blood","Armaments"],"picked":"SKIP","floor":6},{"not_picked":["Battle Trance","hubris:CleavingFinish","True Grit"],"picked":"SKIP","floor":7},{"not_picked":["hubris:StunningStrike","Blood for Blood"],"picked":"Feel No Pain","floor":10},{"not_picked":["Thunderclap","True Grit"],"picked":"Wild Strike","floor":14},{"not_picked":["Corruption","Fiend Fire"],"picked":"Reaper","floor":16},{"not_picked":["Rupture","Perfected Strike"],"picked":"Fire Breathing","floor":18},{"not_picked":["Clothesline","Iron Wave"],"picked":"Pommel Strike","floor":20}],"player_experience":636054,"relics_obtained":[{"floor":6,"key":"Darkstone Periapt"},{"floor":9,"key":"Meat on the Bone"},{"floor":10,"key":"hubris:Teleporter"},{"floor":12,"key":"Bottled Lightning"},{"floor":17,"key":"Anchor"},{"floor":17,"key":"Ornamental Fan"},{"floor":17,"key":"TungstenRod"}],"event_choices":[{"damage_healed":0,"gold_gain":0,"player_choice":"Success","damage_taken":7,"relics_obtained":["Tiny Chest"],"max_hp_gain":0,"max_hp_loss":0,"event_name":"Scrap Ooze","floor":13,"gold_loss":0},{"damage_healed":0,"gold_gain":0,"player_choice":"Simplicity","damage_taken":0,"max_hp_gain":0,"max_hp_loss":0,"event_name":"Back to Basics","floor":22,"gold_loss":0,"cards_upgraded":["Strike_R","Strike_R","Strike_R","Strike_R","Defend_R","Defend_R","Defend_R","Defend_R"]}],"is_beta":false,"boss_relics":[{"not_picked":["Runic Pyramid","hubris:TerracottaHorce"],"picked":"Calling Bell"}],"items_purged_floors":[0],"is_endless":false,"potions_floor_spawned":[1,5,10,14],"killed_by":"Book of Stabbing","ascension_level":13}}