{"host":"7sni158j623xchr2","time":1613160843,"event":{"mods":["BaseMod","Colored Map","Highlight Path","Minty Spire (QoL Compilation)","Permanent Neow","Potion Indicator Mod","Rare Cards Sparkle","Relic Sorter","Relic Stats","StSLib","everything is the same but u backflip on backflip"],"gold_per_floor":[118,118,129,146,146,180,180,180,180],"floor_reached":8,"language":"ENG","playtime":246,"items_purged":[],"score":62,"play_id":"ac491e61-1460-4cb5-89a6-b3b2165279d0","local_time":"20210212141403","is_ascension_mode":true,"campfire_choices":[{"data":"Twin Strike","floor":7,"key":"SMITH"}],"circlet_count":0,"master_deck":["Strike_R","Strike_R","Strike_R","Strike_R","Defend_R","Defend_R","Defend_R","Bash","Sentinel","Reckless Charge","Twin Strike+1","True Grit","Shockwave","Spot Weakness"],"relics":["Burning Blood","Sundial","Golden Idol","Art of War"],"acts_visited":["Exordium"],"potions_floor_usage":[6,8],"damage_taken":[{"damage":0,"enemies":"Small Slimes","floor":1,"turns":3},{"damage":7,"enemies":"Jaw Worm","floor":3,"turns":3},{"damage":1,"enemies":"Cultist","floor":4,"turns":3},{"damage":33,"enemies":"3 Sentries","floor":6,"turns":11},{"damage":19,"enemies":"Lagavulin","floor":8,"turns":7}],"seed_played":"2148336066390480384","potions_obtained":[{"floor":1,"key":"DistilledChaos"},{"floor":6,"key":"LiquidMemories"}],"is_trial":false,"path_per_floor":["M","?","M","M","?","E","R","E"],"character_chosen":"IRONCLAD","items_purchased":[],"campfire_rested":0,"item_purchase_floors":[],"current_hp_per_floor":[62,37,36,41,41,14,14,0,0],"gold":180,"neow_bonus":"TRANSFORM_TWO_CARDS","is_daily":false,"chose_seed":false,"campfire_upgraded":1,"win_rate":0.0,"timestamp":1613160843,"path_taken":["M","?","M","M","?","E","R","E"],"items_purchased_type":[],"build_version":"2020-12-22","purchased_purges":0,"victory":false,"max_hp_per_floor":[80,80,80,80,74,74,74,74,74],"relic_stats":{"counters":[5,27],"Sundial":[4],"Golden Idol":7,"Art of War":[1],"obtain_stats":[{"Sundial":2,"Golden Idol":5,"Art of War":6,"Burning Blood":0},{"Sundial":1,"Golden Idol":3,"Art of War":4,"Burning Blood":0},{"Sundial":3,"Golden Idol":9,"Art of War":20,"Burning Blood":0}],"Burning Blood":24},"card_choices":[{"not_picked":["Body Slam","Perfected Strike"],"picked":"Twin Strike","floor":1},{"not_picked":["Clash","Iron Wave"],"picked":"True Grit","floor":3},{"not_picked":["Dark Embrace","Sword Boomerang"],"picked":"Shockwave","floor":4},{"not_picked":["Fiend Fire","Headbutt"],"picked":"Spot Weakness","floor":6}],"player_experience":1787898,"relics_obtained":[{"floor":6,"key":"Art of War"}],"event_choices":[{"damage_healed":0,"gold_gain":0,"player_choice":"Success","damage_taken":25,"relics_obtained":["Sundial"],"max_hp_gain":0,"max_hp_loss":0,"event_name":"Scrap Ooze","floor":2,"gold_loss":0},{"damage_healed":0,"gold_gain":0,"player_choice":"Lose Max HP","damage_taken":0,"relics_obtained":["Golden Idol"],"max_hp_gain":0,"max_hp_loss":6,"event_name":"Golden Idol","floor":5,"gold_loss":0}],"is_beta":false,"boss_relics":[],"items_purged_floors":[],"is_endless":false,"potions_floor_spawned":[1,6],"killed_by":"Lagavulin","ascension_level":2}}