{"host":"wuernuywc9gl215o","time":1613137714,"event":{"mods":["2.2 Compatiblity","AchievementEnabler","BaseMod","Bestiary","Block Reminder","Displayed Cursed Tome","Highlight Path","Key Reminder","Minty Spire (QoL Compilation)","Permanent Neow","Potion Indicator Mod","Quick Restart","Rare Cards Sparkle","Relic Stats","ojb\u0027s Info Mod"],"gold_per_floor":[110,110,210,234,253,253,294,307,307,19,57,72,72,97,97,190,190,213,213,232,246,271,307,307,307,334,334,351,377,30,57,57,134,134,146,9,34,34,52,82,82,109,109,109,128,141,191,22,22,22,22],"floor_reached":50,"language":"ENG","playtime":2715,"items_purged":["Strike_R","Strike_R+1","Regret"],"score":1311,"play_id":"a4b15e94-89a1-46a1-b9c9-707a9cb54602","local_time":"20210212134834","is_ascension_mode":true,"campfire_choices":[{"data":"Flame Barrier","floor":6.0,"key":"SMITH"},{"data":"Flex","floor":13.0,"key":"SMITH"},{"floor":15.0,"key":"REST"},{"floor":24.0,"key":"REST"},{"floor":32.0,"key":"REST"},{"floor":41,"key":"REST"},{"floor":44,"key":"REST"},{"floor":49,"key":"RECALL"}],"circlet_count":0,"master_deck":["AscendersBane","Strike_R+1","Strike_R+1","Defend_R+1","Defend_R+1","Defend_R+1","Defend_R+1","Bash","Second Wind","Flame Barrier+1","Pommel Strike","Uppercut","Flex+1","Cleave","Twin Strike","Evolve","Feed","Hemokinesis","Blood for Blood","Offering","Rage","Shrug It Off","Barricade","Impervious","Body Slam","Limit Break","Feel No Pain+1","Havoc","Armaments","Impervious","Rupture+1","Whirlwind"],"relics":["Velvet Choker","Bloody Idol","Omamori","Bag of Preparation","ClockworkSouvenir","Cursed Key","Nloth\u0027s Gift","Strawberry","The Courier","MealTicket","Ornamental Fan","OrangePellets","Bronze Scales","Runic Pyramid","Frozen Eye","Gambling Chip","Kunai","Mummified Hand"],"acts_visited":["Exordium","TheCity","TheBeyond"],"potions_floor_usage":[],"damage_taken":[{"damage":0.0,"enemies":"2 Louse","floor":1.0,"turns":3.0},{"damage":5.0,"enemies":"Small Slimes","floor":4.0,"turns":3.0},{"damage":1.0,"enemies":"Cultist","floor":5.0,"turns":4.0},{"damage":25.0,"enemies":"3 Sentries","floor":7.0,"turns":13.0},{"damage":6.0,"enemies":"Looter","floor":8.0,"turns":3.0},{"damage":0.0,"enemies":"Gremlin Nob","floor":11.0,"turns":3.0},{"damage":0.0,"enemies":"Red Slaver","floor":12.0,"turns":2.0},{"damage":0.0,"enemies":"Exordium Thugs","floor":14.0,"turns":3.0},{"damage":21.0,"enemies":"The Guardian","floor":16.0,"turns":9.0},{"damage":4.0,"enemies":"Shell Parasite","floor":18.0,"turns":3.0},{"damage":17.0,"enemies":"2 Thieves","floor":20.0,"turns":4.0},{"damage":15.0,"enemies":"Chosen and Byrds","floor":21.0,"turns":4.0},{"damage":30.0,"enemies":"Slavers","floor":23.0,"turns":5.0},{"damage":2.0,"enemies":"Sentry and Sphere","floor":28.0,"turns":3.0},{"damage":7.0,"enemies":"Gremlin Leader","floor":29.0,"turns":7.0},{"damage":30.0,"enemies":"Book of Stabbing","floor":31.0,"turns":5.0},{"damage":48.0,"enemies":"Champ","floor":33.0,"turns":9.0},{"damage":8.0,"enemies":"Orb Walker","floor":35.0,"turns":3.0},{"damage":34.0,"enemies":"Mind Bloom Boss Battle","floor":37.0,"turns":6.0},{"damage":17.0,"enemies":"3 Darklings","floor":39.0,"turns":4.0},{"damage":42,"enemies":"Reptomancer","floor":40,"turns":5},{"damage":8,"enemies":"Nemesis","floor":42,"turns":11},{"damage":18,"enemies":"Jaw Worm Horde","floor":45,"turns":6},{"damage":2,"enemies":"Spire Growth","floor":46,"turns":5},{"damage":83,"enemies":"Awakened One","floor":50,"turns":6}],"seed_played":"9214268013825193515","potions_obtained":[{"floor":1.0,"key":"Energy Potion"},{"floor":5.0,"key":"Energy Potion"},{"floor":8.0,"key":"PowerPotion"},{"floor":16.0,"key":"GamblersBrew"},{"floor":21.0,"key":"Block Potion"},{"floor":28.0,"key":"Block Potion"},{"floor":29.0,"key":"SteroidPotion"},{"floor":35.0,"key":"Ancient Potion"},{"floor":37.0,"key":"Swift Potion"},{"floor":39.0,"key":"Dexterity Potion"}],"is_trial":false,"path_per_floor":["M","?","?","M","M","R","E","M","T","$","E","M","R","M","R","B",null,"M","?","M","M","T","E","R","?","T","?","M","E","$","E","R","B",null,"M","$","?","?","M","E","R","E","T","R","M","M","?","$","R","B"],"character_chosen":"IRONCLAD","items_purchased":["ClockworkSouvenir","Flex","OrangePellets","Impervious","Frozen Eye","Whirlwind"],"campfire_rested":5,"item_purchase_floors":[10,10,30,30,36,48],"current_hp_per_floor":[68,68,68,63,62,62,37,31,31,31,31,31,31,31,51,30,59,58,58,44,32,39,9,34,34,39,39,45,43,58,33,59,16,69,69,84,55,55,46,9,36,36,36,64,54,61,66,81,81,0,0],"gold":22,"neow_bonus":"BOSS_RELIC","is_daily":false,"chose_seed":false,"campfire_upgraded":2,"win_rate":0.0,"timestamp":1613137714,"path_taken":["M","?","?","M","?","R","E","M","T","$","E","M","R","M","R","BOSS","M","?","?","M","?","E","R","?","T","?","M","E","$","E","R","BOSS","M","$","?","?","M","E","R","E","T","R","M","?","?","$","R","BOSS"],"items_purchased_type":["Relic","Card","Relic","Card","Relic","Card"],"build_version":"2020-12-22","purchased_purges":3,"victory":false,"max_hp_per_floor":[75,68,68,68,68,68,68,68,68,68,68,68,68,68,68,68,68,71,71,74,77,84,84,84,84,84,84,87,87,87,87,87,87,87,90,90,90,90,93,93,93,96,96,96,99,103,103,103,103,103,103],"relic_stats":{"counters":[25,129],"Bag of Preparation":[40],"Cursed Key":3,"OrangePellets":[2],"Ornamental Fan":[52],"Mummified Hand":[12],"Bloody Idol":65,"Bronze Scales":[194],"Gambling Chip":[17],"MealTicket":45,"Nloth\u0027s Gift":6,"Kunai":[6],"obtain_stats":[{"Golden Idol":2,"Velvet Choker":0,"The Courier":23,"Omamori":7,"Bag of Preparation":9,"Cursed Key":17,"Burning Blood":0,"ClockworkSouvenir":10,"keyreminder:keyreminder":42,"OrangePellets":30,"Frozen Eye":36,"Shuriken":11,"Ornamental Fan":29,"Mummified Hand":42,"Strawberry":22,"Bloody Idol":25,"Bronze Scales":31,"Gambling Chip":37,"MealTicket":26,"Nloth\u0027s Gift":19,"Kunai":40,"Runic Pyramid":34},{"Golden Idol":1,"Velvet Choker":0,"The Courier":13,"Omamori":4,"Bag of Preparation":5,"Cursed Key":9,"Burning Blood":0,"ClockworkSouvenir":5,"keyreminder:keyreminder":22,"OrangePellets":15,"Frozen Eye":18,"Shuriken":6,"Ornamental Fan":15,"Mummified Hand":22,"Strawberry":12,"Bloody Idol":13,"Bronze Scales":16,"Gambling Chip":19,"MealTicket":13,"Nloth\u0027s Gift":10,"Kunai":21,"Runic Pyramid":17},{"Golden Idol":3,"Velvet Choker":0,"The Courier":59,"Omamori":23,"Bag of Preparation":26,"Cursed Key":43,"Burning Blood":0,"ClockworkSouvenir":26,"keyreminder:keyreminder":112,"OrangePellets":69,"Frozen Eye":86,"Shuriken":29,"Ornamental Fan":69,"Mummified Hand":112,"Strawberry":54,"Bloody Idol":59,"Bronze Scales":74,"Gambling Chip":92,"MealTicket":59,"Nloth\u0027s Gift":46,"Kunai":101,"Runic Pyramid":83}]},"card_choices":[{"not_picked":["Heavy Blade","Body Slam"],"picked":"Second Wind","floor":1.0},{"not_picked":["Shockwave","True Grit"],"picked":"Flame Barrier","floor":4.0},{"not_picked":["Second Wind","Thunderclap"],"picked":"Pommel Strike","floor":5.0},{"not_picked":["Double Tap","Cleave"],"picked":"Uppercut","floor":7.0},{"not_picked":["Rampage","Anger","Warcry"],"picked":"SKIP","floor":8.0},{"not_picked":["Corruption","Rupture"],"picked":"Cleave","floor":11.0},{"not_picked":["Heavy Blade","Armaments"],"picked":"Twin Strike","floor":12.0},{"not_picked":["Heavy Blade","Warcry"],"picked":"Evolve","floor":14.0},{"not_picked":["Offering","Corruption"],"picked":"Feed","floor":16.0},{"not_picked":["Warcry","Pommel Strike"],"picked":"Hemokinesis","floor":18.0},{"not_picked":["Seeing Red","Dropkick"],"picked":"Blood for Blood","floor":20.0},{"not_picked":["Shrug It Off","Pommel Strike"],"picked":"Offering","floor":21.0},{"not_picked":["Feed","Iron Wave"],"picked":"Rage","floor":23.0},{"not_picked":["Bludgeon","Blood for Blood"],"picked":"Shrug It Off","floor":28.0},{"not_picked":["Dual Wield","Offering"],"picked":"Barricade","floor":29.0},{"not_picked":["Hemokinesis","True Grit"],"picked":"Body Slam","floor":31.0},{"not_picked":["Demon Form","Juggernaut"],"picked":"Limit Break","floor":33.0},{"not_picked":["Havoc","Flex+1","Anger+1"],"picked":"SKIP","floor":35.0},{"not_picked":["Anger+1","Bludgeon"],"picked":"Feel No Pain+1","floor":37.0},{"not_picked":["Sword Boomerang","Shrug It Off"],"picked":"Armaments","floor":39.0},{"not_picked":["Twin Strike+1","Armaments","Perfected Strike"],"picked":"SKIP","floor":40},{"not_picked":["Battle Trance","Spot Weakness"],"picked":"Impervious","floor":42},{"not_picked":["Shrug It Off","Body Slam"],"picked":"Rupture+1","floor":45},{"not_picked":["Thunderclap+1","Anger+1","Heavy Blade"],"picked":"SKIP","floor":46}],"player_experience":925005,"relics_obtained":[{"floor":7.0,"key":"Omamori"},{"floor":9.0,"key":"Bag of Preparation"},{"floor":11.0,"key":"Shuriken"},{"floor":22.0,"key":"Strawberry"},{"floor":23.0,"key":"The Courier"},{"floor":26.0,"key":"MealTicket"},{"floor":29.0,"key":"Ornamental Fan"},{"floor":31.0,"key":"Bronze Scales"},{"floor":37.0,"key":"Gambling Chip"},{"floor":40,"key":"Kunai"},{"floor":42,"key":"Mummified Hand"}],"event_choices":[{"damage_healed":0.0,"max_hp_gain":0.0,"max_hp_loss":7.0,"gold_gain":0.0,"event_name":"Golden Idol","player_choice":"Lose Max HP","floor":2.0,"gold_loss":0.0,"damage_taken":0.0,"relics_obtained":["Golden Idol"]},{"damage_healed":0.0,"max_hp_gain":0.0,"max_hp_loss":0.0,"gold_gain":100.0,"event_name":"Wheel of Change","player_choice":"Gold","floor":3.0,"gold_loss":0.0,"damage_taken":0.0},{"damage_healed":0.0,"max_hp_gain":0.0,"max_hp_loss":0.0,"gold_gain":0.0,"event_name":"N\u0027loth","player_choice":"Traded Relic","floor":19.0,"relics_lost":["Shuriken"],"gold_loss":0.0,"damage_taken":0.0,"relics_obtained":["Nloth\u0027s Gift"]},{"damage_healed":0.0,"max_hp_gain":0.0,"max_hp_loss":0.0,"gold_gain":0.0,"event_name":"Forgotten Altar","player_choice":"Gave Idol","floor":25.0,"relics_lost":["Golden Idol"],"gold_loss":0.0,"damage_taken":0.0,"relics_obtained":["Bloody Idol"]},{"damage_healed":0.0,"max_hp_gain":0.0,"max_hp_loss":0.0,"gold_gain":0.0,"event_name":"Back to Basics","player_choice":"Simplicity","floor":27.0,"gold_loss":0.0,"damage_taken":0.0,"cards_upgraded":["Strike_R","Strike_R","Strike_R","Strike_R","Defend_R","Defend_R","Defend_R","Defend_R"]},{"damage_healed":0.0,"max_hp_gain":0.0,"max_hp_loss":0.0,"gold_gain":0.0,"event_name":"MindBloom","player_choice":"Fight","floor":37.0,"gold_loss":0.0,"damage_taken":0.0},{"damage_healed":0.0,"max_hp_gain":0.0,"max_hp_loss":0.0,"gold_gain":0.0,"cards_transformed":["Strike_R"],"event_name":"Transmorgrifier","player_choice":"Transformed","floor":38.0,"gold_loss":0.0,"damage_taken":0.0,"cards_obtained":["Havoc"]},{"damage_healed":0,"gold_gain":50,"player_choice":"Pray","damage_taken":0,"max_hp_gain":0,"max_hp_loss":0,"event_name":"Golden Shrine","floor":47,"gold_loss":0}],"is_beta":false,"boss_relics":[{"not_picked":["SlaversCollar","Snecko Eye"],"picked":"Cursed Key"},{"not_picked":["Pandora\u0027s Box","Fusion Hammer"],"picked":"Runic Pyramid"}],"items_purged_floors":[10,30,48],"is_endless":false,"potions_floor_spawned":[1,5,8,16,21,28,29,35,37,39],"killed_by":"Awakened One","ascension_level":20}}