{"host":"xjj3c712op3vq4z0","time":1613133031,"event":{"mods":["BaseMod","Challenge The Spire","Curses Come First","Highlight Path","Hubris","Minty Spire (QoL Compilation)","Replay The Spire","Shop Mod","StSLib","SuperFastMode"],"gold_per_floor":[33,33,62,87,119,119,119,119,145,175,210,210,210,210,235,260,291,321],"floor_reached":19,"language":"ENG","playtime":1427,"items_purged":[],"score":479,"play_id":"504ec78f-1557-4019-8fb4-f31beb9c1e73","local_time":"20210212133031","daily_mods":["challengethespire:Gold Difficulty","challengethespire:Modded Elite Rush","Uncertain Future"],"is_ascension_mode":true,"campfire_choices":[{"data":"Bash","floor":2,"key":"SMITH"},{"data":"hubris:EnhanceAbility","floor":7,"key":"SMITH"},{"data":"Shockwave","floor":8,"key":"SMITH"},{"data":"Feed","floor":13,"key":"SMITH"},{"data":"Battle Trance","floor":14,"key":"SMITH"}],"circlet_count":0,"master_deck":["AscendersBane","Strike_R","Strike_R","Strike_R","Strike_R","Strike_R","Defend_R","Defend_R","Defend_R","Defend_R","Bash+1","hubris:EnhanceAbility+1","Defy Death+1","Warcry","Cleave","Shockwave+1","Feed+1","Cleave","Battle Trance+1","Shrug It Off","Reaper","Inflame","Pot Of Greed","Pot Of Greed","Double Tap","Eclipse","Pot Of Greed"],"relics":["Burning Blood","Black Star","Sling","PreservedInsect","HornCleat","Anchor","Potion Belt","Kunai","Letter Opener","Toy Ornithopter","Oddly Smooth Stone","hubris:Spice","Painkiller Herb","Iron Hammer","CaptainsWheel","hubris:FunFungus","StoneCalendar","Strawberry","Grinning Jar","Calipers"],"acts_visited":["Exordium"],"potions_floor_usage":[16],"damage_taken":[{"damage":17,"enemies":"Replay:BlueRogue","floor":3,"turns":4},{"damage":0,"enemies":"3 Sentries","floor":4,"turns":7},{"damage":2,"enemies":"Gremlin Nob","floor":5,"turns":3},{"damage":12,"enemies":"Book of Stabbing","floor":9,"turns":4},{"damage":0,"enemies":"Replay:Snechameleon","floor":10,"turns":6},{"damage":2,"enemies":"Gremlin Leader","floor":11,"turns":4},{"damage":8,"enemies":"Reptomancer","floor":15,"turns":4},{"damage":23,"enemies":"Nemesis","floor":16,"turns":7},{"damage":3,"enemies":"Giant Head","floor":17,"turns":5},{"damage":7,"enemies":"Shield and Spear","floor":18,"turns":3}],"seed_played":"5618648491574323870","potions_obtained":[{"floor":4,"key":"LiquidBronze"},{"floor":10,"key":"GamblersBrew"},{"floor":16,"key":"Dexterity Potion"},{"floor":18,"key":"LiquidMemories"}],"is_trial":true,"path_per_floor":["$","R","E","E","E","T","T","T","E","E","E","T","T","T","E","E","E","E",null],"character_chosen":"IRONCLAD","items_purchased":["hubris:EnhanceAbility","Defy Death+1","Warcry","Cleave","HornCleat","Anchor"],"campfire_rested":0,"item_purchase_floors":[1,1,1,1,1,1],"current_hp_per_floor":[68,68,57,63,78,78,78,78,75,92,92,84,84,84,89,74,75,59],"gold":321,"neow_bonus":"","is_daily":false,"chose_seed":false,"campfire_upgraded":5,"win_rate":0.0,"timestamp":1613133031,"path_taken":["$","R","E","E","E","T","T","T","E","E","E","T","T","T","E","E","E","E"],"items_purchased_type":["Card","Card","Card","Card","Relic","Relic"],"build_version":"2020-12-22","purchased_purges":0,"victory":true,"max_hp_per_floor":[75,75,75,75,86,86,86,86,89,100,92,84,84,84,91,75,75,59],"card_choices":[],"player_experience":633313,"relics_obtained":[{"floor":3,"key":"Potion Belt"},{"floor":3,"key":"Kunai"},{"floor":4,"key":"Letter Opener"},{"floor":4,"key":"Toy Ornithopter"},{"floor":5,"key":"Oddly Smooth Stone"},{"floor":5,"key":"hubris:Spice"},{"floor":9,"key":"Iron Hammer"},{"floor":9,"key":"CaptainsWheel"},{"floor":10,"key":"hubris:Spice"},{"floor":10,"key":"hubris:FunFungus"},{"floor":11,"key":"StoneCalendar"},{"floor":11,"key":"hubris:Spice"},{"floor":15,"key":"Strawberry"},{"floor":15,"key":"Grinning Jar"},{"floor":16,"key":"hubris:Spice"},{"floor":16,"key":"hubris:Spice"},{"floor":17,"key":"Calipers"},{"floor":18,"key":"hubris:Spice"},{"floor":18,"key":"hubris:Spice"}],"event_choices":[],"is_beta":false,"boss_relics":[{"not_picked":["hubris:GrandSneckoEye","Runic Dome"],"picked":"Painkiller Herb"},{"not_picked":["hubris:Backtick","Snecko Eye"],"picked":"hubris:Spice"}],"items_purged_floors":[],"is_endless":false,"potions_floor_spawned":[4,10,16,18],"ascension_level":15}}