{"host":"z42sc0n2dozsmk72","time":1613126394,"event":{"mods":["AchievementEnabler","BaseMod","Better Third Choice","Colored Map","Curses Come First","Highlight Path","Minty Spire (QoL Compilation)","Permanent Neow","Quick Restart","Relic Stats","Shop Mod","StSLib","egg","slay the spire mod where everything is the same but ironclad has a cowboy hat"],"gold_per_floor":[115,129,140,158,174,174,199,199,279,554,581,12,23,23,23,127,127,144,175,185,185,185,185],"floor_reached":22,"language":"ENG","playtime":1179,"items_purged":["Regret"],"score":295,"play_id":"81c19e04-780b-4e28-a6c1-3f0552947175","local_time":"20210212233954","is_ascension_mode":true,"campfire_choices":[{"data":"Cold Snap","floor":6.0,"key":"SMITH"},{"data":"Zap","floor":8.0,"key":"SMITH"},{"data":"Sunder","floor":15,"key":"SMITH"}],"circlet_count":0,"master_deck":["Strike_B","Strike_B","Strike_B","Strike_B","Defend_B","Defend_B","Defend_B","Defend_B","Zap+1","Dualcast","Undo","Undo","Skim","Cold Snap+1","Sunder+1","Conserve Battery","Meteor Strike","Rainbow","Fusion","Cold Snap+1"],"relics":["Sozu","Oddly Smooth Stone","Bottled Lightning","Du-Vu Doll","Runic Capacitor","Vajra","Bag of Marbles","SlaversCollar","Red Mask","FaceOfCleric"],"acts_visited":["Exordium","TheCity"],"potions_floor_usage":[],"damage_taken":[{"damage":2.0,"enemies":"Jaw Worm","floor":1.0,"turns":3.0},{"damage":0.0,"enemies":"Cultist","floor":2.0,"turns":3.0},{"damage":8.0,"enemies":"2 Louse","floor":3.0,"turns":2.0},{"damage":0.0,"enemies":"Exordium Wildlife","floor":4.0,"turns":3.0},{"damage":2.0,"enemies":"2 Fungi Beasts","floor":5.0,"turns":4.0},{"damage":26.0,"enemies":"Lagavulin","floor":7.0,"turns":7.0},{"damage":13,"enemies":"Gremlin Nob","floor":11,"turns":5},{"damage":0,"enemies":"Gremlin Gang","floor":13,"turns":4},{"damage":0,"enemies":"The Guardian","floor":16,"turns":11},{"damage":6,"enemies":"Chosen","floor":18,"turns":4},{"damage":24,"enemies":"Masked Bandits","floor":19,"turns":6},{"damage":26,"enemies":"3 Byrds","floor":20,"turns":6},{"damage":20,"enemies":"Snake Plant","floor":22,"turns":3}],"seed_played":"-6528532414301082444","potions_obtained":[],"is_trial":false,"path_per_floor":["M","M","M","M","M","R","E","R","T","?","E","$","M","?","R","B",null,"M","?","M","?","M"],"character_chosen":"DEFECT","items_purchased":["Runic Capacitor","Vajra","Bag of Marbles","Conserve Battery"],"campfire_rested":0,"item_purchase_floors":[12,12,12,12],"current_hp_per_floor":[73,73,65,65,63,63,37,37,37,37,24,24,24,24,24,24,75,69,45,19,19,0,0],"gold":185,"neow_bonus":"BOSS_RELIC","is_daily":false,"chose_seed":false,"campfire_upgraded":3,"win_rate":0.0,"timestamp":1613126394,"path_taken":["M","M","M","M","M","R","E","R","T","?","E","$","?","?","R","BOSS","M","?","M","?","M"],"items_purchased_type":["Relic","Relic","Relic","Card"],"build_version":"2020-12-22","purchased_purges":1,"victory":false,"max_hp_per_floor":[75,75,75,75,75,75,75,75,75,75,75,75,75,75,75,75,75,75,75,75,75,75,75],"relic_stats":{"Sozu":4,"FaceOfCleric":0,"counters":[13,61],"obtain_stats":[{"Sozu":0,"Du-Vu Doll":11,"SlaversCollar":17,"FaceOfCleric":21,"Oddly Smooth Stone":7,"Vajra":12,"Runic Capacitor":12,"Bag of Marbles":12,"Red Mask":19,"Bottled Lightning":9,"Cracked Core":0},{"Sozu":0,"Du-Vu Doll":7,"SlaversCollar":9,"FaceOfCleric":12,"Oddly Smooth Stone":6,"Vajra":7,"Runic Capacitor":7,"Bag of Marbles":7,"Red Mask":11,"Bottled Lightning":6,"Cracked Core":0},{"Sozu":0,"Du-Vu Doll":27,"SlaversCollar":42,"FaceOfCleric":58,"Oddly Smooth Stone":22,"Vajra":27,"Runic Capacitor":27,"Bag of Marbles":27,"Red Mask":52,"Bottled Lightning":22,"Cracked Core":0}]},"card_choices":[{"not_picked":["Steam","Go for the Eyes"],"picked":"Undo","floor":1.0},{"not_picked":["Compile Driver","Go for the Eyes"],"picked":"Undo","floor":2.0},{"not_picked":["Streamline","Compile Driver","Gash"],"picked":"SKIP","floor":3.0},{"not_picked":["Hologram","Stack"],"picked":"Skim","floor":4.0},{"not_picked":["Steam","Storm"],"picked":"Cold Snap","floor":5.0},{"not_picked":["Steam","Turbo","Beam Cell"],"picked":"SKIP","floor":7.0},{"not_picked":["Hologram","Barrage"],"picked":"Sunder","floor":11},{"not_picked":["Skim","Scrape"],"picked":"Meteor Strike","floor":13},{"not_picked":["Biased Cognition","Hyperbeam"],"picked":"Rainbow","floor":16},{"not_picked":["Beam Cell","Reprogram","Redo"],"picked":"SKIP","floor":18},{"not_picked":["Aggregate+1","Cold Snap"],"picked":"Fusion","floor":19},{"not_picked":["Streamline","Doom and Gloom"],"picked":"Cold Snap+1","floor":20}],"player_experience":935956,"relics_obtained":[{"floor":7.0,"key":"Oddly Smooth Stone"},{"floor":9.0,"key":"Bottled Lightning"},{"floor":11,"key":"Du-Vu Doll"},{"floor":19,"key":"Red Mask"}],"event_choices":[{"damage_healed":0.0,"max_hp_gain":0.0,"max_hp_loss":0.0,"gold_gain":275.0,"event_name":"Golden Shrine","player_choice":"Desecrate","floor":10.0,"gold_loss":0.0,"damage_taken":0.0,"cards_obtained":["Regret"]},{"damage_healed":0,"gold_gain":1,"player_choice":"LEAVE","damage_taken":0,"max_hp_gain":0,"max_hp_loss":0,"event_name":"betterThird:BetterScrap","floor":14,"gold_loss":0,"cards_obtained":["Malaise"]},{"damage_healed":0,"gold_gain":0,"player_choice":"Fought Bandits","damage_taken":0,"max_hp_gain":0,"max_hp_loss":0,"event_name":"Masked Bandits","floor":19,"gold_loss":0},{"damage_healed":0,"gold_gain":0,"player_choice":"Trade","damage_taken":0,"relics_obtained":["FaceOfCleric"],"max_hp_gain":0,"max_hp_loss":0,"event_name":"FaceTrader","floor":21,"gold_loss":0}],"is_beta":false,"boss_relics":[{"not_picked":["Runic Pyramid","Astrolabe"],"picked":"SlaversCollar"}],"items_purged_floors":[12],"is_endless":false,"potions_floor_spawned":[5,11,13,18],"killed_by":"Snake Plant","ascension_level":4}}