{"host":"u8f6oqzdc7r6igag","time":1613169924,"event":{"mods":["BaseMod","Minty Spire (QoL Compilation)","Relic Stats"],"gold_per_floor":[118,128,140,140,140,166,181,181,207,240,4,39,39,58,58,163,163,177,177,177,177,187,187,221,221,221,248,262,280,315,330,330,431,431,447,46,61,75,0,0,0],"floor_reached":40,"language":"ENG","playtime":2957,"items_purged":["Decay"],"score":688,"play_id":"d7ebfabe-205f-4737-9ae3-2f25af91d8ca","local_time":"20210212164524","is_ascension_mode":true,"campfire_choices":[{"data":"Twin Strike","floor":8.0,"key":"SMITH"},{"data":"Armaments","floor":15.0,"key":"SMITH"},{"floor":23.0,"key":"REST"},{"data":"Berserk","floor":25.0,"key":"SMITH"},{"floor":32.0,"key":"DIG"}],"circlet_count":0,"master_deck":["Strike_R+1","Strike_R+1","Strike_R+1","Strike_R+1","Strike_R+1","Defend_R+1","Defend_R+1","Defend_R+1","Defend_R+1","Bash","Shockwave+1","Uppercut+1","Twin Strike+1","Heavy Blade","Immolate","Flash of Steel","Armaments+1","Demon Form","Berserk+1","Burning Pact","Immolate","Corruption","Parasite","Dark Embrace+1"],"relics":["Burning Blood","Vajra","Lantern","Strawberry","Dream Catcher","Ice Cream","Cursed Key","Nilry\u0027s Codex","MutagenicStrength","Ginger","Mango","Letter Opener","Shovel","Oddly Smooth Stone","Mark of Pain","Toxic Egg 2","PrismaticShard"],"acts_visited":["Exordium","TheCity","TheBeyond"],"potions_floor_usage":[],"damage_taken":[{"damage":0.0,"enemies":"Cultist","floor":1.0,"turns":4.0},{"damage":12.0,"enemies":"2 Louse","floor":2.0,"turns":3.0},{"damage":0.0,"enemies":"Jaw Worm","floor":3.0,"turns":2.0},{"damage":14.0,"enemies":"Gremlin Nob","floor":6.0,"turns":4.0},{"damage":0.0,"enemies":"2 Fungi Beasts","floor":7.0,"turns":2.0},{"damage":20.0,"enemies":"3 Sentries","floor":10.0,"turns":7.0},{"damage":0.0,"enemies":"Gremlin Nob","floor":12.0,"turns":2.0},{"damage":0.0,"enemies":"3 Louse","floor":14.0,"turns":1.0},{"damage":7.0,"enemies":"Slime Boss","floor":16.0,"turns":6.0},{"damage":29.0,"enemies":"Shell Parasite","floor":18.0,"turns":4.0},{"damage":3.0,"enemies":"Spheric Guardian","floor":22.0,"turns":3.0},{"damage":13.0,"enemies":"Slavers","floor":24.0,"turns":3.0},{"damage":62.0,"enemies":"Book of Stabbing","floor":27.0,"turns":6.0},{"damage":5.0,"enemies":"Snecko","floor":28.0,"turns":3.0},{"damage":9.0,"enemies":"Snake Plant","floor":29.0,"turns":3.0},{"damage":26.0,"enemies":"Slavers","floor":30.0,"turns":3.0},{"damage":12.0,"enemies":"Chosen and Byrds","floor":31.0,"turns":4.0},{"damage":26.0,"enemies":"Collector","floor":33.0,"turns":6.0},{"damage":38.0,"enemies":"3 Darklings","floor":35.0,"turns":4.0},{"damage":20.0,"enemies":"Orb Walker","floor":37.0,"turns":2.0},{"damage":32,"enemies":"Writhing Mass","floor":38,"turns":5},{"damage":19,"enemies":"Reptomancer","floor":40,"turns":3}],"seed_played":"-6305612053039455083","potions_obtained":[{"floor":2.0,"key":"Energy Potion"},{"floor":6.0,"key":"Fruit Juice"},{"floor":10.0,"key":"SteroidPotion"},{"floor":24.0,"key":"BloodPotion"},{"floor":28.0,"key":"BloodPotion"},{"floor":29.0,"key":"ElixirPotion"},{"floor":31.0,"key":"CultistPotion"},{"floor":37.0,"key":"FearPotion"}],"is_trial":false,"path_per_floor":["M","M","M","?","?","E","M","R","T","E","$","E","$","M","R","B",null,"M","?","?","?","M","R","E","R","T","E","M","M","E","M","R","B",null,"M","$","M","M","$","E"],"character_chosen":"IRONCLAD","items_purchased":["Immolate","Flash of Steel","Toxic Egg 2","PrismaticShard"],"campfire_rested":1,"item_purchase_floors":[11,11,36,36],"current_hp_per_floor":[78,72,78,78,78,70,76,76,83,69,69,75,75,81,81,80,85,62,62,46,46,49,75,68,68,82,51,52,49,50,44,44,24,86,54,54,40,14,14,0,0],"gold":0,"neow_bonus":"RANDOM_COMMON_RELIC","is_daily":false,"chose_seed":false,"campfire_upgraded":3,"win_rate":0.0,"timestamp":1613169924,"path_taken":["M","M","M","?","?","E","M","R","T","E","$","E","$","?","R","BOSS","M","?","?","?","M","R","E","R","T","E","M","M","E","M","R","BOSS","M","$","M","M","$","E"],"items_purchased_type":["Card","Card","Relic","Relic"],"build_version":"2020-12-22","purchased_purges":1,"victory":false,"max_hp_per_floor":[80,80,80,80,80,80,80,80,87,87,87,87,87,87,87,87,87,87,87,87,87,87,87,87,87,101,106,106,106,106,106,106,106,106,106,106,106,106,106,106,106],"relic_stats":{"Dream Catcher":1,"Shovel":1,"counters":[22,80],"Ginger":[10],"Letter Opener":[65],"Cursed Key":1,"obtain_stats":[{"Ice Cream":12,"Lantern":6,"Nilry\u0027s Codex":20,"Vajra":0,"Oddly Smooth Stone":32,"Mango":26,"Ginger":24,"Letter Opener":27,"Cursed Key":17,"PrismaticShard":36,"Burning Blood":0,"Dream Catcher":10,"Shovel":30,"Strawberry":9,"MutagenicStrength":21,"Mark of Pain":34,"Toxic Egg 2":36},{"Ice Cream":7,"Lantern":4,"Nilry\u0027s Codex":10,"Vajra":0,"Oddly Smooth Stone":17,"Mango":12,"Ginger":12,"Letter Opener":13,"Cursed Key":9,"PrismaticShard":19,"Burning Blood":0,"Dream Catcher":6,"Shovel":16,"Strawberry":5,"MutagenicStrength":10,"Mark of Pain":18,"Toxic Egg 2":19},{"Ice Cream":24,"Lantern":13,"Nilry\u0027s Codex":35,"Vajra":0,"Oddly Smooth Stone":60,"Mango":41,"Ginger":41,"Letter Opener":47,"Cursed Key":31,"PrismaticShard":70,"Burning Blood":0,"Dream Catcher":22,"Shovel":56,"Strawberry":15,"MutagenicStrength":35,"Mark of Pain":66,"Toxic Egg 2":70}],"Burning Blood":126},"card_choices":[{"not_picked":["Wild Strike","Infernal Blade"],"picked":"Shockwave","floor":1.0},{"not_picked":["Iron Wave","Dropkick"],"picked":"Uppercut","floor":2.0},{"not_picked":["Second Wind","Sever Soul","Bloodletting"],"picked":"SKIP","floor":3.0},{"not_picked":["Second Wind","Clothesline"],"picked":"Twin Strike","floor":6.0},{"not_picked":["Clothesline","Twin Strike","Evolve"],"picked":"SKIP","floor":7.0},{"not_picked":["Clothesline","Flex"],"picked":"Heavy Blade","floor":10.0},{"not_picked":["Iron Wave","Body Slam"],"picked":"Armaments","floor":12.0},{"not_picked":["Heavy Blade","Blood for Blood","Sentinel"],"picked":"SKIP","floor":14.0},{"not_picked":["Reaper","Limit Break"],"picked":"Demon Form","floor":16.0},{"not_picked":["Hemokinesis","Entrench","Perfected Strike"],"picked":"SKIP","floor":18.0},{"not_picked":["Havoc","Iron Wave","Rampage"],"picked":"SKIP","floor":22.0},{"not_picked":["Burning Pact","Havoc+1"],"picked":"Berserk","floor":24.0},{"not_picked":["Heavy Blade+1","Perfected Strike","Pommel Strike"],"picked":"SKIP","floor":27.0},{"not_picked":["Wild Strike","Pommel Strike+1"],"picked":"Burning Pact","floor":28.0},{"not_picked":["Warcry+1","Intimidate","Havoc"],"picked":"SKIP","floor":29.0},{"not_picked":["Anger","Perfected Strike"],"picked":"Immolate","floor":30.0},{"not_picked":["Armaments+1","Flex","Clothesline"],"picked":"SKIP","floor":31.0},{"not_picked":["Demon Form","Bludgeon"],"picked":"Corruption","floor":33.0},{"not_picked":["Searing Blow","Havoc+1","Second Wind"],"picked":"SKIP","floor":35.0},{"not_picked":["Deep Breath+1","Tactician+1","LikeWater"],"picked":"SKIP","floor":37.0},{"not_picked":["Bane+1","Twin Strike"],"picked":"Dark Embrace+1","floor":38}],"player_experience":176535,"relics_obtained":[{"floor":6.0,"key":"Lantern"},{"floor":9.0,"key":"Strawberry"},{"floor":10.0,"key":"Dream Catcher"},{"floor":12.0,"key":"Ice Cream"},{"floor":20.0,"key":"Nilry\u0027s Codex"},{"floor":24.0,"key":"Ginger"},{"floor":26.0,"key":"Mango"},{"floor":27.0,"key":"Letter Opener"},{"floor":30.0,"key":"Shovel"},{"floor":32.0,"key":"Oddly Smooth Stone"}],"event_choices":[{"damage_healed":0.0,"max_hp_gain":0.0,"max_hp_loss":0.0,"gold_gain":0.0,"event_name":"Living Wall","player_choice":"Grow","floor":4.0,"gold_loss":0.0,"damage_taken":0.0,"cards_upgraded":["Uppercut"]},{"damage_healed":0.0,"max_hp_gain":0.0,"max_hp_loss":0.0,"gold_gain":0.0,"event_name":"Upgrade Shrine","player_choice":"Upgraded","floor":5.0,"gold_loss":0.0,"damage_taken":0.0,"cards_upgraded":["Shockwave"]},{"damage_healed":0.0,"max_hp_gain":0.0,"max_hp_loss":0.0,"gold_gain":0.0,"event_name":"Back to Basics","player_choice":"Simplicity","floor":19.0,"gold_loss":0.0,"damage_taken":0.0,"cards_upgraded":["Strike_R","Strike_R","Strike_R","Strike_R","Strike_R","Defend_R","Defend_R","Defend_R","Defend_R"]},{"damage_healed":0.0,"max_hp_gain":0.0,"max_hp_loss":0.0,"gold_gain":0.0,"event_name":"Cursed Tome","player_choice":"Obtained Book","floor":20.0,"gold_loss":0.0,"damage_taken":16.0},{"damage_healed":0.0,"max_hp_gain":0.0,"max_hp_loss":0.0,"gold_gain":0.0,"event_name":"Drug Dealer","player_choice":"Inject Mutagens","floor":21.0,"gold_loss":0.0,"damage_taken":0.0,"relics_obtained":["MutagenicStrength"]}],"is_beta":false,"boss_relics":[{"not_picked":["Calling Bell","Astrolabe"],"picked":"Cursed Key"},{"not_picked":["Black Blood","Runic Dome"],"picked":"Mark of Pain"}],"items_purged_floors":[39],"is_endless":false,"potions_floor_spawned":[2,6,10,24,28,29,31,37],"killed_by":"Reptomancer","ascension_level":7}}