{"host":"8rgpnls124hwjv5t","time":1613169347,"event":{"mods":["BaseMod","Colored Map","Colored Powertips","DeckTracker","Highlight Path","Minty Spire (QoL Compilation)","Permanent Neow","Quick Restart","Relic Stats","Shop Mod","StSLib"],"gold_per_floor":[363,381,172,172,187,222,222,245,272,302,302,325,369,39,39,132,132,132,132,132,132,132,132,132,132],"floor_reached":24,"language":"ENG","playtime":920,"items_purged":["Strike_B"],"score":381,"play_id":"8612354c-78fa-4327-bd9a-8ae749410c6a","local_time":"20210212173547","is_ascension_mode":true,"campfire_choices":[{"data":"Self Repair","floor":7,"key":"SMITH"},{"floor":11,"key":"REST"},{"data":"Capacitor","floor":15,"key":"SMITH"},{"floor":23,"key":"REST"}],"circlet_count":0,"master_deck":["AscendersBane","Strike_B","Strike_B","Strike_B","Defend_B","Defend_B","Defend_B","Defend_B","Zap","Dualcast","Static Discharge","Self Repair+1","Electrodynamics","Ball Lightning","Seek","Barrage","Capacitor+1","Barrage","Conserve Battery","Loop","Amplify","Conserve Battery","Leap"],"relics":["Cracked Core","Golden Idol","Centennial Puzzle","Ancient Tea Set","Strawberry","Frozen Eye","Ectoplasm"],"acts_visited":["Exordium","TheCity"],"potions_floor_usage":[6,13,13,16,22,24],"damage_taken":[{"damage":9,"enemies":"Small Slimes","floor":1,"turns":3},{"damage":2,"enemies":"2 Louse","floor":2,"turns":2},{"damage":2,"enemies":"Cultist","floor":5,"turns":3},{"damage":20,"enemies":"Lagavulin","floor":6,"turns":6},{"damage":0,"enemies":"Lots of Slimes","floor":8,"turns":1},{"damage":1,"enemies":"Looter","floor":12,"turns":2},{"damage":16,"enemies":"3 Sentries","floor":13,"turns":5},{"damage":34,"enemies":"Hexaghost","floor":16,"turns":5},{"damage":33,"enemies":"Shell Parasite","floor":18,"turns":5},{"damage":19,"enemies":"Spheric Guardian","floor":21,"turns":4},{"damage":31,"enemies":"Centurion and Healer","floor":22,"turns":3},{"damage":48,"enemies":"Gremlin Leader","floor":24,"turns":4}],"seed_played":"1446952690412772157","potions_obtained":[{"floor":2,"key":"Explosive Potion"},{"floor":5,"key":"DistilledChaos"},{"floor":8,"key":"Dexterity Potion"},{"floor":13,"key":"SteroidPotion"},{"floor":16,"key":"FocusPotion"},{"floor":22,"key":"SkillPotion"}],"is_trial":false,"path_per_floor":["M","M","$","?","M","E","R","M","T","?","R","M","E","$","R","B",null,"M","?","$","M","M","R","E"],"character_chosen":"DEFECT","items_purchased":["Electrodynamics","Ball Lightning","Loop","Frozen Eye"],"campfire_rested":2,"item_purchase_floors":[3,3,14,14],"current_hp_per_floor":[55,53,53,31,36,23,23,23,23,23,42,51,52,52,52,28,60,47,37,37,38,17,38,0,0],"gold":132,"neow_bonus":"TWO_FIFTY_GOLD","is_daily":false,"chose_seed":false,"campfire_upgraded":2,"win_rate":0.0,"timestamp":1613169347,"path_taken":["M","M","$","?","M","E","R","M","T","?","R","M","E","$","R","BOSS","M","?","?","M","M","R","E"],"items_purchased_type":["Card","Card","Card","Relic"],"build_version":"2020-12-22","purchased_purges":1,"victory":false,"max_hp_per_floor":[64,64,64,64,64,64,64,64,64,64,64,64,71,71,71,71,71,71,71,71,71,71,71,71,71],"relic_stats":{"Centennial Puzzle":[21],"counters":[12,43],"Golden Idol":59,"Ectoplasm":54,"obtain_stats":[{"Frozen Eye":14,"Centennial Puzzle":6,"Golden Idol":4,"Strawberry":13,"Ectoplasm":17,"Cracked Core":0,"Ancient Tea Set":9},{"Frozen Eye":7,"Centennial Puzzle":4,"Golden Idol":2,"Strawberry":7,"Ectoplasm":8,"Cracked Core":0,"Ancient Tea Set":5},{"Frozen Eye":22,"Centennial Puzzle":14,"Golden Idol":5,"Strawberry":22,"Ectoplasm":27,"Cracked Core":0,"Ancient Tea Set":15}]},"card_choices":[{"not_picked":["Hologram","Coolheaded"],"picked":"Static Discharge","floor":1},{"not_picked":["Ball Lightning","Hologram"],"picked":"Self Repair","floor":2},{"not_picked":["Steam","Streamline"],"picked":"Seek","floor":5},{"not_picked":["Electrodynamics","Recycle"],"picked":"Barrage","floor":6},{"not_picked":["Ball Lightning","Turbo"],"picked":"Capacitor","floor":8},{"not_picked":["Steam Power","Heatsinks"],"picked":"Barrage","floor":12},{"not_picked":["Cold Snap","All For One"],"picked":"Conserve Battery","floor":13},{"not_picked":["Reboot","Rainbow"],"picked":"Amplify","floor":16},{"not_picked":["Rebound+1","Go for the Eyes"],"picked":"Conserve Battery","floor":18},{"not_picked":["Hello World","Go for the Eyes","Gash"],"picked":"SKIP","floor":21},{"not_picked":["Sweeping Beam","Compile Driver"],"picked":"Leap","floor":22}],"player_experience":585880,"relics_obtained":[{"floor":6,"key":"Centennial Puzzle"},{"floor":9,"key":"Ancient Tea Set"},{"floor":13,"key":"Strawberry"}],"event_choices":[{"damage_healed":0,"gold_gain":0,"player_choice":"Take Damage","damage_taken":22,"relics_obtained":["Golden Idol"],"max_hp_gain":0,"max_hp_loss":0,"event_name":"Golden Idol","floor":4,"gold_loss":0},{"damage_healed":0,"gold_gain":30,"player_choice":"Searched \u00271\u0027 times","damage_taken":0,"max_hp_gain":0,"max_hp_loss":0,"event_name":"Dead Adventurer","floor":10,"gold_loss":0},{"damage_healed":0,"gold_gain":0,"player_choice":"Damaged","damage_taken":10,"max_hp_gain":0,"max_hp_loss":0,"event_name":"Wheel of Change","floor":19,"gold_loss":0}],"is_beta":false,"boss_relics":[{"not_picked":["Coffee Dripper","Inserter"],"picked":"Ectoplasm"}],"items_purged_floors":[14],"is_endless":false,"potions_floor_spawned":[2,5,8,13,16,22],"killed_by":"Gremlin Leader","ascension_level":17}}