{"host":"bjzqjr1ycgj8gt55","time":1613090007,"event":{"mods":["100% Spire Juice","BaseMod","Better Altar","Better Match","Better Sensory Stone","Better Skull","Better Third Choice","Better Vampires","Block Reminder","Colored Map","Colored Powertips","GifTheSpireLib","Hermit","Infinite Spire","Minty Spire (QoL Compilation)","Rare Cards Sparkle","Red Circlet Mod","Shade Mod","Shop Mod","Spicy Shops","StSLib","The Cursed","The Jungle","The Marked","The Necromancer","Waifu the Spire","everything is the same but u backflip on backflip","slay the spire mod where everything is the same but ironclad has a cowboy hat"],"gold_per_floor":[114,193,368,368,380,408,408,436,436,468,468,503,516,536,536,641,641,652,59,79,92,104,104,135,147,170,170,180,213,213,244,244,344,344,362,374,374,374,44,69,69,79,106,106,119,129,142,417,417,417,417,417,83,116,116,116],"floor_reached":55,"language":"ENG","playtime":4580,"items_purged":["hermit:Strike_Hermit","hermit:Strike_Hermit","hermit:Defend_Hermit"],"score":1204,"play_id":"f15bc27e-5687-4982-a5a7-8df2ea171715","local_time":"20210211183327","is_ascension_mode":true,"campfire_choices":[{"data":"hermit:GoldenBullet","floor":7,"key":"SMITH"},{"floor":11,"key":"REST"},{"floor":15,"key":"REST"},{"data":"hermit:FromBeyond","floor":23,"key":"SMITH"},{"data":"hermit:GoldenBullet","floor":27,"key":"SMITH"},{"floor":32,"key":"REST"},{"data":"hermit:Magnum","floor":41,"key":"SMITH"},{"data":"hermit:OverwhelmingPower","floor":44,"key":"SMITH"},{"floor":49,"key":"RECALL"},{"data":"hermit:Determination","floor":52,"key":"SMITH"}],"circlet_count":0,"master_deck":["hermit:Strike_Hermit","hermit:Strike_Hermit","hermit:Defend_Hermit","hermit:Defend_Hermit","hermit:Defend_Hermit","hermit:Snapshot","hermit:Covet","hermit:GoldenBullet+1","Doubt","Blind","hermit:CursedWeapon","hermit:FromBeyond+1","hermit:FlashPowder","hermit:BlackWind","hermit:EyeOfTheStorm","hermit:Manifest+1","hermit:Dive","hermit:Magnum+1","hermit:GoldenBullet","hermit:Enervate","hermit:GhostlyPresence","hermit:GoldenBullet+1","hermit:Dive+1","hermit:FlashPowder","hermit:Dive","hermit:BigShot","Decay","hermit:OverwhelmingPower+1","hermit:Dissolve","hermit:Desperado+1","hermit:Roulette+1","Writhe","Pain","Clumsy","infinitespire:Gouge+1","hermit:LuckOfTheDraw","hermit:FromBeyond+1","hermit:Desperado+1","TheCursedMod:Dregs","hermit:Determination+1","hermit:Desperado+1","Regret","hermit:Grudge+1","hermit:Combo","hermit:Determination+1"],"relics":["hermit:Momento","NeowsBlessing","Ornamental Fan","Gremlin Horn","infinitespire:EmpoweringShard","hermit:CharredGlove","Bag of Preparation","Sozu","Kunai","MealTicket","Molten Egg 2","Darkstone Periapt","infinitespire:CursedDice","Cursed Key","Toy Ornithopter","Bronze Scales","infinitespire:Satchel","War Paint"],"acts_visited":["Exordium","TheCity","TheBeyond","TheEnding"],"potions_floor_usage":[12,16,16,50,50],"damage_taken":[{"damage":0,"enemies":"Small Slimes","floor":1,"turns":1},{"damage":0,"enemies":"Jaw Worm","floor":5,"turns":1},{"damage":2,"enemies":"3 Sentries","floor":6,"turns":2},{"damage":53,"enemies":"Gremlin Nob","floor":8,"turns":5},{"damage":16,"enemies":"3 Sentries","floor":10,"turns":7},{"damage":6,"enemies":"Gremlin Nob","floor":12,"turns":3},{"damage":0,"enemies":"2 Louse","floor":13,"turns":1},{"damage":2,"enemies":"Large Slime","floor":14,"turns":2},{"damage":27,"enemies":"Slime Boss","floor":16,"turns":6},{"damage":2,"enemies":"3 Byrds","floor":18,"turns":5},{"damage":2,"enemies":"Spheric Guardian","floor":20,"turns":1},{"damage":3,"enemies":"Snecko","floor":21,"turns":4},{"damage":5,"enemies":"3 Cultists","floor":22,"turns":4},{"damage":2,"enemies":"Gremlin Leader","floor":24,"turns":9},{"damage":6,"enemies":"Centurion and Healer","floor":25,"turns":4},{"damage":5,"enemies":"Sentry and Sphere","floor":28,"turns":4},{"damage":15,"enemies":"Book of Stabbing","floor":29,"turns":6},{"damage":2,"enemies":"Slavers","floor":31,"turns":3},{"damage":63,"enemies":"Collector","floor":33,"turns":9},{"damage":2,"enemies":"Orb Walker","floor":35,"turns":2},{"damage":13,"enemies":"3 Shapes","floor":36,"turns":4},{"damage":31,"enemies":"Giant Head","floor":40,"turns":6},{"damage":2,"enemies":"Maw","floor":42,"turns":5},{"damage":11,"enemies":"Transient","floor":45,"turns":5},{"damage":2,"enemies":"Writhing Mass","floor":46,"turns":2},{"damage":2,"enemies":"Maw","floor":47,"turns":5},{"damage":72,"enemies":"Awakened One","floor":50,"turns":9},{"damage":2,"enemies":"Shield and Spear","floor":54,"turns":4},{"damage":109,"enemies":"The Heart","floor":55,"turns":5}],"seed_played":"8006519496044323778","potions_obtained":[{"floor":6,"key":"Strength Potion"},{"floor":10,"key":"DistilledChaos"},{"floor":13,"key":"Fire Potion"},{"floor":14,"key":"PowerPotion"},{"floor":16,"key":"Regen Potion"}],"is_trial":false,"path_per_floor":["M","?","?","?","M","E","R","E","T","E","R","E","M","M","R","B",null,"M","$","M","M","M","R","E","M","T","R","M","E","?","E","R","B",null,"M","M","?","?","$","E","R","M","T","R","M","M","M","?","R","B",null,"R","$","E","B"],"character_chosen":"HERMIT","items_purchased":["Kunai","hermit:Enervate","hermit:GhostlyPresence","MealTicket","hermit:LuckOfTheDraw","hermit:Grudge+1","hermit:Combo","infinitespire:Satchel"],"campfire_rested":3,"item_purchase_floors":[19,19,19,19,39,53,53,53],"current_hp_per_floor":[75,75,75,75,75,73,73,20,20,4,26,20,20,18,40,13,75,73,73,71,68,63,63,61,55,55,55,50,35,41,39,63,29,81,79,66,87,99,99,68,68,66,72,72,61,59,57,63,63,13,111,111,111,109,0,0],"gold":116,"neow_bonus":"THREE_ENEMY_KILL","is_daily":false,"chose_seed":false,"campfire_upgraded":6,"win_rate":0.0,"timestamp":1613090007,"path_taken":["M","?","?","?","?","E","R","E","T","E","R","E","M","M","R","BOSS","M","$","M","M","M","R","E","M","T","R","M","E","?","E","R","BOSS","M","M","?","?","$","E","R","M","T","R","M","M","M","?","R","BOSS","R","$","E","BOSS"],"items_purchased_type":["Relic","Card","Card","Relic","Card","Card","Card","Relic"],"build_version":"2020-12-22","purchased_purges":3,"victory":false,"max_hp_per_floor":[75,75,75,75,75,75,75,75,75,75,75,75,75,75,75,75,75,75,75,75,75,75,75,75,75,75,75,75,75,81,81,81,81,81,81,81,87,99,99,99,99,99,105,105,105,105,105,111,111,111,111,111,111,111,111,111],"card_choices":[{"not_picked":["hermit:Virtue","hermit:BodyArmor"],"picked":"hermit:GoldenBullet","floor":1},{"not_picked":["Enlightenment","Chrysalis"],"picked":"Blind","floor":4},{"not_picked":["hermit:HoleUp","hermit:ItchyTrigger"],"picked":"hermit:CursedWeapon","floor":5},{"not_picked":["hermit:Headshot","hermit:Coalescence"],"picked":"hermit:FromBeyond","floor":6},{"not_picked":["hermit:LowProfile","hermit:Horror"],"picked":"hermit:FlashPowder","floor":8},{"not_picked":["hermit:Manifest","hermit:Gambit"],"picked":"hermit:BlackWind","floor":10},{"not_picked":["hermit:WideOpen","hermit:TakeAim"],"picked":"hermit:EyeOfTheStorm","floor":12},{"not_picked":["hermit:NoHoldsBarred","hermit:BodyArmor"],"picked":"hermit:Manifest","floor":13},{"not_picked":["hermit:HighCaliber","hermit:Midnight"],"picked":"hermit:Dive","floor":14},{"not_picked":["hermit:EternalForm","hermit:OverwhelmingPower"],"picked":"hermit:Magnum","floor":16},{"not_picked":["hermit:Misfire","hermit:Ricochet"],"picked":"hermit:GoldenBullet","floor":18},{"not_picked":["hermit:NoHoldsBarred","hermit:Malice"],"picked":"hermit:GoldenBullet","floor":20},{"not_picked":["hermit:TrackingShot","hermit:Enervate","hermit:CalledShot"],"picked":"SKIP","floor":21},{"not_picked":["hermit:WideOpen+1","hermit:Purgatory"],"picked":"hermit:Dive+1","floor":22},{"not_picked":["hermit:Snipe","hermit:EyeOfTheStorm+1"],"picked":"hermit:FlashPowder","floor":24},{"not_picked":["hermit:Vantage","hermit:TrackingShot+1"],"picked":"hermit:Dive","floor":25},{"not_picked":["hermit:HighCaliber+1","hermit:Scavenge+1","hermit:LowProfile+1"],"picked":"SKIP","floor":28},{"not_picked":["hermit:CalledShot+1","hermit:Desperado+1"],"picked":"hermit:BigShot","floor":29},{"not_picked":["hermit:Misfire+1","hermit:Manifest+1"],"picked":"hermit:OverwhelmingPower","floor":31},{"not_picked":["hermit:FinalCanter+1","hermit:HeroicBravado"],"picked":"hermit:Dissolve","floor":33},{"not_picked":["hermit:TrackingShot+1","hermit:TakeAim"],"picked":"hermit:Desperado+1","floor":35},{"not_picked":["hermit:ItchyTrigger+1","hermit:Cheat"],"picked":"hermit:Roulette+1","floor":36},{"not_picked":["infinitespire:SealOfDarkness+","infinitespire:Fortify"],"picked":"infinitespire:Gouge","floor":38},{"not_picked":["hermit:Misfire+1","hermit:WideOpen+1"],"picked":"hermit:FromBeyond","floor":40},{"not_picked":["hermit:BigShot+1","hermit:HoleUp+1"],"picked":"hermit:Desperado+1","floor":42},{"not_picked":["hermit:Misfire+1","hermit:Quickdraw+1"],"picked":"hermit:Determination","floor":45},{"not_picked":["hermit:Headshot+1","hermit:LowProfile","hermit:TakeCover+1"],"picked":"SKIP","floor":46},{"not_picked":["hermit:Dive+1","hermit:Midnight"],"picked":"hermit:Desperado+1","floor":47},{"not_picked":["hermit:Headshot+1","hermit:CalledShot+1"],"picked":"hermit:Determination+1","floor":54}],"player_experience":152915,"relics_obtained":[{"floor":6,"key":"Ornamental Fan"},{"floor":8,"key":"Gremlin Horn"},{"floor":9,"key":"infinitespire:EmpoweringShard"},{"floor":10,"key":"hermit:CharredGlove"},{"floor":12,"key":"Bag of Preparation"},{"floor":24,"key":"Molten Egg 2"},{"floor":29,"key":"Darkstone Periapt"},{"floor":31,"key":"infinitespire:CursedDice"},{"floor":40,"key":"Toy Ornithopter"},{"floor":43,"key":"Bronze Scales"},{"floor":54,"key":"War Paint"}],"event_choices":[{"damage_healed":0,"gold_gain":79,"player_choice":"Gained Gold","damage_taken":0,"max_hp_gain":0,"max_hp_loss":0,"event_name":"Golden Wing","floor":2,"gold_loss":0},{"damage_healed":0,"gold_gain":175,"player_choice":"AGREE","damage_taken":193,"max_hp_gain":0,"max_hp_loss":0,"event_name":"betterThird:BetterSerpent","floor":3,"gold_loss":0},{"damage_healed":0,"gold_gain":1,"player_choice":"1","damage_taken":0,"max_hp_gain":0,"max_hp_loss":0,"event_name":"betterStone:BetterStone","floor":4,"gold_loss":0},{"damage_healed":0,"gold_gain":0,"player_choice":" Defy","damage_taken":0,"max_hp_gain":0,"max_hp_loss":0,"event_name":"betterAltar:BetterAltar","floor":30,"gold_loss":0,"cards_obtained":["Decay"]},{"damage_healed":20,"gold_gain":0,"player_choice":"Writhe","damage_taken":0,"max_hp_gain":0,"max_hp_loss":0,"event_name":"Winding Halls","floor":37,"gold_loss":0,"cards_obtained":["Writhe"]},{"damage_healed":0,"gold_gain":275,"player_choice":"Desecrate","damage_taken":0,"max_hp_gain":0,"max_hp_loss":0,"event_name":"Golden Shrine","floor":48,"gold_loss":0,"cards_obtained":["Regret"]}],"is_beta":false,"boss_relics":[{"not_picked":["Tiny House","infinitespire:Cupcake"],"picked":"Sozu"},{"not_picked":["Velvet Choker","SacredBark"],"picked":"Cursed Key"}],"items_purged_floors":[19,39,39],"is_endless":false,"potions_floor_spawned":[6,10,13,14,16,21,22,25,31,36,42,46,47,54],"killed_by":"The Heart","ascension_level":4}}