{"host":"6affnl2vk6en9o4b","time":1613138472,"event":{"mods":["AchievementEnabler","Aspiration","BaseMod","BetterRewards","Colored Powertips","Conspire","Downfall","Friendly Minions","Googly Eyes","Highlight Path","Hubris","Infinite Spire","Minty Spire (QoL Compilation)","Quick Restart","Replay The Spire","StSLib","Unceasing Turn Reminder"],"gold_per_floor":[99,115,133,147,158,177,227,402,402,402,198,98,112,137,154,257,257,57,71,171,156,223,273,346,496,496,527,546,566,566,252,265,265,265,265],"floor_reached":33,"language":"ENG","playtime":1916,"items_purged":[],"score":369,"play_id":"62d51840-ef86-4a6a-9bcc-0c34535d3774","local_time":"20210212140112","is_ascension_mode":false,"campfire_choices":[{"floor":1.0,"key":"DIG"},{"floor":10.0,"key":"RECALL"},{"floor":12.0,"key":"REST"},{"data":"expansioncontent:LastStand","floor":18.0,"key":"SMITH"},{"floor":26.0,"key":"REST"},{"floor":30.0,"key":"REST"}],"circlet_count":0,"master_deck":["bronze:Strike","bronze:Strike","bronze:Strike","bronze:Strike","bronze:Defend","bronze:Defend","bronze:Defend","bronze:Defend","bronze:Replicate","bronze:Goto","bronze:OilSpill","bronze:Constructor","bronze:CloningBeam","bronze:RecursiveStrike","bronze:WildBeam","bronze:OilSpill","Doubt","bronze:Spike","bronze:DazingPulse","bronze:Explode","bronze:BitShift","bronze:Repair","bronze:Terminator","bronze:Terminator","bronze:Separator","expansioncontent:LastStand+1","bronze:Break","bronze:DarkDash","bronze:Shell","bronze:BurnOut","bronze:Shield","bronze:WhirlingStrike","bronze:WhirlingStrike","bronze:Boost","bronze:Format","infinitespire:TheBestDefense","bronze:Philosophize","bronze:ItsAFeature","bronze:Overheat","bronze:Allocate+1","bronze:CutThrough","bronze:Boost","bronze:DelayedSlice"],"relics":["bronze:BronzeCore","aspiration:SeaSaltIceCream","hubris:Towel","downfall:HeartBlessingRed","aspiration:FetidBarrel","Philosopher\u0027s Stone","downfall:HeartBlessingGreen","downfall:HeartBlessingBlue","downfall:CloakOfManyFaces","CultistMask","FaceOfCleric","NlothsMask","GremlinMask","SsserpentHead","MutagenicStrength","infinitespire:CheckeredPen","Mango","infinitespire:FocusingShard","Lizard Tail","Replay:Rubber Ducky"],"acts_visited":["Exordium","TheCity"],"potions_floor_usage":[33,33,33,33],"damage_taken":[{"damage":1.0,"enemies":"Jaw Worm","floor":2.0,"turns":3.0},{"damage":2.0,"enemies":"conspire:RoseBush","floor":3.0,"turns":3.0},{"damage":1.0,"enemies":"Cultist","floor":4.0,"turns":3.0},{"damage":0.0,"enemies":"Large Slime","floor":5.0,"turns":6.0},{"damage":0.0,"enemies":"2 Fungi Beasts","floor":6.0,"turns":1.0},{"damage":22.0,"enemies":"2 Fungi Beasts","floor":9.0,"turns":6.0},{"damage":10.0,"enemies":"downfall:FleeingMerchant","floor":11.0,"turns":4.0},{"damage":10.0,"enemies":"Exordium Wildlife","floor":13.0,"turns":3.0},{"damage":18.0,"enemies":"Replay:BlueRogue","floor":14.0,"turns":2.0},{"damage":4.0,"enemies":"Blue Slaver","floor":15.0,"turns":2.0},{"damage":18.0,"enemies":"IC_STATUS_ARCHETYPE","floor":16.0,"turns":7.0},{"damage":25.0,"enemies":"conspire:FuzzyDice","floor":19.0,"turns":4.0},{"damage":39.0,"enemies":"downfall:FaceTrader","floor":20.0,"turns":8.0},{"damage":20.0,"enemies":"downfall:FleeingMerchant","floor":21.0,"turns":4.0},{"damage":0.0,"enemies":"Chosen","floor":22.0,"turns":3.0},{"damage":9.0,"enemies":"SI_SHIV_ARCHETYPE","floor":25.0,"turns":7.0},{"damage":54.0,"enemies":"Nightmare","floor":27.0,"turns":7.0},{"damage":40.0,"enemies":"conspire:HollyBat","floor":28.0,"turns":9.0},{"damage":23.0,"enemies":"Snake Plant","floor":29.0,"turns":4.0},{"damage":19.0,"enemies":"downfall:FleeingMerchant","floor":31.0,"turns":4.0},{"damage":5.0,"enemies":"3 Cultists","floor":32.0,"turns":5.0},{"damage":67,"enemies":"DF_ARCHETYPE_CLAW","floor":33,"turns":5}],"seed_played":"6166561876441334861","potions_obtained":[{"floor":2.0,"key":"Energy Potion"},{"floor":3.0,"key":"Fire Potion"},{"floor":16.0,"key":"SpeedPotion"},{"floor":20.0,"key":"GamblersBrew"},{"floor":25.0,"key":"EntropicBrew"},{"floor":28.0,"key":"Dexterity Potion"},{"floor":29.0,"key":"PowerPotion"},{"floor":32.0,"key":"Energy Potion"}],"is_trial":false,"path_per_floor":["R","M","M","M","M","M","T","?","?","R","$","R","M","E","M","B",null,"R","M","?","$","M","?","T","?","R","NM","M","M","R","$","M","B"],"character_chosen":"THE_AUTOMATON","items_purchased":["bronze:Terminator","bronze:Separator","expansioncontent:LastStand","Replay:Rubber Ducky","bronze:CutThrough","bronze:Boost","LifebloodPotion"],"campfire_rested":3,"item_purchase_floors":[11,11,11,31,31,31,31],"current_hp_per_floor":[70,69,67,66,66,66,66,66,44,44,34,55,45,27,23,12,70,80,55,23,4,12,12,12,35,64,18,50,38,68,60,63,0,0,0],"gold":265,"neow_bonus":"THREE_CARDS","is_daily":false,"chose_seed":false,"campfire_upgraded":1,"win_rate":0.0,"timestamp":1613138472,"path_taken":["R","M","M","M","M","M","T","?","?","R","$","R","M","E","M","BOSS","R","M","?","$","?","?","T","?","R","NM","M","M","R","?","M","BOSS"],"items_purchased_type":["Card","Card","Card","Relic","Card","Card","Potion"],"build_version":"2020-12-22","purchased_purges":0,"victory":false,"max_hp_per_floor":[70,70,70,70,70,70,70,70,70,70,70,70,70,70,70,70,70,80,80,80,81,82,82,82,97,97,98,99,100,100,101,102,102,102,102],"card_choices":[{"not_picked":["bronze:Invalidate","bronze:Separator"],"picked":"bronze:OilSpill","floor":0.0},{"not_picked":["bronze:DelayedGuard","bronze:CutThrough"],"picked":"bronze:Constructor","floor":2.0},{"not_picked":["bronze:Backtrace","bronze:Iterate"],"picked":"bronze:CloningBeam","floor":3.0},{"not_picked":["bronze:Overheat","bronze:BugBarrage"],"picked":"bronze:RecursiveStrike","floor":4.0},{"not_picked":["bronze:Fortify","bronze:MaxOutput"],"picked":"bronze:WildBeam","floor":5.0},{"not_picked":["bronze:WhirlingStrike","bronze:Deprecate"],"picked":"bronze:OilSpill","floor":6.0},{"not_picked":[],"picked":"bronze:Spike","floor":9.0},{"not_picked":[],"picked":"bronze:DazingPulse","floor":9.0},{"not_picked":[],"picked":"bronze:Explode","floor":9.0},{"not_picked":["bronze:Optimize","bronze:Iterate"],"picked":"bronze:BitShift","floor":9.0},{"not_picked":["bronze:DelayedSlice","bronze:ForLoop"],"picked":"bronze:Repair","floor":11.0},{"not_picked":["bronze:WhirlingStrike","bronze:Flail"],"picked":"bronze:Break","floor":13.0},{"not_picked":["bronze:OilSpill","bronze:Invalidate"],"picked":"bronze:DarkDash","floor":14.0},{"not_picked":["bronze:Deprecate","bronze:Terminator"],"picked":"bronze:Shell","floor":15.0},{"not_picked":["bronze:RecursiveStrike","bronze:SpaghettiCode"],"picked":"bronze:BurnOut","floor":16.0},{"not_picked":["bronze:GetLatest+1","bronze:Deprecate+1"],"picked":"bronze:Shield","floor":19.0},{"not_picked":["bronze:Terminator","bronze:BitShift+1"],"picked":"bronze:WhirlingStrike","floor":20.0},{"not_picked":["bronze:Constructor+1","bronze:ForLoop"],"picked":"bronze:WhirlingStrike","floor":21.0},{"not_picked":["bronze:RecursiveStrike","bronze:Separator"],"picked":"bronze:Boost","floor":22.0},{"not_picked":["bronze:Shield","bronze:Invalidate+1"],"picked":"bronze:Format","floor":25.0},{"not_picked":["infinitespire:SealOfDarkness+","ReplayTheSpireMod:Echoes of Time"],"picked":"infinitespire:TheBestDefense","floor":27.0},{"not_picked":["bronze:WildBeam","bronze:BitShift"],"picked":"bronze:Philosophize","floor":27.0},{"not_picked":["bronze:Shield","bronze:Separator+1"],"picked":"bronze:ItsAFeature","floor":28.0},{"not_picked":["bronze:Branch","bronze:WhirlingStrike"],"picked":"bronze:Overheat","floor":29.0},{"not_picked":["bronze:Safeguard","bronze:Branch"],"picked":"bronze:Allocate+1","floor":31.0},{"not_picked":["bronze:Overheat","bronze:WildBeam"],"picked":"bronze:DelayedSlice","floor":32.0}],"player_experience":245590,"relics_obtained":[{"floor":1.0,"key":"aspiration:SeaSaltIceCream"},{"floor":14.0,"key":"aspiration:FetidBarrel"},{"floor":20.0,"key":"downfall:CloakOfManyFaces"},{"floor":24.0,"key":"infinitespire:CheckeredPen"},{"floor":25.0,"key":"Mango"},{"floor":25.0,"key":"infinitespire:FocusingShard"},{"floor":27.0,"key":"Lizard Tail"}],"event_choices":[{"damage_healed":0.0,"max_hp_gain":0.0,"max_hp_loss":0.0,"gold_gain":0.0,"event_name":"Drug Dealer","player_choice":"Inject Mutagens","floor":23.0,"gold_loss":0.0,"damage_taken":0.0,"relics_obtained":["MutagenicStrength"]}],"is_beta":false,"boss_relics":[{"not_picked":["Replay:Bronze Core","Replay:Drink Me"],"picked":"Philosopher\u0027s Stone"}],"items_purged_floors":[],"is_endless":true,"potions_floor_spawned":[2,3,16,20,25,28,29,32],"killed_by":"DF_ARCHETYPE_CLAW","ascension_level":0}}