{"host":"w7o06k3e8uel8euj","time":1613142906,"event":{"mods":["AchievementEnabler","BaseMod","Colored Powertips","Custom Start","DeckTracker","Keyboard Shortcuts","Minty Spire (QoL Compilation)","Quick Restart","Relic Stats","StSLib","SuperFastMode","everything is the same but u backflip on backflip"],"gold_per_floor":[110,121,137,62,62,62,87,100,124,159,159,176,176,204,204,283,283,294,55,55,55,105,130,130,155,155,187,187,214,224,124,124,200,200,211,236,250,267,142,168,168,185,185,205,205,205,258,284,284,284,284,284,284,34,63,63],"floor_reached":57,"language":"KOR","playtime":2047,"items_purged":["Worship","Prostrate","CrushJoints+1"],"score":3608,"play_id":"66f32e37-648a-499c-b320-801103e00f77","local_time":"20210213001506","daily_mods":["Draft"],"is_ascension_mode":true,"campfire_choices":[{"data":"WindmillStrike","floor":6.0,"key":"SMITH"},{"data":"Vault","floor":11.0,"key":"SMITH"},{"data":"TalkToTheHand","floor":15.0,"key":"SMITH"},{"data":"Pray","floor":28.0,"key":"SMITH"},{"data":"Perseverance","floor":32.0,"key":"SMITH"},{"data":"Vault","floor":41.0,"key":"SMITH"},{"data":"Sanctity","floor":45,"key":"SMITH"},{"floor":49,"key":"RECALL"},{"floor":53,"key":"REST"}],"circlet_count":0,"master_deck":["AscendersBane","Pray+1","WheelKick","TalkToTheHand+1","Sanctity+1","Perseverance+1","Vault+1","DeusExMachina","Brilliance","CurseOfTheBell","Pray+1","Prostrate+1","Vault+1","Deep Breath"],"relics":["PureWater","Nunchaku","Toy Ornithopter","War Paint","GoldenEye","Calling Bell","Juzu Bracelet","Question Card","FossilizedHelix","Whetstone","MutagenicStrength","Bag of Preparation","Art of War","Shuriken","Bronze Scales","Cursed Key","Torii","White Beast Statue","Bird Faced Urn","Ancient Tea Set","Medical Kit","TeardropLocket","Sundial","TheAbacus"],"acts_visited":["Exordium","TheCity","TheBeyond","TheEnding"],"potions_floor_usage":[55,56,56],"damage_taken":[{"damage":0.0,"enemies":"Cultist","floor":1.0,"turns":3.0},{"damage":0.0,"enemies":"2 Louse","floor":2.0,"turns":3.0},{"damage":7.0,"enemies":"Small Slimes","floor":3.0,"turns":3.0},{"damage":5.0,"enemies":"Gremlin Nob","floor":7.0,"turns":3.0},{"damage":3.0,"enemies":"Looter","floor":8.0,"turns":2.0},{"damage":0.0,"enemies":"Lagavulin","floor":10.0,"turns":4.0},{"damage":6.0,"enemies":"3 Louse","floor":12.0,"turns":3.0},{"damage":5.0,"enemies":"Gremlin Nob","floor":14.0,"turns":3.0},{"damage":0.0,"enemies":"Hexaghost","floor":16.0,"turns":4.0},{"damage":0.0,"enemies":"Shell Parasite","floor":18.0,"turns":3.0},{"damage":0.0,"enemies":"Book of Stabbing","floor":23.0,"turns":3.0},{"damage":14.0,"enemies":"Slavers","floor":25.0,"turns":2.0},{"damage":0.0,"enemies":"Book of Stabbing","floor":27.0,"turns":2.0},{"damage":0.0,"enemies":"Gremlin Leader","floor":29.0,"turns":3.0},{"damage":0.0,"enemies":"Spheric Guardian","floor":30.0,"turns":2.0},{"damage":0.0,"enemies":"Automaton","floor":33.0,"turns":3.0},{"damage":0.0,"enemies":"Orb Walker","floor":35.0,"turns":3.0},{"damage":0.0,"enemies":"Mind Bloom Boss Battle","floor":36.0,"turns":3.0},{"damage":0.0,"enemies":"3 Shapes","floor":37.0,"turns":4.0},{"damage":0.0,"enemies":"Transient","floor":38.0,"turns":4.0},{"damage":0.0,"enemies":"Giant Head","floor":40.0,"turns":3.0},{"damage":0.0,"enemies":"Maw","floor":42.0,"turns":3.0},{"damage":0,"enemies":"Sphere and 2 Shapes","floor":44,"turns":3},{"damage":0,"enemies":"2 Orb Walkers","floor":47,"turns":3},{"damage":0,"enemies":"Reptomancer","floor":48,"turns":2},{"damage":49,"enemies":"Time Eater","floor":50,"turns":7},{"damage":0,"enemies":"Awakened One","floor":51,"turns":5},{"damage":0,"enemies":"Shield and Spear","floor":55,"turns":4},{"damage":14,"enemies":"The Heart","floor":56,"turns":6}],"seed_played":"-5115901305683750141","potions_obtained":[{"floor":2.0,"key":"BottledMiracle"},{"floor":7.0,"key":"DistilledChaos"},{"floor":38.0,"key":"Swift Potion"},{"floor":44,"key":"Swift Potion"},{"floor":55,"key":"Dexterity Potion"}],"is_trial":true,"path_per_floor":["M","M","M","?","$","R","E","M","T","E","R","M","?","E","R","B",null,"M","$","?","?","?","E","?","E","T","E","R","E","M","$","R","B",null,"M","?","M","M","$","E","R","M","T","M","R","?","?","E","R","B","B",null,"R","$","E","B",null],"character_chosen":"WATCHER","items_purchased":["Whetstone","Deep Breath","Medical Kit"],"campfire_rested":1,"item_purchase_floors":[19,54,54],"current_hp_per_floor":[61,61,54,54,54,54,49,46,46,46,46,40,40,35,35,35,60,60,60,60,60,60,60,60,46,46,46,46,46,46,46,46,46,63,63,63,63,63,63,63,63,63,63,63,63,63,63,63,63,14,14,55,68,68,68,58],"gold":63,"neow_bonus":"","is_daily":false,"chose_seed":false,"campfire_upgraded":7,"win_rate":0.0,"timestamp":1613142906,"path_taken":["M","M","M","?","$","R","E","M","T","E","R","M","?","E","R","BOSS","M","$","?","?","?","E","?","E","T","E","R","E","M","$","R","BOSS","M","?","M","M","$","E","R","M","T","M","R","?","?","E","R","BOSS","BOSS","R","$","E","BOSS"],"items_purchased_type":["Relic","Card","Relic"],"build_version":"2020-12-22","purchased_purges":3,"victory":true,"max_hp_per_floor":[68,68,68,68,68,68,68,68,68,68,68,68,68,68,68,68,68,68,68,68,68,68,68,68,68,68,68,68,68,68,68,68,68,68,68,68,68,68,68,68,68,68,68,68,68,68,68,68,68,68,68,68,68,68,68,68],"relic_stats":{"Torii":18,"counters":[29,96],"Juzu Bracelet":1,"Bag of Preparation":[40],"Whetstone":["CrushJoints","EmptyFist"],"War Paint":["Prostrate","Pray"],"GoldenEye":[0],"Question Card":17,"Cursed Key":0,"Medical Kit":[4],"Nunchaku":[14],"TheAbacus":[330],"Shuriken":[14],"Sundial":[36],"Bronze Scales":[99],"Bird Faced Urn":[0],"Art of War":[8],"obtain_stats":[{"Torii":36,"Juzu Bracelet":17,"Bag of Preparation":23,"Whetstone":19,"TeardropLocket":55,"War Paint":10,"GoldenEye":14,"Question Card":17,"Cursed Key":34,"Ancient Tea Set":48,"Medical Kit":54,"White Beast Statue":40,"Calling Bell":17,"Nunchaku":7,"TheAbacus":55,"Shuriken":27,"Sundial":55,"MutagenicStrength":20,"Bronze Scales":29,"Bird Faced Urn":47,"Art of War":25,"PureWater":0,"Toy Ornithopter":9,"FossilizedHelix":17},{"Torii":18,"Juzu Bracelet":9,"Bag of Preparation":11,"Whetstone":10,"TeardropLocket":28,"War Paint":6,"GoldenEye":8,"Question Card":9,"Cursed Key":16,"Ancient Tea Set":25,"Medical Kit":27,"White Beast Statue":21,"Calling Bell":9,"Nunchaku":4,"TheAbacus":28,"Shuriken":13,"Sundial":28,"MutagenicStrength":10,"Bronze Scales":14,"Bird Faced Urn":24,"Art of War":12,"PureWater":0,"Toy Ornithopter":5,"FossilizedHelix":9},{"Torii":52,"Juzu Bracelet":28,"Bag of Preparation":34,"Whetstone":31,"TeardropLocket":90,"War Paint":18,"GoldenEye":24,"Question Card":28,"Cursed Key":46,"Ancient Tea Set":74,"Medical Kit":86,"White Beast Statue":63,"Calling Bell":28,"Nunchaku":12,"TheAbacus":90,"Shuriken":38,"Sundial":90,"MutagenicStrength":31,"Bronze Scales":41,"Bird Faced Urn":72,"Art of War":36,"PureWater":0,"Toy Ornithopter":14,"FossilizedHelix":28}],"Toy Ornithopter":4},"card_choices":[{"not_picked":["FollowUp","Crescendo"],"picked":"Prostrate","floor":0.0},{"not_picked":["FlurryOfBlows","FearNoEvil"],"picked":"Pray","floor":0.0},{"not_picked":["ClearTheMind","Halt"],"picked":"WindmillStrike","floor":0.0},{"not_picked":["WindmillStrike","Protect"],"picked":"WheelKick","floor":0.0},{"not_picked":["FlurryOfBlows","Collect"],"picked":"ClearTheMind","floor":0.0},{"not_picked":["WheelKick","FlyingSleeves"],"picked":"Swivel","floor":0.0},{"not_picked":["JustLucky","ThirdEye"],"picked":"CrushJoints","floor":0.0},{"not_picked":["BowlingBash","Study"],"picked":"Consecrate","floor":0.0},{"not_picked":["EmptyFist","Sanctity"],"picked":"FearNoEvil","floor":0.0},{"not_picked":["EmptyMind","FlyingSleeves"],"picked":"Prostrate","floor":0.0},{"not_picked":["Crescendo","Meditate"],"picked":"EmptyMind","floor":0.0},{"not_picked":["Crescendo","Evaluate"],"picked":"TalkToTheHand","floor":0.0},{"not_picked":["CrushJoints","Crescendo"],"picked":"Sanctity","floor":0.0},{"not_picked":["CrushJoints","JustLucky"],"picked":"EmptyFist","floor":0.0},{"not_picked":["PathToVictory","FollowUp"],"picked":"Protect","floor":0.0},{"not_picked":["PathToVictory","Vengeance"],"picked":"Perseverance","floor":1.0},{"not_picked":["CrushJoints","WreathOfFlame","Consecrate"],"picked":"SKIP","floor":2.0},{"not_picked":["FearNoEvil","ThirdEye"],"picked":"MentalFortress","floor":3.0},{"not_picked":["JustLucky","FlurryOfBlows","LikeWater"],"picked":"SKIP","floor":7.0},{"not_picked":["SignatureMove","ClearTheMind"],"picked":"Crescendo","floor":8.0},{"not_picked":["FollowUp","CrushJoints"],"picked":"Vault","floor":10.0},{"not_picked":["Study","Consecrate"],"picked":"Worship","floor":12.0},{"not_picked":["SandsOfTime","JustLucky"],"picked":"DeusExMachina","floor":14.0},{"not_picked":["DeusExMachina","Blasphemy"],"picked":"Brilliance","floor":16.0},{"not_picked":["PathToVictory","JustLucky","Protect","Collect"],"picked":"SKIP","floor":18.0},{"not_picked":["WreathOfFlame","LikeWater","EmptyFist","PathToVictory"],"picked":"SKIP","floor":23.0},{"not_picked":["JustLucky","EmptyBody","Perseverance","Judgement"],"picked":"SKIP","floor":25.0},{"not_picked":["Worship","CrushJoints+1","Sanctity"],"picked":"Pray","floor":27.0},{"not_picked":["Crescendo","JustLucky","Tantrum","ThirdEye"],"picked":"SKIP","floor":29.0},{"not_picked":["Consecrate+1","BowlingBash","Wireheading"],"picked":"Prostrate+1","floor":30.0},{"not_picked":["Ragnarok","LessonLearned","ConjureBlade"],"picked":"Vault","floor":33.0},{"not_picked":["Swivel","Evaluate","CutThroughFate+1","Weave"],"picked":"SKIP","floor":35.0},{"not_picked":["ClearTheMind","FlurryOfBlows","JustLucky","MentalFortress"],"picked":"SKIP","floor":37.0},{"not_picked":["Collect","SashWhip","Protect","BowlingBash"],"picked":"SKIP","floor":38.0},{"not_picked":["WaveOfTheHand","Indignation","Sanctity","Swivel"],"picked":"SKIP","floor":40.0},{"not_picked":["EmptyMind+1","CarveReality","WindmillStrike","BowlingBash"],"picked":"SKIP","floor":42.0},{"not_picked":["Swivel","ClearTheMind","BowlingBash","Meditate"],"picked":"SKIP","floor":44},{"not_picked":["Consecrate","DeusExMachina","SashWhip","Fasting2"],"picked":"SKIP","floor":48},{"not_picked":["Ragnarok","CrushJoints","WheelKick","Crescendo"],"picked":"SKIP","floor":55}],"player_experience":531874,"relics_obtained":[{"floor":7.0,"key":"Nunchaku"},{"floor":9.0,"key":"Toy Ornithopter"},{"floor":10.0,"key":"War Paint"},{"floor":14.0,"key":"GoldenEye"},{"floor":17.0,"key":"Juzu Bracelet"},{"floor":17.0,"key":"Question Card"},{"floor":17.0,"key":"FossilizedHelix"},{"floor":23.0,"key":"Bag of Preparation"},{"floor":25.0,"key":"Art of War"},{"floor":27.0,"key":"Shuriken"},{"floor":29.0,"key":"Bronze Scales"},{"floor":36.0,"key":"Torii"},{"floor":40.0,"key":"White Beast Statue"},{"floor":47,"key":"Bird Faced Urn"},{"floor":48,"key":"Ancient Tea Set"},{"floor":55,"key":"TeardropLocket"}],"event_choices":[{"cards_removed":["Consecrate"],"damage_healed":0.0,"max_hp_gain":0.0,"max_hp_loss":0.0,"gold_gain":0.0,"event_name":"The Cleric","player_choice":"Card Removal","floor":4.0,"gold_loss":75.0,"damage_taken":0.0},{"cards_removed":["Crescendo"],"damage_healed":0.0,"max_hp_gain":0.0,"max_hp_loss":0.0,"gold_gain":0.0,"event_name":"Purifier","player_choice":"Purged","floor":13.0,"gold_loss":0.0,"damage_taken":0.0},{"damage_healed":0.0,"max_hp_gain":0.0,"max_hp_loss":0.0,"gold_gain":0.0,"event_name":"Drug Dealer","player_choice":"Inject Mutagens","floor":20.0,"gold_loss":0.0,"damage_taken":0.0,"relics_obtained":["MutagenicStrength"]},{"damage_healed":0.0,"max_hp_gain":0.0,"max_hp_loss":0.0,"gold_gain":0.0,"event_name":"Vampires","player_choice":"Ignored","floor":21.0,"gold_loss":0.0,"damage_taken":0.0},{"damage_healed":0.0,"max_hp_gain":0.0,"max_hp_loss":0.0,"gold_gain":50.0,"event_name":"Nest","player_choice":"Stole From Cult","floor":22.0,"gold_loss":0.0,"damage_taken":0.0},{"damage_healed":0.0,"max_hp_gain":0.0,"max_hp_loss":0.0,"gold_gain":0.0,"event_name":"The Library","player_choice":"Read","floor":24.0,"gold_loss":0.0,"damage_taken":0.0,"cards_obtained":["Prostrate"]},{"damage_healed":0.0,"max_hp_gain":0.0,"max_hp_loss":0.0,"gold_gain":0.0,"event_name":"MindBloom","player_choice":"Fight","floor":36.0,"gold_loss":0.0,"damage_taken":0.0},{"cards_removed":["Prostrate"],"damage_healed":0,"gold_gain":0,"player_choice":"Removed Skill","damage_taken":0,"max_hp_gain":0,"max_hp_loss":0,"event_name":"Falling","floor":46,"gold_loss":0},{"damage_healed":0,"gold_gain":0,"player_choice":"Fight","damage_taken":0,"max_hp_gain":0,"max_hp_loss":0,"event_name":"Mysterious Sphere","floor":47,"gold_loss":0}],"is_beta":false,"boss_relics":[{"not_picked":["Snecko Eye","Black Star"],"picked":"Calling Bell"},{"not_picked":["Tiny House","Empty Cage"],"picked":"Cursed Key"}],"items_purged_floors":[19,31,39],"is_endless":false,"potions_floor_spawned":[2,7,10,12,14,25,27,29,30,37,38,40,42,44,47,48,55],"ascension_level":20}}