{"host":"epmvf5u7so8a7bmi","time":1613140995,"event":{"mods":["BaseMod","Colored Map","Colored Powertips","Downfall","Minty Spire (QoL Compilation)","StSLib"],"gold_per_floor":[99,119,131,131,43,59,59,59,69,101,118,51,51,66,83,182,182,82,93,93,103,13,48,71,71,71,71,71,88,88,119,137,236,236,236,253,253,0,0,260,260,287,298,298,311,311,346,246,259,259],"floor_reached":51,"language":"ENG","playtime":2593,"items_purged":["Doubt","Slimebound:Tackle"],"score":815,"play_id":"81a530f9-13af-4a72-8137-40d30a7a8f46","local_time":"20210212144315","is_ascension_mode":false,"campfire_choices":[{"data":"Slimebound:Split","floor":1,"key":"SMITH"},{"data":"Slimebound:Grow","floor":8,"key":"SMITH"},{"data":"Slimebound:Schlurp","floor":13,"key":"SMITH"},{"data":"Slimebound:GrowthPunch","floor":18,"key":"SMITH"},{"data":"Slimebound:GoopSpray","floor":28,"key":"SMITH"},{"data":"Slimebound:Teamwork","floor":30,"key":"SMITH"},{"data":"Slimebound:AcidTongue","floor":35,"key":"SMITH"},{"data":"Slimebound:SamplingLick","floor":44,"key":"SMITH"},{"data":"expansioncontent:InvincibleStrength","floor":48,"key":"SMITH"}],"circlet_count":0,"master_deck":["Slimebound:Defend_Slimebound","Slimebound:Defend_Slimebound","Slimebound:Defend_Slimebound","Slimebound:Split+1","Slimebound:CorrosiveSpit","Slimebound:Schlurp+1","Slimebound:TongueLash+1","Slimebound:ItLooksTasty+1","Slimebound:Grow+1","Slimebound:Dissolve","Slimebound:AcidTongue+1","Slimebound:GrowthPunch+1","Slimebound:GoopSpray+1","Slimebound:RejuvenatingLick+1","Slimebound:SamplingLick+1","Slimebound:OozeBath","Slimebound:LeechingTouch+1","Slimebound:LeadByExample+1","Slimebound:Teamwork+1","downfall:Bewildered","Slimebound:Tackle+1","Slimebound:Tackle+1","Slimebound:Tackle+1","Slimebound:SlimeSpikes+1","Slimebound:LivingWall+1","Slimebound:SamplingLick+1","Slimebound:RejuvenatingLick+1","Slimebound:Nibble+1","Slimebound:GoopSpray+1","Slimebound:Schlurp+1","expansioncontent:InvincibleStrength+1","expansioncontent:AwakenDeath","Slimebound:TongueLash+1"],"relics":["Slimebound:AbsorbEndCombatUpgraded","Singing Bowl","bronze:MakeshiftBattery","downfall:HeartBlessingBlue","Matryoshka","Toxic Egg 2","Guardian:PocketSentry","sneckomod:BabySnecko","Anchor","Mummified Hand","Omamori","Pear","Whetstone","Bag of Preparation","downfall:HeartBlessingGreen"],"acts_visited":["Exordium","TheCity","TheBeyond"],"potions_floor_usage":[14,21,31,33,50,50],"damage_taken":[{"damage":0,"enemies":"2 Louse","floor":2,"turns":3},{"damage":0,"enemies":"Cultist","floor":3,"turns":3},{"damage":5,"enemies":"downfall:FleeingMerchant","floor":5,"turns":4},{"damage":3,"enemies":"Small Slimes","floor":6,"turns":3},{"damage":11,"enemies":"Exordium Thugs","floor":9,"turns":6},{"damage":11,"enemies":"3 Sentries","floor":10,"turns":6},{"damage":8,"enemies":"2 Fungi Beasts","floor":11,"turns":5},{"damage":9,"enemies":"downfall:FleeingMerchant","floor":12,"turns":4},{"damage":0,"enemies":"3 Louse","floor":14,"turns":2},{"damage":6,"enemies":"Red Slaver","floor":15,"turns":3},{"damage":10,"enemies":"WA_ARCHETYPE_RETAIN","floor":16,"turns":6},{"damage":23,"enemies":"3 Byrds","floor":19,"turns":7},{"damage":18,"enemies":"Snake Plant","floor":21,"turns":4},{"damage":13,"enemies":"downfall:FleeingMerchant","floor":22,"turns":4},{"damage":22,"enemies":"Gremlin Leader","floor":23,"turns":7},{"damage":12,"enemies":"Shelled Parasite and Fungi","floor":29,"turns":5},{"damage":8,"enemies":"Book of Stabbing","floor":31,"turns":5},{"damage":3,"enemies":"Cultist and Chosen","floor":32,"turns":5},{"damage":0,"enemies":"SI_MIRROR_ARCHETYPE","floor":33,"turns":8},{"damage":4,"enemies":"Orb Walker","floor":36,"turns":4},{"damage":25,"enemies":"Orb Walker","floor":37,"turns":6},{"damage":7,"enemies":"downfall:FleeingMerchant","floor":38,"turns":4},{"damage":0,"enemies":"downfall:FleeingMerchant","floor":40,"turns":3},{"damage":3,"enemies":"3 Shapes","floor":43,"turns":5},{"damage":5,"enemies":"Writhing Mass","floor":45,"turns":5},{"damage":60,"enemies":"Reptomancer","floor":47,"turns":6},{"damage":5,"enemies":"Transient","floor":49,"turns":5},{"damage":8,"enemies":"IC_BLOCK_ARCHETYPE","floor":50,"turns":7}],"seed_played":"3165722198784606074","potions_obtained":[{"floor":3,"key":"GamblersBrew"},{"floor":9,"key":"Ancient Potion"},{"floor":11,"key":"Explosive Potion"},{"floor":14,"key":"Slimebound:SlimyTonguePotion"},{"floor":21,"key":"Swift Potion"},{"floor":29,"key":"LiquidMemories"},{"floor":31,"key":"Fruit Juice"},{"floor":33,"key":"Regen Potion"},{"floor":47,"key":"Energy Potion"}],"is_trial":false,"path_per_floor":["R","M","M","?","$","M","T","R","M","E","M","$","R","M","M","B",null,"R","M","?","M","$","E","T","?","?","?","R","M","R","E","M","B",null,"R","M","?","$","?","$","T","?","M","R","M","?","E","R","M","B",null],"character_chosen":"SLIMEBOUND","items_purchased":["Slimebound:Grow","Slimebound:GoopSpray","Mummified Hand"],"campfire_rested":0,"item_purchase_floors":[5,12,38],"current_hp_per_floor":[71,71,71,71,70,71,71,71,65,62,60,59,59,65,63,61,73,83,70,70,58,53,39,39,39,39,85,85,83,83,83,86,94,94,94,95,80,82,82,88,98,98,106,106,106,98,55,55,65,72],"gold":259,"neow_bonus":"TEN_PERCENT_HP_BONUS","is_daily":false,"chose_seed":false,"campfire_upgraded":9,"win_rate":0.0,"timestamp":1613140995,"path_taken":["R","M","M","?","$","M","T","R","M","E","?","?","R","M","M","BOSS","R","M","?","M","?","E","T","?","?","?","R","M","R","E","M","BOSS","R","M","?","$","?","$","T","?","?","R","?","?","E","R","M","BOSS"],"items_purchased_type":["Card","Card","Relic"],"build_version":"2020-12-22","purchased_purges":2,"victory":true,"max_hp_per_floor":[71,71,71,71,71,71,71,71,71,71,73,73,73,73,73,73,73,83,85,85,85,85,85,85,85,85,85,85,87,87,87,87,94,94,94,96,96,96,96,96,106,106,106,106,106,108,110,110,110,110],"card_choices":[{"not_picked":["Slimebound:SplitAcid","Slimebound:SplitBruiser"],"picked":"Slimebound:Schlurp","floor":2},{"not_picked":["Slimebound:Prepare","Slimebound:SplitMire"],"picked":"Slimebound:TongueLash","floor":3},{"not_picked":["Slimebound:Teamwork","Slimebound:SamplingLick"],"picked":"Slimebound:ItLooksTasty","floor":5},{"not_picked":["Slimebound:SlimeSpikes","Slimebound:RainOfGoop"],"picked":"Slimebound:Dissolve","floor":6},{"not_picked":["Slimebound:Dissolve","Slimebound:LivingWall","Slimebound:PressTheAttack"],"picked":"SKIP","floor":9},{"not_picked":["Slimebound:SlimeSpikes","Slimebound:Prepare"],"picked":"Slimebound:AcidTongue","floor":10},{"not_picked":["Slimebound:PressTheAttack","Slimebound:LeechEnergy","Slimebound:MassRepurpose"],"picked":"Singing Bowl","floor":11},{"not_picked":["Slimebound:LivingWall","Slimebound:SlimeSpikes"],"picked":"Slimebound:GrowthPunch","floor":12},{"not_picked":["Slimebound:PressTheAttack","Slimebound:Nibble"],"picked":"Slimebound:RejuvenatingLick","floor":14},{"not_picked":["Slimebound:MassRepurpose","Slimebound:FinishingTackle"],"picked":"Slimebound:SamplingLick","floor":15},{"not_picked":["Slimebound:RallyTheTroops","Slimebound:OneTwoCombo"],"picked":"Slimebound:OozeBath","floor":16},{"not_picked":["Slimebound:SplitAcid+1","Slimebound:GoopTackle+1","Slimebound:Replication+1"],"picked":"Singing Bowl","floor":19},{"not_picked":["Slimebound:FormOfPuddle","Slimebound:Replication+1"],"picked":"Slimebound:LeechingTouch+1","floor":21},{"not_picked":["Slimebound:SplitLeeching","Slimebound:SamplingLick"],"picked":"Slimebound:LeadByExample+1","floor":22},{"not_picked":["Slimebound:Schlurp","Slimebound:ItLooksTasty+1"],"picked":"Slimebound:Teamwork","floor":23},{"not_picked":["Slimebound:GrowthPunch","Slimebound:RollThrough","Slimebound:PressTheAttack"],"picked":"Singing Bowl","floor":29},{"not_picked":["Slimebound:MassFeed","Slimebound:SplitAcid+1"],"picked":"Slimebound:SlimeSpikes+1","floor":31},{"not_picked":["Slimebound:RainOfGoop+1","Slimebound:ComboTackle"],"picked":"Slimebound:LivingWall+1","floor":32},{"not_picked":["Slimebound:PrepareCrush+1","Slimebound:DouseInSlime+1","Slimebound:OozeBath+1"],"picked":"Singing Bowl","floor":33},{"not_picked":["Slimebound:SplitBruiser+1","Slimebound:SlimeSpikes+1","Slimebound:ComboTackle"],"picked":"Singing Bowl","floor":36},{"not_picked":["Slimebound:Nibble","Slimebound:SplitAcid+1"],"picked":"Slimebound:SamplingLick+1","floor":37},{"not_picked":["Slimebound:SlimeTap+1","Slimebound:Chomp+1"],"picked":"Slimebound:RejuvenatingLick+1","floor":38},{"not_picked":["Slimebound:PressTheAttack+1","Slimebound:SplitBruiser+1"],"picked":"Slimebound:Nibble","floor":40},{"not_picked":["Slimebound:LeechEnergy+1","Slimebound:DisruptingSlam+1"],"picked":"Slimebound:GoopSpray+1","floor":43},{"not_picked":["Slimebound:RollThrough+1","Slimebound:SplitMire+1"],"picked":"Slimebound:Schlurp+1","floor":45},{"not_picked":["expansioncontent:AwakenDeath","expansioncontent:LastStand"],"picked":"expansioncontent:InvincibleStrength","floor":46},{"not_picked":["expansioncontent:Hexaburn","expansioncontent:HyperBeam"],"picked":"expansioncontent:AwakenDeath","floor":46},{"not_picked":["expansioncontent:PolyBeam","expansioncontent:HyperBeam","expansioncontent:LastStand"],"picked":"Singing Bowl","floor":46},{"not_picked":["Slimebound:SlimeSlap","Slimebound:LeechEnergy","Slimebound:SplitLeeching+1"],"picked":"Singing Bowl","floor":47},{"not_picked":["Slimebound:LivingWall+1","Slimebound:SplitMire+1"],"picked":"Slimebound:TongueLash+1","floor":49}],"player_experience":186342,"relics_obtained":[{"floor":10,"key":"Singing Bowl"},{"floor":23,"key":"Matryoshka"},{"floor":24,"key":"Toxic Egg 2"},{"floor":24,"key":"Guardian:PocketSentry"},{"floor":31,"key":"Anchor"},{"floor":41,"key":"Omamori"},{"floor":41,"key":"Pear"},{"floor":42,"key":"Whetstone"},{"floor":47,"key":"Bag of Preparation"}],"event_choices":[{"damage_healed":0,"gold_gain":0,"player_choice":"Ignored","damage_taken":0,"max_hp_gain":0,"max_hp_loss":0,"event_name":"NoteForYourself","floor":4,"gold_loss":0},{"damage_healed":46,"gold_gain":0,"player_choice":"Full Heal","damage_taken":0,"max_hp_gain":0,"max_hp_loss":0,"event_name":"Wheel of Change","floor":27,"gold_loss":0},{"cards_removed":["Slimebound:Defend_Slimebound"],"damage_healed":0,"gold_gain":0,"player_choice":"Removed Skill","damage_taken":0,"max_hp_gain":0,"max_hp_loss":0,"event_name":"Falling","floor":39,"gold_loss":0}],"is_beta":false,"boss_relics":[{"not_picked":["Pandora\u0027s Box","Calling Bell"],"picked":"bronze:MakeshiftBattery"},{"not_picked":["Runic Pyramid","Slimebound:TarBlob"],"picked":"Slimebound:AbsorbEndCombatUpgraded"}],"items_purged_floors":[22,40],"is_endless":false,"potions_floor_spawned":[3,9,11,14,19,21,29,31,33,45,47,49],"ascension_level":0}}