{"host":"7gquyva492f4udta","time":1613152331,"event":{"mods":["BaseMod","Minty Spire (QoL Compilation)"],"gold_per_floor":[114,114,64,77,77,77,2,15,42,42,61,84,118,139,139,262,262,233,64,84,98,23,23,23],"floor_reached":23,"language":"ENG","playtime":1679,"items_purged":["Parasite","Normality"],"score":241,"play_id":"f1960842-5304-475e-9676-50b59ff8e0ac","local_time":"20210212115211","is_ascension_mode":true,"campfire_choices":[{"data":"Armaments","floor":6.0,"key":"SMITH"},{"data":"Bash","floor":10.0,"key":"SMITH"},{"data":"Disarm","floor":15,"key":"SMITH"}],"circlet_count":0,"master_deck":["Strike_R","Strike_R","Strike_R","Defend_R","Defend_R","Defend_R","Defend_R","Bash+1","Armaments+1","Wild Strike","Disarm+1","Wild Strike","Reaper","Whirlwind","Hemokinesis"],"relics":["Cursed Key","Golden Idol","Gambling Chip","Bag of Preparation","Regal Pillow","Runic Cube"],"acts_visited":["TheCity"],"potions_floor_usage":[14,16,18,23],"damage_taken":[{"damage":0.0,"enemies":"Small Slimes","floor":1.0,"turns":3.0},{"damage":0.0,"enemies":"2 Louse","floor":4.0,"turns":3.0},{"damage":2.0,"enemies":"Jaw Worm","floor":8.0,"turns":2.0},{"damage":0.0,"enemies":"Red Slaver","floor":11.0,"turns":3.0},{"damage":0,"enemies":"3 Louse","floor":12,"turns":3},{"damage":14,"enemies":"Lagavulin","floor":13,"turns":5},{"damage":7,"enemies":"Large Slime","floor":14,"turns":5},{"damage":1,"enemies":"Hexaghost","floor":16,"turns":7},{"damage":15,"enemies":"2 Thieves","floor":18,"turns":5},{"damage":21,"enemies":"Spheric Guardian","floor":20,"turns":4},{"damage":15,"enemies":"3 Cultists","floor":21,"turns":4},{"damage":52,"enemies":"Book of Stabbing","floor":23,"turns":6}],"seed_played":"651646906665538974","potions_obtained":[{"floor":4.0,"key":"GamblersBrew"},{"floor":13,"key":"CultistPotion"},{"floor":16,"key":"SkillPotion"},{"floor":21,"key":"BloodPotion"}],"is_trial":false,"path_per_floor":["M","?","?","M","T","R","$","M","T","R","M","M","E","M","R","B",null,"M","$","M","M","?","E"],"character_chosen":"IRONCLAD","items_purchased":["Hemokinesis"],"campfire_rested":0,"item_purchase_floors":[19],"current_hp_per_floor":[80,74,74,74,74,74,71,69,69,69,69,69,55,48,48,47,65,54,54,38,28,28,0,0],"gold":23,"neow_bonus":"BOSS_RELIC","is_daily":false,"chose_seed":false,"campfire_upgraded":3,"win_rate":0.0,"timestamp":1613152331,"path_taken":["M","?","?","M","?","R","$","?","T","R","M","M","E","M","R","BOSS","M","$","M","M","?","E"],"items_purchased_type":["Card"],"build_version":"2020-12-22","purchased_purges":2,"victory":false,"max_hp_per_floor":[80,74,74,74,74,74,71,71,71,71,71,71,71,71,71,71,71,71,71,71,71,71,71,71],"card_choices":[{"not_picked":["Pommel Strike","Reckless Charge"],"picked":"Armaments","floor":1.0},{"not_picked":["Clash","Rage"],"picked":"Wild Strike","floor":4.0},{"not_picked":["Dropkick","Intimidate"],"picked":"Disarm","floor":8.0},{"not_picked":["Headbutt","Perfected Strike","True Grit"],"picked":"SKIP","floor":11},{"not_picked":["Disarm","Clothesline","Rage"],"picked":"SKIP","floor":12},{"not_picked":["Anger","Corruption"],"picked":"Wild Strike","floor":13},{"not_picked":["Headbutt","Combust","Intimidate"],"picked":"SKIP","floor":14},{"not_picked":["Exhume","Brutality"],"picked":"Reaper","floor":16},{"not_picked":["Pommel Strike+1","Carnage"],"picked":"Whirlwind","floor":18},{"not_picked":["Thunderclap","Havoc","Armaments"],"picked":"SKIP","floor":20},{"not_picked":["Armaments","Metallicize","Havoc"],"picked":"SKIP","floor":21}],"player_experience":266993,"relics_obtained":[{"floor":5.0,"key":"Gambling Chip"},{"floor":9.0,"key":"Bag of Preparation"},{"floor":13,"key":"Regal Pillow"}],"event_choices":[{"damage_healed":0.0,"max_hp_gain":0.0,"max_hp_loss":6.0,"gold_gain":0.0,"event_name":"Golden Idol","player_choice":"Lose Max HP","floor":2.0,"gold_loss":0.0,"damage_taken":0.0,"relics_obtained":["Golden Idol"]},{"cards_removed":["Strike_R"],"damage_healed":0.0,"max_hp_gain":0.0,"max_hp_loss":0.0,"gold_gain":0.0,"event_name":"The Cleric","player_choice":"Card Removal","floor":3.0,"gold_loss":50.0,"damage_taken":0.0},{"cards_removed":["Strike_R"],"damage_healed":0,"gold_gain":0,"player_choice":"Gave Gold","damage_taken":0,"max_hp_gain":0,"max_hp_loss":0,"event_name":"Beggar","floor":22,"gold_loss":75}],"is_beta":false,"boss_relics":[{"not_picked":["Coffee Dripper","Velvet Choker"],"picked":"Runic Cube"}],"items_purged_floors":[7,19],"is_endless":false,"potions_floor_spawned":[4,13,16,21],"killed_by":"Book of Stabbing","ascension_level":5}}