{"host":"bakf0s4odzu8z5xt","time":1613156258,"event":{"mods":["2.2 Compatiblity","BaseMod","Downfall","Friendly Minions","Minty Spire (QoL Compilation)","StSLib"],"gold_per_floor":[99,118,128,145,3,20,47,39,75,89,89,89,82,94,112,112,112,112],"floor_reached":16,"language":"ENG","playtime":946,"items_purged":["hexamod:Strike"],"score":114,"play_id":"e800ece3-28f0-42b3-9974-7fe0859143ac","local_time":"20210212125738","is_ascension_mode":true,"campfire_choices":[{"data":"hexamod:Float","floor":1,"key":"SMITH"},{"data":"hexamod:GhostOfSpirePresent","floor":12,"key":"SMITH"}],"circlet_count":0,"master_deck":["hexamod:Strike","hexamod:Strike","hexamod:Strike","hexamod:Defend","hexamod:Defend","hexamod:Defend","hexamod:Defend","hexamod:Sear+1","hexamod:Float+1","hexamod:ApocalypseNow+1","hexamod:SwordOfDarkness","hexamod:VolcanoVisage","hexamod:SpectersWail","hexamod:FirstSeal","hexamod:SecondSeal","hexamod:ThirdSeal","hexamod:FourthSeal","hexamod:GhostOfSpirePresent+1","hexamod:ShieldOfDarkness","hexamod:FastForward","hexamod:PhantomCloak"],"relics":["hexamod:SpiritBrand","War Paint","Tiny Chest"],"acts_visited":["Exordium"],"potions_floor_usage":[9,9,16,16],"damage_taken":[{"damage":0,"enemies":"Jaw Worm","floor":2,"turns":3},{"damage":0,"enemies":"2 Louse","floor":3,"turns":2},{"damage":2,"enemies":"Small Slimes","floor":4,"turns":3},{"damage":0,"enemies":"downfall:FleeingMerchant","floor":5,"turns":4},{"damage":2,"enemies":"Exordium Wildlife","floor":6,"turns":3},{"damage":39,"enemies":"Gremlin Nob","floor":9,"turns":5},{"damage":7,"enemies":"2 Fungi Beasts","floor":10,"turns":3},{"damage":5,"enemies":"downfall:FleeingMerchant","floor":13,"turns":4},{"damage":7,"enemies":"Exordium Thugs","floor":14,"turns":5},{"damage":19,"enemies":"Large Slime","floor":15,"turns":5},{"damage":35,"enemies":"WA_ARCHETYPE_RETAIN","floor":16,"turns":7}],"seed_played":"-4546454276057028569","potions_obtained":[{"floor":2,"key":"champ:CounterPotion"},{"floor":6,"key":"SpeedPotion"},{"floor":9,"key":"CultistPotion"},{"floor":10,"key":"CultistPotion"},{"floor":10,"key":"hexamod:DoubleChargePotion"},{"floor":14,"key":"Energy Potion"},{"floor":15,"key":"hexamod:InfernoChargePotion"}],"is_trial":false,"path_per_floor":["R","M","M","M","$","M","T","?","E","M","?","R","$","M","M","B"],"character_chosen":"THE_SPIRIT","items_purchased":["Block Potion"],"campfire_rested":0,"item_purchase_floors":[5],"current_hp_per_floor":[70,70,70,68,68,66,66,59,27,27,27,27,29,29,17,0,0,0],"gold":112,"neow_bonus":"ONE_RANDOM_RARE_CARD","is_daily":false,"chose_seed":false,"campfire_upgraded":2,"win_rate":0.0,"timestamp":1613156258,"path_taken":["R","M","M","M","$","M","T","?","E","M","?","R","$","M","M","BOSS"],"items_purchased_type":["Potion"],"build_version":"2020-12-22","purchased_purges":1,"victory":false,"max_hp_per_floor":[70,70,70,70,70,70,70,70,70,70,70,70,70,70,70,70,70,70],"card_choices":[{"not_picked":["hexamod:Haunt","hexamod:SkipABeat"],"picked":"hexamod:GhostLash","floor":2},{"not_picked":["hexamod:Haunt","hexamod:AdvancingGuard"],"picked":"hexamod:SwordOfDarkness","floor":3},{"not_picked":["hexamod:SecondSeal","hexamod:ThirdSeal","hexamod:SkipABeat"],"picked":"SKIP","floor":4},{"not_picked":["hexamod:NecessarySacrifice","hexamod:SoulSteal"],"picked":"hexamod:VolcanoVisage","floor":5},{"not_picked":["hexamod:GhostShield","hexamod:HeatMetal"],"picked":"hexamod:SpectersWail","floor":6},{"not_picked":["hexamod:ExtraCrispy","hexamod:RainOfEmbers","hexamod:SpectersWail"],"picked":"SKIP","floor":9},{"not_picked":["hexamod:SuperheatedStrike","hexamod:AdvancingGuard","hexamod:BacktrackSmack"],"picked":"SKIP","floor":9},{"not_picked":["hexamod:PowerFromBeyond","hexamod:NightmareGuise"],"picked":"hexamod:GhostOfSpirePresent","floor":10},{"not_picked":["hexamod:UnleashSpirits","hexamod:StepThrough"],"picked":"hexamod:ShieldOfDarkness","floor":13},{"not_picked":["hexamod:FlamesFromBeyond","hexamod:HeatMetal","hexamod:EtherealExpedition"],"picked":"SKIP","floor":13},{"not_picked":["hexamod:SkipABeat","hexamod:PhantomFireball"],"picked":"hexamod:FastForward","floor":14},{"not_picked":["hexamod:InspiringFlames","hexamod:BacktrackSmack","hexamod:DynamicBlow"],"picked":"SKIP","floor":14},{"not_picked":["hexamod:ThermalTransfer","hexamod:PhantomFireball"],"picked":"hexamod:PhantomCloak","floor":15},{"not_picked":["hexamod:SoulSteal","hexamod:FlamesFromBeyond","hexamod:HeatMetal"],"picked":"SKIP","floor":15}],"player_experience":2155895,"relics_obtained":[{"floor":7,"key":"War Paint"},{"floor":9,"key":"Tiny Chest"}],"event_choices":[],"is_beta":false,"boss_relics":[],"items_purged_floors":[5],"is_endless":false,"potions_floor_spawned":[2,6,10,14,15],"killed_by":"WA_ARCHETYPE_RETAIN","ascension_level":2}}