{"host":"vyiqbz5w606ur92t","time":1613170366,"event":{"mods":["BaseMod","Downfall","Minty Spire (QoL Compilation)","StSLib"],"gold_per_floor":[99,114,114,124,143,170,170,70,96,196,196,3,19,19,36,36,36,36],"floor_reached":16,"language":"ENG","playtime":1152,"items_purged":[],"score":149,"play_id":"4f792526-420f-46dd-9686-be5142ea7048","local_time":"20210212225246","is_ascension_mode":true,"campfire_choices":[{"floor":1,"key":"RECALL"},{"floor":8,"key":"REST"}],"circlet_count":0,"master_deck":["sneckomod:Strike","sneckomod:Strike","sneckomod:Strike","sneckomod:Defend","sneckomod:Defend","sneckomod:Defend","sneckomod:TailWhip","sneckomod:SnekBite","sneckomod:Unknown","sneckomod:Unknown","sneckomod:UnknownDraw","sneckomod:DiceBlock","sneckomod:SnakeSap","sneckomod:PureSnecko","sneckomod:Transmogrify","sneckomod:UnknownCommonAttack","sneckomod:UnknownUncommonAttack","sneckomod:QuickBite","sneckomod:SoulRoll"],"relics":["sneckomod:SneckoSoul","Potion Belt","Pocketwatch","downfall:HeartBlessingRed","Slimebound:PreparedRelic","downfall:BrokenWingStatue","bronze:BronzeIdol","Gambling Chip"],"acts_visited":["Exordium"],"potions_floor_usage":[16,16],"damage_taken":[{"damage":9,"enemies":"Small Slimes","floor":2,"turns":3},{"damage":6,"enemies":"2 Louse","floor":4,"turns":2},{"damage":0,"enemies":"Jaw Worm","floor":5,"turns":4},{"damage":21,"enemies":"Gremlin Nob","floor":6,"turns":4},{"damage":13,"enemies":"Lagavulin","floor":9,"turns":5},{"damage":0,"enemies":"downfall:FleeingMerchant","floor":12,"turns":4},{"damage":15,"enemies":"Blue Slaver","floor":13,"turns":4},{"damage":0,"enemies":"3 Louse","floor":15,"turns":2},{"damage":52,"enemies":"SI_SHIV_ARCHETYPE","floor":16,"turns":13}],"seed_played":"-5951880072386499061","potions_obtained":[{"floor":2,"key":"sneckomod:DiceRollPotion"},{"floor":9,"key":"DuplicationPotion"}],"is_trial":false,"path_per_floor":["R","M","?","M","M","E","T","R","E","?","?","$","M","?","M","B"],"character_chosen":"THE_SNECKO","items_purchased":["bronze:BronzeIdol","sneckomod:UnknownUncommonAttack"],"campfire_rested":1,"item_purchase_floors":[12,12],"current_hp_per_floor":[81,72,47,41,41,20,20,47,34,34,34,34,19,49,49,0,0,0],"gold":36,"neow_bonus":"RANDOM_COMMON_RELIC","is_daily":false,"chose_seed":false,"campfire_upgraded":0,"win_rate":0.0,"timestamp":1613170366,"path_taken":["R","M","?","M","M","E","T","R","E","?","?","$","?","?","M","BOSS"],"items_purchased_type":["Relic","Card"],"build_version":"2020-12-22","purchased_purges":0,"victory":false,"max_hp_per_floor":[90,90,90,90,90,90,90,90,90,90,90,90,90,90,90,90,90,90],"card_choices":[{"not_picked":["sneckomod:DiceCrush","sneckomod:IronFang"],"picked":"sneckomod:UnknownDraw","floor":2},{"not_picked":["sneckomod:UnknownCommonAttack","sneckomod:RainOfDice"],"picked":"sneckomod:DiceBlock","floor":4},{"not_picked":["sneckomod:SoulRoll","sneckomod:UnknownBlock"],"picked":"sneckomod:SnakeSap","floor":5},{"not_picked":["sneckomod:SnekBeam","sneckomod:CheapStock"],"picked":"sneckomod:PureSnecko","floor":6},{"not_picked":["sneckomod:UnknownBlock","sneckomod:Unknown2Cost"],"picked":"sneckomod:Transmogrify","floor":9},{"not_picked":["sneckomod:MixItUp","sneckomod:Nope"],"picked":"sneckomod:UnknownCommonAttack","floor":12},{"not_picked":["sneckomod:SlitherStrike","sneckomod:DangerNoodle"],"picked":"sneckomod:QuickBite","floor":13},{"not_picked":["sneckomod:DefensiveFlair","sneckomod:Nope"],"picked":"sneckomod:SoulRoll","floor":15}],"player_experience":1754596,"relics_obtained":[{"floor":6,"key":"Gremlin Horn"},{"floor":7,"key":"Thread and Needle"},{"floor":9,"key":"Slimebound:PreparedRelic"},{"floor":12,"key":"Gambling Chip"},{"floor":13,"key":"Gambling Chip"}],"event_choices":[{"damage_healed":0,"gold_gain":0,"player_choice":"Success","damage_taken":25,"relics_obtained":["Pocketwatch"],"max_hp_gain":0,"max_hp_loss":0,"event_name":"Scrap Ooze","floor":3,"gold_loss":0},{"damage_healed":30,"gold_gain":0,"player_choice":"Banana","damage_taken":0,"max_hp_gain":0,"max_hp_loss":0,"event_name":"Big Fish","floor":14,"gold_loss":0}],"is_beta":false,"boss_relics":[],"items_purged_floors":[],"is_endless":false,"potions_floor_spawned":[2,9],"killed_by":"SI_SHIV_ARCHETYPE","ascension_level":7}}