{"host":"f2zkc2gsfwbibc34","time":1613131171,"event":{"mods":["AchievementEnabler","Act Like it!","Arknights","BaseMod","Better Note","Colored Map","Colored Powertips","Defuse TimeMaze Blight","Minty Spire (QoL Compilation)","Permanent Neow","StSLib","SuperFastMode"],"gold_per_floor":[117,117,128,4461,4426,4460,4460,3686,3741,3015,3015,3032,3032,3051,3051,3154,3154,3172,2636,2654,2669,2689,2689,2724,2724,2724,2724,2724,2724,2774,2774,2774,2871,2871,2886,2886,1941,1953,1965,1965,1965,1965,1965,1976,2002,991,1010,1027,1027,1027],"floor_reached":51,"language":"ENG","playtime":1979,"items_purged":["ats:Strike C","ats:Defend","ats:Strike S","ats:Emotion Absorption","ats:Consecutive Shot Auto"],"score":768,"play_id":"f42ecd18-be0b-46a6-b860-595bf8a05e7e","local_time":"20210212125931","is_ascension_mode":false,"campfire_choices":[{"data":"ats:Soul Rend","floor":7,"key":"SMITH"},{"data":"ats:Poison Spread","floor":15,"key":"SMITH"},{"data":"ats:Shadow Assault","floor":23,"key":"SMITH"},{"data":"ats:Magnetic Hammer","floor":25,"key":"SMITH"},{"data":"ats:Poison Spread","floor":27,"key":"SMITH"},{"data":"Sadistic Nature","floor":29,"key":"SMITH"},{"data":"ats:Sashimi Platter","floor":32,"key":"SMITH"},{"data":"ats:True Silver Slash","floor":40,"key":"SMITH"},{"data":"ats:Cat Scratch","floor":49,"key":"SMITH"}],"circlet_count":0,"master_deck":["ats:Strike G","ats:Armor Crushing Shot","ats:Defend","ats:Defend","ats:Defend+1","ats:Soul Rend+1","ats:Explosion Area Strengthen","ats:Sashimi Platter+1","ats:Phantom","ats:Collapsing Strike","ats:Shadow Raid+1","ats:Automatic Cover","Sadistic Nature+1","ats:Cat Scratch+1","ats:Shell Defense","ats:Magnetic Hammer+1","ats:Poison Spread+1","ats:Shadow Assault+1","ats:Poison Spread+1","Flash of Steel","Madness+1","ats:True Silver Slash+1","ats:Part Time Job+1","ats:Song Of Battle+1","ats:Spore Proliferation+1","ats:Poison Spread+1","Panache+1","ats:Thermite Blade","ats:Blood Oath","ats:Composite Medical Shells+1"],"relics":["ats:Sanity","Singing Bowl","TheAbacus","Pocketwatch","ats:Originium","Juzu Bracelet","Vajra","ats:Support","ats:Berate","War Paint","MealTicket","Toxic Egg 2","ats:Defend","Philosopher\u0027s Stone","ats:Bonebreaker","Oddly Smooth Stone","Mummified Hand","Letter Opener","Sozu","Ancient Tea Set","Mercury Hourglass","Frozen Egg 2","OrangePellets","Bag of Marbles","HornCleat","Question Card","ats:Snipe","Blood Vial"],"acts_visited":["Exordium","TheCity","TheBeyond"],"potions_floor_usage":[33,50],"damage_taken":[{"damage":14,"enemies":"Jaw Worm","floor":1,"turns":5},{"damage":11,"enemies":"2 Louse","floor":3,"turns":3},{"damage":34,"enemies":"3 Sentries","floor":6,"turns":9},{"damage":0,"enemies":"Cultist","floor":12,"turns":5},{"damage":0,"enemies":"Exordium Wildlife","floor":14,"turns":3},{"damage":29,"enemies":"The Guardian","floor":16,"turns":10},{"damage":27,"enemies":"2 Thieves","floor":18,"turns":3},{"damage":0,"enemies":"Chosen","floor":20,"turns":4},{"damage":21,"enemies":"Centurion and Healer","floor":21,"turns":7},{"damage":3,"enemies":"Snecko","floor":22,"turns":5},{"damage":32,"enemies":"Gremlin Leader","floor":24,"turns":7},{"damage":85,"enemies":"Collector","floor":33,"turns":8},{"damage":20,"enemies":"3 Darklings","floor":35,"turns":3},{"damage":1,"enemies":"Orb Walker","floor":38,"turns":3},{"damage":21,"enemies":"Transient","floor":39,"turns":5},{"damage":12,"enemies":"Spire Growth","floor":44,"turns":5},{"damage":19,"enemies":"Giant Head","floor":45,"turns":8},{"damage":0,"enemies":"Sphere and 2 Shapes","floor":47,"turns":2},{"damage":0,"enemies":"Transient","floor":48,"turns":5},{"damage":60,"enemies":"Donu and Deca","floor":50,"turns":6}],"seed_played":"-5611470283622292709","potions_obtained":[{"floor":3,"key":"Fire Potion"},{"floor":6,"key":"DuplicationPotion"},{"floor":14,"key":"Weak Potion"},{"floor":21,"key":"Swift Potion"},{"floor":33,"key":"Fire Potion"}],"is_trial":false,"path_per_floor":["M","?","M","$","?","E","R","$","T","$","?","M","?","M","R","B",null,"M","$","M","M","M","R","E","R","T","R","?","R","?","?","R","B",null,"M","?","$","M","M","R","?","?","T","M","E","$","M","M","R","B",null],"character_chosen":"DOCTOR_CLASS","items_purchased":["ats:Sashimi Platter","Singing Bowl","TheAbacus","Pocketwatch","ats:Phantom","ats:Collapsing Strike","ats:Shadow Raid","ats:Automatic Cover","Vajra","Sadistic Nature","ats:Support","ats:Berate","ats:Cat Scratch","ats:Shell Defense","MealTicket","Toxic Egg 2","ats:Defend","ats:Magnetic Hammer","ats:Bonebreaker","Oddly Smooth Stone","Mercury Hourglass","Frozen Egg 2","OrangePellets","ats:Song Of Battle+1","ats:Spore Proliferation+1","Question Card","Panache+1","ats:Snipe","Blood Vial","ats:Thermite Blade","ats:Blood Oath"],"campfire_rested":0,"item_purchase_floors":[4,4,4,4,4,4,4,4,8,8,8,8,8,8,10,10,10,10,19,19,37,37,37,37,37,46,46,46,46,46,46],"current_hp_per_floor":[62,55,46,46,64,51,51,51,51,51,51,62,62,75,75,71,76,59,74,80,82,82,82,76,76,76,76,57,57,57,57,57,40,84,66,66,81,84,67,67,69,69,69,77,92,92,92,94,94,94],"gold":1027,"neow_bonus":"ONE_RANDOM_RARE_CARD","is_daily":false,"chose_seed":false,"campfire_upgraded":9,"win_rate":0.0,"timestamp":1613131171,"path_taken":["M","?","M","$","?","E","R","$","T","$","?","M","?","M","R","BOSS","M","$","M","M","M","R","E","R","T","R","?","R","?","?","R","BOSS","M","?","$","M","M","R","?","?","T","M","E","$","M","M","R","BOSS"],"items_purchased_type":["Card","Relic","Relic","Relic","Card","Card","Card","Card","Relic","Card","Relic","Relic","Card","Card","Relic","Relic","Card","Card","Relic","Relic","Relic","Relic","Relic","Card","Card","Relic","Card","Relic","Relic","Card","Card"],"build_version":"2020-12-22","purchased_purges":5,"victory":true,"max_hp_per_floor":[72,72,72,72,72,74,74,74,74,74,74,74,74,76,76,76,76,78,78,80,82,82,82,84,84,84,84,84,84,84,84,84,84,84,84,84,84,84,86,86,88,88,88,90,92,92,92,94,94,94],"card_choices":[{"not_picked":["ats:Automatic Cover","ats:Rapid Magazine"],"picked":"ats:Consecutive Shot Auto","floor":1},{"not_picked":["ats:Poison Spread","ats:Cat Scratch"],"picked":"ats:Explosion Area Strengthen","floor":3},{"not_picked":["ats:Hammer On","ats:Very Hot Blade","ats:Spore Proliferation"],"picked":"Singing Bowl","floor":6},{"not_picked":["ats:Apocalypse+1","ats:Guard Mode+1"],"picked":"ats:Poison Spread","floor":12},{"not_picked":["ats:Absolute Focus+1","ats:Closed Bolt Burst Fire","ats:Guard Mode+1"],"picked":"Singing Bowl","floor":14},{"not_picked":["ats:Durian+1","ats:Dogmatic Field"],"picked":"ats:Shadow Assault","floor":16},{"not_picked":["ats:Beaten Up+1","ats:Counter Healing Mode","ats:Curse Doll+1"],"picked":"Singing Bowl","floor":18},{"not_picked":["ats:Closed Bolt Burst Fire","ats:Song Of Battle","ats:Consecutive Shot Auto+1"],"picked":"Singing Bowl","floor":20},{"not_picked":["ats:Serious Mode","ats:Powerful Strike","ats:Absolute Focus+1"],"picked":"Singing Bowl","floor":21},{"not_picked":["ats:Defend Order","ats:Shadow Raid+1"],"picked":"ats:Poison Spread","floor":22},{"not_picked":["ats:Leaping Hammer","ats:Defend Order","ats:Powerful Strike"],"picked":"Singing Bowl","floor":24},{"not_picked":["ats:Dogmatic Field","ats:Shadow Assault"],"picked":"ats:True Silver Slash","floor":33},{"not_picked":["ats:Hammer On","ats:Shadow Raid+1"],"picked":"ats:Part Time Job+1","floor":35},{"not_picked":["ats:Closed Bolt Burst Fire+1","ats:Automatic Cover+1"],"picked":"ats:Poison Spread+1","floor":38},{"not_picked":["ats:Revitalization+1","ats:Magnetic Hammer+1","ats:Absolute Focus+1"],"picked":"Singing Bowl","floor":39},{"not_picked":["Forethought+1","Purity+1","HandOfGreed"],"picked":"Singing Bowl","floor":41},{"not_picked":["ats:Spore Proliferation+1","ats:Curse Doll+1","ats:Hammer On"],"picked":"Singing Bowl","floor":44},{"not_picked":["ats:Poison Spread","ats:Consecutive Shot Auto","ats:Revitalization+1"],"picked":"Singing Bowl","floor":45},{"not_picked":["ats:Shell Defense+1","ats:Cat Scratch+1","ats:Assault Order+1"],"picked":"ats:Composite Medical Shells+1","floor":47},{"not_picked":["ats:Very Hot Blade","ats:Powerful Strike+1","ats:Shadow Raid+1","ats:Flexible Camouflage+1"],"picked":"Singing Bowl","floor":48}],"player_experience":92454,"relics_obtained":[{"floor":6,"key":"ats:Originium"},{"floor":6,"key":"Juzu Bracelet"},{"floor":9,"key":"War Paint"},{"floor":24,"key":"ats:Originium"},{"floor":24,"key":"Mummified Hand"},{"floor":26,"key":"Letter Opener"},{"floor":43,"key":"Bag of Marbles"},{"floor":45,"key":"ats:Originium"},{"floor":45,"key":"HornCleat"}],"event_choices":[{"cards_removed":["ats:Strike V"],"damage_healed":0,"gold_gain":0,"player_choice":"Card Removal","damage_taken":7,"max_hp_gain":0,"max_hp_loss":0,"event_name":"Golden Wing","floor":2,"gold_loss":0},{"damage_healed":18,"gold_gain":0,"player_choice":"Healed","damage_taken":0,"max_hp_gain":0,"max_hp_loss":0,"event_name":"The Cleric","floor":5,"gold_loss":35},{"damage_healed":0,"gold_gain":0,"player_choice":"Ignored","damage_taken":0,"max_hp_gain":0,"max_hp_loss":0,"event_name":"Golden Idol","floor":11,"gold_loss":0},{"damage_healed":0,"gold_gain":0,"player_choice":"Ignored","damage_taken":0,"max_hp_gain":0,"max_hp_loss":0,"event_name":"Liars Game","floor":13,"gold_loss":0},{"damage_healed":0,"gold_gain":0,"player_choice":"CARD CARD ","damage_taken":19,"max_hp_gain":0,"max_hp_loss":0,"event_name":"Knowing Skull","floor":28,"potions_obtained":[],"gold_loss":0,"cards_obtained":["Flash of Steel","Madness"]},{"damage_healed":0,"gold_gain":100,"player_choice":"Bet on Murderer","damage_taken":0,"max_hp_gain":0,"max_hp_loss":0,"event_name":"The Joust","floor":30,"gold_loss":50},{"cards_removed":["Flash of Steel"],"damage_healed":0,"gold_gain":0,"player_choice":"Give","damage_taken":0,"max_hp_gain":0,"max_hp_loss":0,"event_name":"betterNote:BetterNote","floor":31,"gold_loss":0,"cards_obtained":["None"]},{"damage_healed":0,"gold_gain":0,"player_choice":"Gave Potion","damage_taken":0,"relics_obtained":["Ancient Tea Set"],"max_hp_gain":0,"max_hp_loss":0,"event_name":"WeMeetAgain","floor":36,"gold_loss":0},{"damage_healed":0,"gold_gain":0,"player_choice":"Memory 1","damage_taken":0,"max_hp_gain":0,"max_hp_loss":0,"event_name":"SensoryStone","floor":41,"gold_loss":0},{"damage_healed":0,"gold_gain":0,"player_choice":"Bought 0 Potions","damage_taken":0,"max_hp_gain":0,"max_hp_loss":0,"event_name":"The Woman in Blue","floor":42,"gold_loss":0}],"is_beta":false,"boss_relics":[{"not_picked":["Runic Pyramid","Cursed Key"],"picked":"Philosopher\u0027s Stone"},{"not_picked":["Calling Bell","Astrolabe"],"picked":"Sozu"}],"items_purged_floors":[8,10,19,37,46],"is_endless":false,"potions_floor_spawned":[3,6,14,21,24,33,35,38,44,48],"ascension_level":0}}