{"host":"pjgcdp3h1plnbocs","time":1613138133,"event":{"mods":["AchievementEnabler","BaseMod","Colored Map","Downfall","Highlight Path","Minty Spire (QoL Compilation)","StSLib"],"gold_per_floor":[118,138,149,149,165,199,218,252,252,269,287,287,287,287,287,382,382,364,132,132,145,157,157,157],"floor_reached":23,"language":"ENG","playtime":928,"items_purged":["Strike_G"],"score":328,"play_id":"45f3dc84-0d81-45bb-8bda-7c22ab5f47f5","local_time":"20210212145533","is_ascension_mode":true,"campfire_choices":[{"floor":15.0,"key":"REST"}],"circlet_count":0,"master_deck":["AscendersBane","Strike_G","Strike_G","Defend_G","Defend_G","Defend_G","Defend_G","Defend_G","Survivor","Neutralize","Blur","Backflip","Deadly Poison","Well Laid Plans","Noxious Fumes","Escape Plan","Poisoned Stab","Corpse Explosion","Acrobatics"],"relics":["Ring of the Snake","NeowsBlessing","Boot","Snake Skull","Bottled Lightning","Philosopher\u0027s Stone","Lee\u0027s Waffle"],"acts_visited":["Exordium","TheCity"],"potions_floor_usage":[23,23],"damage_taken":[{"damage":0.0,"enemies":"Jaw Worm","floor":1.0,"turns":1.0},{"damage":0.0,"enemies":"Cultist","floor":2.0,"turns":1.0},{"damage":0.0,"enemies":"Small Slimes","floor":3.0,"turns":1.0},{"damage":0.0,"enemies":"Blue Slaver","floor":5.0,"turns":5.0},{"damage":22.0,"enemies":"3 Sentries","floor":6.0,"turns":14.0},{"damage":12.0,"enemies":"Large Slime","floor":7.0,"turns":7.0},{"damage":12.0,"enemies":"Lagavulin","floor":8.0,"turns":7.0},{"damage":7.0,"enemies":"Gremlin Gang","floor":10.0,"turns":4.0},{"damage":4.0,"enemies":"Blue Slaver","floor":11.0,"turns":5.0},{"damage":11.0,"enemies":"Hexaghost","floor":16.0,"turns":10.0},{"damage":30.0,"enemies":"2 Thieves","floor":18.0,"turns":4.0},{"damage":16.0,"enemies":"Spheric Guardian","floor":21.0,"turns":4.0},{"damage":15.0,"enemies":"Chosen and Byrds","floor":22.0,"turns":6.0},{"damage":47,"enemies":"Book of Stabbing","floor":23,"turns":6}],"seed_played":"-6746046394847756822","potions_obtained":[{"floor":1.0,"key":"CunningPotion"},{"floor":3.0,"key":"DuplicationPotion"},{"floor":6.0,"key":"Slimebound:ThreeZeroPotion"},{"floor":21.0,"key":"SteroidPotion"},{"floor":22.0,"key":"ColorlessPotion"}],"is_trial":false,"path_per_floor":["M","M","M","?","M","E","M","E","T","M","M","?","?","T","R","B",null,"M","$","?","M","M","E"],"character_chosen":"THE_SILENT","items_purchased":["Lee\u0027s Waffle"],"campfire_rested":1,"item_purchase_floors":[19],"current_hp_per_floor":[63,63,63,63,63,41,29,17,17,10,6,3,3,3,24,13,56,26,77,77,61,46,0,0],"gold":157,"neow_bonus":"THREE_ENEMY_KILL","is_daily":false,"chose_seed":false,"campfire_upgraded":0,"win_rate":0.0,"timestamp":1613138133,"path_taken":["M","M","M","?","?","E","M","E","T","M","M","?","?","?","R","BOSS","M","$","?","?","M","E"],"items_purchased_type":["Relic"],"build_version":"2020-12-22","purchased_purges":1,"victory":false,"max_hp_per_floor":[70,70,70,70,70,70,70,70,70,70,70,70,70,70,70,70,70,70,77,77,77,77,77,77],"card_choices":[{"not_picked":["PiercingWail","Deflect"],"picked":"Blur","floor":1.0},{"not_picked":["Flying Knee","Tactician"],"picked":"Backflip","floor":2.0},{"not_picked":["Flying Knee","Slice"],"picked":"Deadly Poison","floor":3.0},{"not_picked":["Infinite Blades","Flechettes"],"picked":"Well Laid Plans","floor":5.0},{"not_picked":["Catalyst","Bullet Time"],"picked":"Noxious Fumes","floor":6.0},{"not_picked":["Blade Dance","Prepared","Cloak And Dagger"],"picked":"SKIP","floor":7.0},{"not_picked":["Blade Dance","Glass Knife"],"picked":"Escape Plan","floor":8.0},{"not_picked":["Slice","Outmaneuver","Reflex"],"picked":"SKIP","floor":10.0},{"not_picked":["Cloak And Dagger","Dodge and Roll"],"picked":"Poisoned Stab","floor":11.0},{"not_picked":["Dagger Spray","Flying Knee","Backstab"],"picked":"SKIP","floor":18.0},{"not_picked":["Sucker Punch","Cloak And Dagger","Quick Slash"],"picked":"SKIP","floor":21.0},{"not_picked":["Bane","Outmaneuver"],"picked":"Acrobatics","floor":22.0}],"player_experience":237555,"relics_obtained":[{"floor":6.0,"key":"Boot"},{"floor":8.0,"key":"Snake Skull"},{"floor":9.0,"key":"Bottled Lightning"}],"event_choices":[{"cards_removed":["Strike_G"],"damage_healed":0.0,"max_hp_gain":0.0,"max_hp_loss":0.0,"gold_gain":0.0,"event_name":"Bonfire Elementals","player_choice":"Offered Basic","floor":4.0,"gold_loss":0.0,"damage_taken":0.0},{"damage_healed":0.0,"max_hp_gain":0.0,"max_hp_loss":0.0,"gold_gain":0.0,"event_name":"Scrap Ooze","player_choice":"Fled","floor":12.0,"gold_loss":0.0,"damage_taken":3.0},{"damage_healed":0.0,"max_hp_gain":0.0,"max_hp_loss":0.0,"gold_gain":0.0,"event_name":"Golden Wing","player_choice":"Ignored","floor":13.0,"gold_loss":0.0,"damage_taken":0.0},{"damage_healed":0.0,"max_hp_gain":0.0,"max_hp_loss":0.0,"gold_gain":0.0,"cards_transformed":["Strike_G"],"event_name":"Transmorgrifier","player_choice":"Transformed","floor":20.0,"gold_loss":0.0,"damage_taken":0.0,"cards_obtained":["Corpse Explosion"]}],"is_beta":false,"boss_relics":[{"not_picked":["Snecko Eye","SlaversCollar"],"picked":"Philosopher\u0027s Stone"}],"items_purged_floors":[19],"is_endless":false,"potions_floor_spawned":[1,3,5,6,7,21,22],"killed_by":"Book of Stabbing","ascension_level":12}}