{"host":"z42sc0n2dozsmk72","time":1613136931,"event":{"mods":["AchievementEnabler","BaseMod","Better Third Choice","Colored Map","Curses Come First","Highlight Path","Minty Spire (QoL Compilation)","Permanent Neow","Quick Restart","Relic Stats","Shop Mod","StSLib","egg","slay the spire mod where everything is the same but ironclad has a cowboy hat"],"gold_per_floor":[114,127,142,155,172,204,204,230,230,247,247,263,263,282,282,382,382,402,417,417,431,431,431,461,473,473,473,473,486,497,531,531,628,628,640,659,670,670,690,690,707,707,730,749,765,765,765],"floor_reached":46,"language":"ENG","playtime":4023,"items_purged":[],"score":652,"play_id":"786666f3-470d-4f78-a753-3300ab166708","local_time":"20210213023531","is_ascension_mode":true,"campfire_choices":[{"data":"Metallicize","floor":7.0,"key":"SMITH"},{"data":"Bludgeon","floor":11.0,"key":"SMITH"},{"data":"Reaper","floor":13.0,"key":"SMITH"},{"data":"Clothesline","floor":15.0,"key":"SMITH"},{"data":"Shrug It Off","floor":23.0,"key":"SMITH"},{"data":"Barricade","floor":28.0,"key":"SMITH"},{"data":"Shrug It Off","floor":32.0,"key":"SMITH"},{"data":"Feed","floor":40,"key":"SMITH"},{"floor":42,"key":"RECALL"}],"circlet_count":0,"master_deck":["Defend_R","Defend_R","Defend_R","Bash","Clothesline+1","Reaper+1","Metallicize+1","Shrug It Off+1","Battle Trance","Bludgeon+1","Barricade+1","Bite","Bite","Bite","Bite","Bite","Shrug It Off+1","Disarm","Feed+1"],"relics":["Burning Blood","Bird Faced Urn","Ornamental Fan","Busted Crown","Darkstone Periapt","Eternal Feather","Meat on the Bone","Pear","Sozu","Ancient Tea Set"],"acts_visited":["Exordium","TheCity","TheBeyond"],"potions_floor_usage":[45],"damage_taken":[{"damage":7.0,"enemies":"Jaw Worm","floor":1.0,"turns":3.0},{"damage":0.0,"enemies":"2 Louse","floor":2.0,"turns":4.0},{"damage":0.0,"enemies":"Small Slimes","floor":3.0,"turns":3.0},{"damage":11.0,"enemies":"Looter","floor":4.0,"turns":5.0},{"damage":4.0,"enemies":"Blue Slaver","floor":5.0,"turns":5.0},{"damage":27.0,"enemies":"Gremlin Nob","floor":6.0,"turns":6.0},{"damage":31.0,"enemies":"Lagavulin","floor":8.0,"turns":8.0},{"damage":25.0,"enemies":"Large Slime","floor":10.0,"turns":6.0},{"damage":7.0,"enemies":"Gremlin Gang","floor":12.0,"turns":5.0},{"damage":7.0,"enemies":"Looter","floor":14.0,"turns":4.0},{"damage":30.0,"enemies":"The Guardian","floor":16.0,"turns":13.0},{"damage":12.0,"enemies":"Spheric Guardian","floor":18.0,"turns":5.0},{"damage":0.0,"enemies":"Chosen","floor":19.0,"turns":4.0},{"damage":49.0,"enemies":"Sentry and Sphere","floor":21.0,"turns":8.0},{"damage":39.0,"enemies":"Slavers","floor":24.0,"turns":9.0},{"damage":41.0,"enemies":"Centurion and Healer","floor":25.0,"turns":8.0},{"damage":1.0,"enemies":"Cultist and Chosen","floor":29.0,"turns":8.0},{"damage":6.0,"enemies":"Snake Plant","floor":30.0,"turns":7.0},{"damage":50.0,"enemies":"Book of Stabbing","floor":31.0,"turns":9.0},{"damage":85.0,"enemies":"Automaton","floor":33.0,"turns":18.0},{"damage":7.0,"enemies":"Orb Walker","floor":35.0,"turns":4.0},{"damage":7.0,"enemies":"3 Darklings","floor":36.0,"turns":11.0},{"damage":11,"enemies":"Maw","floor":37,"turns":11},{"damage":52,"enemies":"Jaw Worm Horde","floor":39,"turns":6},{"damage":33,"enemies":"Sphere and 2 Shapes","floor":41,"turns":7},{"damage":3,"enemies":"Maw","floor":44,"turns":11},{"damage":8,"enemies":"Writhing Mass","floor":45,"turns":8},{"damage":124,"enemies":"Giant Head","floor":46,"turns":10}],"seed_played":"-7405057144402979315","potions_obtained":[{"floor":1.0,"key":"Energy Potion"},{"floor":3.0,"key":"SneckoOil"},{"floor":6.0,"key":"Weak Potion"},{"floor":12.0,"key":"DuplicationPotion"},{"floor":16.0,"key":"ElixirPotion"},{"floor":25.0,"key":"DuplicationPotion"},{"floor":31.0,"key":"Weak Potion"},{"floor":33.0,"key":"ColorlessPotion"}],"is_trial":false,"path_per_floor":["M","M","M","M","M","E","R","E","T","M","R","M","R","M","R","B",null,"M","M","?","M","T","R","E","M","T","?","R","M","M","E","R","B",null,"M","M","M","?","M","R","M","R","T","M","M","E"],"character_chosen":"IRONCLAD","items_purchased":[],"campfire_rested":0,"item_purchase_floors":[],"current_hp_per_floor":[50,64,78,77,79,58,58,35,35,22,22,39,39,45,45,28,67,63,76,56,32,32,32,30,20,20,20,29,56,56,47,56,35,58,69,72,72,72,53,62,71,80,80,86,90,0,0],"gold":765,"neow_bonus":"TRANSFORM_TWO_CARDS","is_daily":false,"chose_seed":false,"campfire_upgraded":8,"win_rate":0.0,"timestamp":1613136931,"path_taken":["M","M","M","M","M","E","R","E","T","M","R","M","R","M","R","BOSS","M","M","?","M","?","R","E","M","T","?","R","M","M","E","R","BOSS","M","M","M","?","M","R","M","R","T","M","M","E"],"items_purchased_type":[],"build_version":"2020-12-22","purchased_purges":0,"victory":false,"max_hp_per_floor":[80,80,80,80,80,80,80,80,80,80,80,80,80,80,80,80,80,80,80,56,56,56,56,56,56,56,56,56,56,56,66,66,66,66,69,72,75,75,78,78,82,82,82,86,90,90,90],"relic_stats":{"Darkstone Periapt":0,"Sozu":2,"Busted Crown":32,"counters":[28,206],"Ornamental Fan":[180],"Bird Faced Urn":[44],"Eternal Feather":36,"obtain_stats":[{"Darkstone Periapt":22,"Sozu":34,"Busted Crown":17,"Pear":31,"Ornamental Fan":8,"Bird Faced Urn":6,"Eternal Feather":24,"Ancient Tea Set":43,"Burning Blood":0,"Meat on the Bone":26},{"Darkstone Periapt":14,"Sozu":20,"Busted Crown":11,"Pear":19,"Ornamental Fan":7,"Bird Faced Urn":6,"Eternal Feather":15,"Ancient Tea Set":25,"Burning Blood":0,"Meat on the Bone":16},{"Darkstone Periapt":79,"Sozu":138,"Busted Crown":62,"Pear":120,"Ornamental Fan":34,"Bird Faced Urn":26,"Eternal Feather":88,"Ancient Tea Set":177,"Burning Blood":0,"Meat on the Bone":96}],"Burning Blood":131,"Meat on the Bone":12},"card_choices":[{"not_picked":["Second Wind","Sentinel"],"picked":"Metallicize","floor":1.0},{"not_picked":["Sword Boomerang","Pommel Strike","Wild Strike"],"picked":"SKIP","floor":2.0},{"not_picked":["Dropkick","Ghostly Armor"],"picked":"Shrug It Off","floor":3.0},{"not_picked":["Clothesline","Hemokinesis","Clash"],"picked":"SKIP","floor":4.0},{"not_picked":["Cleave","Clash","Ghostly Armor"],"picked":"SKIP","floor":5.0},{"not_picked":["Clothesline","Shrug It Off"],"picked":"Battle Trance","floor":6.0},{"not_picked":["Bloodletting","Twin Strike"],"picked":"Bludgeon","floor":8.0},{"not_picked":["Rampage","Searing Blow","Pummel"],"picked":"SKIP","floor":10.0},{"not_picked":["Body Slam","Headbutt","Thunderclap"],"picked":"SKIP","floor":12.0},{"not_picked":["Body Slam","Headbutt","Thunderclap"],"picked":"SKIP","floor":12.0},{"not_picked":["Pommel Strike","Bloodletting","Dark Embrace"],"picked":"SKIP","floor":14.0},{"not_picked":["Juggernaut","Berserk"],"picked":"Barricade","floor":16.0},{"not_picked":["Pommel Strike"],"picked":"SKIP","floor":18.0},{"not_picked":["Heavy Blade"],"picked":"SKIP","floor":19.0},{"not_picked":["Cleave+1"],"picked":"SKIP","floor":21.0},{"not_picked":[],"picked":"Shrug It Off","floor":24.0},{"not_picked":["Warcry"],"picked":"SKIP","floor":25.0},{"not_picked":["Headbutt"],"picked":"SKIP","floor":29.0},{"not_picked":[],"picked":"Disarm","floor":30.0},{"not_picked":["Twin Strike+1"],"picked":"SKIP","floor":31.0},{"not_picked":[],"picked":"Feed","floor":33.0},{"not_picked":["Havoc"],"picked":"SKIP","floor":35.0},{"not_picked":["Blood for Blood"],"picked":"SKIP","floor":36.0},{"not_picked":["Blood for Blood"],"picked":"SKIP","floor":36.0},{"not_picked":[],"picked":"Armaments+1","floor":37},{"not_picked":["Thunderclap"],"picked":"SKIP","floor":39},{"not_picked":["Fire Breathing"],"picked":"SKIP","floor":41},{"not_picked":["Thunderclap+1"],"picked":"SKIP","floor":44},{"not_picked":["Wild Strike"],"picked":"SKIP","floor":45}],"player_experience":944835,"relics_obtained":[{"floor":6.0,"key":"Bird Faced Urn"},{"floor":8.0,"key":"Ornamental Fan"},{"floor":22.0,"key":"Darkstone Periapt"},{"floor":24.0,"key":"Eternal Feather"},{"floor":26.0,"key":"Meat on the Bone"},{"floor":31.0,"key":"Pear"},{"floor":43,"key":"Ancient Tea Set"}],"event_choices":[{"damage_healed":0.0,"max_hp_gain":0.0,"max_hp_loss":24.0,"gold_gain":0.0,"event_name":"Vampires","player_choice":"Became a vampire","floor":20.0,"gold_loss":0.0,"damage_taken":0.0,"cards_obtained":["Bite","Bite","Bite","Bite","Bite"]},{"cards_removed":["Defend_R"],"damage_healed":0.0,"max_hp_gain":0.0,"max_hp_loss":0.0,"gold_gain":0.0,"event_name":"betterThird:BetterWriting","player_choice":"Elegance","floor":27.0,"gold_loss":0.0,"damage_taken":0.0},{"cards_removed":["Armaments"],"damage_healed":0,"gold_gain":0,"player_choice":"Removed Skill","damage_taken":0,"max_hp_gain":0,"max_hp_loss":0,"event_name":"Falling","floor":38,"gold_loss":0}],"is_beta":false,"boss_relics":[{"not_picked":["Pandora\u0027s Box","Runic Cube"],"picked":"Busted Crown"},{"not_picked":["Tiny House","Coffee Dripper"],"picked":"Sozu"}],"items_purged_floors":[],"is_endless":false,"potions_floor_spawned":[1,3,6,12,16,18,25,31,33,37,41,44],"killed_by":"Giant Head","ascension_level":6}}