{"host":"1v3mnj67s3trvm6y","time":1613121797,"event":{"mods":["BaseMod","Challenge The Spire","Downfall","Minty Spire (QoL Compilation)","StSLib"],"gold_per_floor":[99,117,136,136,136,170,170,170,204,104,119,19,50,62,75,178,178,178,198,210,224,237,247,270,302,322,222,250,160,174,59,73,175,175,175,193,210,210,230,230,230,261,217,217,228,248,248,274,290,290,290,322,172,172,172,172,172,172],"floor_reached":56,"language":"ENG","playtime":4631,"items_purged":["champ:Strike","champ:Strike","champ:Defend","champ:Strike"],"score":793,"play_id":"3518cafd-0dd0-4a28-b0b5-bd8488c6f9c5","local_time":"20210212182317","is_ascension_mode":false,"campfire_choices":[{"data":"champ:Execute","floor":1,"key":"SMITH"},{"floor":10,"key":"RECALL"},{"data":"champ:GutPunch","floor":12,"key":"SMITH"},{"data":"champ:Shatter","floor":18,"key":"SMITH"},{"data":"champ:ShieldWall","floor":27,"key":"SMITH"},{"data":"champ:GladiatorForm","floor":35,"key":"SMITH"},{"data":"champ:SteelEdge","floor":44,"key":"SMITH"},{"data":"champ:ShieldThrow","floor":47,"key":"SMITH"},{"floor":54,"key":"REST"}],"circlet_count":0,"master_deck":["champ:Strike","champ:Defend","champ:Execute+1","champ:Taunt+1","champ:GutPunch+1","champ:RisingSlash","champ:StanceDance+1","champ:Endure+1","champ:EnchantCrown+1","champ:StanceDance+1","champ:Shatter+1","champ:StanceDance+1","champ:EnGarde+1","champ:AdrenalArmor+1","champ:TornadoPunch+1","champ:FlashCut","champ:ShieldWall+1","champ:Duel+1","champ:SteelEdge+1","champ:HoldFirm+1","champ:Shatter+1","champ:GladiatorForm+1","champ:Backstep+1","champ:Circumvent+1","champ:FlashCut+1","champ:ShieldThrow+1","champ:SkillfulDodge+1","champ:Backstep+1","champ:EnGarde+1","champ:EndlessRage","champ:CrookedStrike+1"],"relics":["champ:ChampionCrown","champ:LiftRelic","Blood Vial","Toxic Egg 2","Regal Pillow","downfall:HeartBlessingGreen","downfall:HeartBlessingRed","Orichalcum","Velvet Choker","hexamod:CandleOfCauterizing","downfall:HeartBlessingBlue","champ:DefensiveTrainingManual","Empty Cage","Lizard Tail","Centennial Puzzle","Pantograph","Omamori","Pen Nib"],"acts_visited":["Exordium","TheCity","TheBeyond","TheEnding"],"potions_floor_usage":[6,9,20,25,42,56],"damage_taken":[{"damage":10,"enemies":"Cultist","floor":2,"turns":4},{"damage":10,"enemies":"Jaw Worm","floor":3,"turns":3},{"damage":24,"enemies":"3 Sentries","floor":6,"turns":7},{"damage":41,"enemies":"Lagavulin","floor":9,"turns":6},{"damage":0,"enemies":"Small Slimes","floor":11,"turns":3},{"damage":28,"enemies":"3 Sentries","floor":13,"turns":5},{"damage":24,"enemies":"Exordium Wildlife","floor":14,"turns":3},{"damage":9,"enemies":"Lots of Slimes","floor":15,"turns":3},{"damage":46,"enemies":"WA_ARCHETYPE_RETAIN","floor":16,"turns":5},{"damage":15,"enemies":"3 Byrds","floor":19,"turns":5},{"damage":24,"enemies":"Snake Plant","floor":20,"turns":4},{"damage":17,"enemies":"Snecko","floor":21,"turns":4},{"damage":25,"enemies":"Cultist and Chosen","floor":22,"turns":3},{"damage":25,"enemies":"Snake Plant","floor":23,"turns":4},{"damage":40,"enemies":"Gremlin Leader","floor":25,"turns":5},{"damage":35,"enemies":"3 Cultists","floor":26,"turns":5},{"damage":0,"enemies":"Book of Stabbing","floor":28,"turns":3},{"damage":25,"enemies":"downfall:FleeingMerchant","floor":29,"turns":4},{"damage":28,"enemies":"Sentry and Sphere","floor":30,"turns":4},{"damage":55,"enemies":"downfall:FleeingMerchant","floor":31,"turns":4},{"damage":30,"enemies":"Cultist and Chosen","floor":32,"turns":4},{"damage":85,"enemies":"DF_ARCHETYPE_CLAW","floor":33,"turns":7},{"damage":11,"enemies":"3 Shapes","floor":36,"turns":6},{"damage":45,"enemies":"3 Darklings","floor":37,"turns":5},{"damage":50,"enemies":"Maw","floor":39,"turns":6},{"damage":25,"enemies":"Reptomancer","floor":42,"turns":7},{"damage":5,"enemies":"downfall:FleeingMerchant","floor":43,"turns":1},{"damage":6,"enemies":"Writhing Mass","floor":45,"turns":5},{"damage":15,"enemies":"4 Shapes","floor":46,"turns":5},{"damage":13,"enemies":"Sphere and 2 Shapes","floor":49,"turns":4},{"damage":95,"enemies":"IC_BLOCK_ARCHETYPE","floor":50,"turns":12},{"damage":104,"enemies":"downfall:CharBossMerchant","floor":52,"turns":11},{"damage":147,"enemies":"downfall:NeowBoss","floor":55,"turns":19},{"damage":186,"enemies":"downfall:NeowBossFinal","floor":56,"turns":14}],"seed_played":"5530667723454455360","potions_obtained":[{"floor":2,"key":"DistilledChaos"},{"floor":3,"key":"SteroidPotion"},{"floor":9,"key":"Weak Potion"},{"floor":15,"key":"DuplicationPotion"},{"floor":16,"key":"FairyPotion"},{"floor":21,"key":"ColorlessPotion"},{"floor":26,"key":"Explosive Potion"},{"floor":45,"key":"Dexterity Potion"}],"is_trial":false,"path_per_floor":["R","M","M","?","?","E","T","?","E","R","M","R","E","M","M","B",null,"R","M","M","M","M","M","T","E","M","R","E","$","M","$","M","B",null,"R","M","M","?","M","?","T","E","$","R","M","M","R","T","M","B",null,"E","$","R","B","B"],"character_chosen":"THE_CHAMP","items_purchased":["Pantograph"],"campfire_rested":1,"item_purchase_floors":[43],"current_hp_per_floor":[90,90,90,90,90,81,81,81,72,72,74,74,73,71,69,50,90,90,90,86,86,88,90,90,80,82,92,94,96,95,97,99,90,100,100,99,95,95,97,97,97,99,100,100,99,100,100,100,97,50,100,46,46,91,38,0,0,0],"gold":172,"neow_bonus":"UPGRADE_CARD","is_daily":false,"chose_seed":false,"campfire_upgraded":7,"win_rate":0.0,"timestamp":1613121797,"path_taken":["R","M","M","?","?","E","T","?","E","R","?","R","E","M","M","BOSS","R","M","M","M","M","?","T","E","M","R","E","$","M","$","M","BOSS","R","M","M","?","?","?","T","E","?","R","M","?","R","?","M","BOSS","E","$","R","BOSS","BOSS"],"items_purchased_type":["Relic"],"build_version":"2020-12-22","purchased_purges":4,"victory":false,"max_hp_per_floor":[90,90,90,90,90,90,90,90,90,90,90,90,90,90,90,90,90,90,90,90,90,90,90,90,90,90,100,100,100,100,100,100,100,100,100,100,100,100,100,100,100,100,100,100,100,100,100,100,100,100,100,100,100,100,100,100,100,100],"card_choices":[{"not_picked":["champ:Haymaker","champ:SetATrap"],"picked":"champ:GutPunch","floor":2},{"not_picked":["champ:CalledShot","champ:TornadoPunch"],"picked":"champ:RisingSlash","floor":3},{"not_picked":["champ:BerserkersShout","champ:PreemptiveStrike","champ:ShieldSigil"],"picked":"SKIP","floor":6},{"not_picked":["champ:Shatter","champ:PreciseThrust"],"picked":"champ:StanceDance+1","floor":9},{"not_picked":["champ:RapidStrikes","champ:TornadoPunch"],"picked":"champ:Endure+1","floor":11},{"not_picked":["champ:IronFortress","champ:FocusedDefense+1"],"picked":"champ:EnchantCrown+1","floor":13},{"not_picked":["champ:BringItOn+1","champ:Parry+1"],"picked":"champ:StanceDance+1","floor":14},{"not_picked":["champ:DefensiveShout+1","champ:Haymaker"],"picked":"champ:Shatter","floor":15},{"not_picked":["champ:StrikeOfGenius","champ:HeavySlash"],"picked":"champ:VampiricStrike","floor":16},{"not_picked":["champ:DefensiveShout+1","champ:SwordSigil+1"],"picked":"champ:StanceDance+1","floor":19},{"not_picked":["champ:FocusedDefense+1","champ:CrownThrow"],"picked":"champ:EnGarde+1","floor":20},{"not_picked":["champ:BladeFlurry+1","champ:ShieldSigil+1"],"picked":"champ:AdrenalArmor+1","floor":21},{"not_picked":["champ:CrookedStrike","champ:BladeFlurry"],"picked":"champ:TornadoPunch+1","floor":22},{"not_picked":["champ:Parry+1","champ:DefensiveShout+1"],"picked":"champ:FlashCut","floor":23},{"not_picked":["champ:DefensiveShout+1","champ:Haymaker+1"],"picked":"champ:ShieldWall","floor":25},{"not_picked":["champ:StanceDance+1","champ:BerserkerStyle"],"picked":"champ:Duel+1","floor":26},{"not_picked":["champ:SwordSigil+1","champ:PerfectedStrike+1"],"picked":"champ:SteelEdge","floor":28},{"not_picked":["champ:CheapShot","champ:DefensiveShout+1"],"picked":"champ:HoldFirm+1","floor":29},{"not_picked":["champ:CrownThrow","champ:SetATrap+1","champ:Parry+1"],"picked":"SKIP","floor":30},{"not_picked":["champ:Lariat+1","champ:ShieldSlam+1"],"picked":"champ:Shatter+1","floor":31},{"not_picked":["champ:TornadoPunch","champ:Parry+1","champ:FalseCounter+1"],"picked":"SKIP","floor":32},{"not_picked":["champ:ShieldThrow","champ:SteelEdge"],"picked":"champ:GladiatorForm","floor":33},{"not_picked":["champ:PreciseThrust","champ:DeathBlow"],"picked":"champ:Backstep+1","floor":36},{"not_picked":["champ:FocusedDefense+1","champ:ViciousMockery+1"],"picked":"champ:Circumvent+1","floor":37},{"not_picked":["champ:PreemptiveStrike+1","champ:ShieldSigil+1"],"picked":"champ:FlashCut+1","floor":39},{"not_picked":["champ:Encircle","champ:FlashCut"],"picked":"champ:ShieldThrow","floor":42},{"not_picked":["champ:AdrenalArmor+1","champ:PreemptiveStrike"],"picked":"champ:SkillfulDodge+1","floor":43},{"not_picked":["champ:RageSigil+1","champ:ArenaPreparation+1"],"picked":"champ:Backstep+1","floor":45},{"not_picked":["champ:BringItOn+1","champ:BerserkerStyle"],"picked":"champ:EnGarde+1","floor":46},{"not_picked":["champ:PreciseThrust","champ:DefensiveShout+1"],"picked":"champ:EndlessRage","floor":49},{"not_picked":["champ:BringItOn+1","champ:GutPunch+1"],"picked":"champ:CrookedStrike+1","floor":52}],"player_experience":1781221,"relics_obtained":[{"floor":6,"key":"Blood Vial"},{"floor":7,"key":"Toxic Egg 2"},{"floor":9,"key":"Regal Pillow"},{"floor":13,"key":"Orichalcum"},{"floor":25,"key":"hexamod:CandleOfCauterizing"},{"floor":28,"key":"champ:DefensiveTrainingManual"},{"floor":41,"key":"Lizard Tail"},{"floor":42,"key":"Centennial Puzzle"},{"floor":48,"key":"Omamori"},{"floor":52,"key":"Pen Nib"}],"event_choices":[{"cards_removed":["champ:VampiricStrike"],"damage_healed":0,"gold_gain":0,"player_choice":"Removed Attack","damage_taken":0,"max_hp_gain":0,"max_hp_loss":0,"event_name":"Falling","floor":40,"gold_loss":0}],"is_beta":false,"boss_relics":[{"not_picked":["Fusion Hammer","Philosopher\u0027s Stone"],"picked":"Velvet Choker"},{"not_picked":["Cursed Key","champ:PowerArmor"],"picked":"Empty Cage"}],"items_purged_floors":[29,31,43,53],"is_endless":false,"potions_floor_spawned":[2,3,9,15,16,21,23,26,28,30,32,33,36,45,46,49,52],"killed_by":"downfall:NeowBossFinal","ascension_level":0}}