{"host":"qj2ynjh122p6ybyd","time":1613138357,"event":{"mods":["AchievementEnabler","Aspiration","BaseMod","Better Match","Better Note","Highlight Path","Infinite Spire","Minty Spire (QoL Compilation)","Quick Restart","Relic Stats","Reliquary","Replay The Spire","StSLib","SuperFastMode","The Blackbeard","The Gatherer"],"gold_per_floor":[118,133,208,208,54,82,82,82,106,117,143,171,181,208,208,306,306,246,161,17,17,37,37,66,76,76,104,104,104,121,121,121,226,226,243,518,418,435,446,446,446],"floor_reached":40,"language":"RUS","playtime":1599,"items_purged":["Pain","Regret"],"score":754,"play_id":"d37b3cb5-279c-4b72-8460-cc392832fd1c","local_time":"20210212155917","is_ascension_mode":true,"campfire_choices":[{"floor":8,"key":"REST"},{"floor":15,"key":"REST"},{"data":"FIFO Queue","floor":23,"key":"SMITH"},{"floor":28,"key":"REST"},{"floor":32,"key":"DIG"}],"circlet_count":0,"master_deck":["AscendersBane","Strike_B","Strike_B","Strike_B","Strike_B","Defend_B","Defend_B","Defend_B","Defend_B","Zap","Dualcast","BootSequence","Gash","Conserve Battery","Mayhem","Purity","Metamorphosis","Pot Of Greed","Pot Of Greed","White Noise","Gash","ReplayTheSpireMod:Calculation Training","Thunder Strike","Cold Snap","Rainbow","Pot Of Greed","Steam+1","FIFO Queue+1","Ball Lightning","Redo","Self Repair","Defragment","Echo Form","BasicCrystalCard+1","Beam Cell+1"],"relics":["FrozenCore","ReplayTheSpireMod:Ring of Collecting","ReplayTheSpireMod:ShopPack","Grinning Jar","WarpedTongs","Ring of Shattering","Ring of Panic","reliquary:ExpiredCoupon","reliquary:WeakTea","Oddly Smooth Stone","Regal Pillow","reliquary:TridentHead","Replay:Bottled Snecko","GremlinMask","Nunchaku","reliquary:RedPaperclip"],"acts_visited":["Exordium","TheCity","TheBeyond"],"potions_floor_usage":[6,6,14,24,40],"damage_taken":[{"damage":9,"enemies":"infinitespire:Voidling","floor":1,"turns":4},{"damage":0,"enemies":"2 Louse","floor":2,"turns":2},{"damage":18,"enemies":"3 Sentries","floor":6,"turns":5},{"damage":0,"enemies":"Jaw Worm","floor":10,"turns":2},{"damage":8,"enemies":"Lagavulin","floor":12,"turns":7},{"damage":2,"enemies":"Large Slime","floor":13,"turns":4},{"damage":21,"enemies":"3 Sentries","floor":14,"turns":5},{"damage":35,"enemies":"Slime Boss","floor":16,"turns":11},{"damage":3,"enemies":"2 Thieves","floor":18,"turns":4},{"damage":0,"enemies":"Spheric Guardian","floor":22,"turns":4},{"damage":21,"enemies":"Slavers","floor":24,"turns":4},{"damage":0,"enemies":"Shelled Parasite and Fungi","floor":25,"turns":6},{"damage":9,"enemies":"Book of Stabbing","floor":27,"turns":8},{"damage":3,"enemies":"Snecko","floor":30,"turns":7},{"damage":10,"enemies":"Collector","floor":33,"turns":10},{"damage":3,"enemies":"Orb Walker","floor":35,"turns":5},{"damage":26,"enemies":"3 Darklings","floor":38,"turns":6},{"damage":18,"enemies":"Spire Growth","floor":39,"turns":7},{"damage":46,"enemies":"infinitespire:Three Voidlings","floor":40,"turns":6},{"damage":43,"enemies":"Nightmare_Alpha","floor":40,"turns":13}],"seed_played":"-5715170575962897461","potions_obtained":[{"floor":1,"key":"Strength Potion"},{"floor":2,"key":"FocusPotion"},{"floor":12,"key":"PowerPotion"},{"floor":13,"key":"EssenceOfDarkness"},{"floor":24,"key":"SmokeBomb"},{"floor":25,"key":"Fire Potion"}],"is_trial":false,"path_per_floor":["M","M","?","?","$","E","?","R","T","M","T","E","M","E","R","B",null,"M","?","$","?","M","R","E","M","T","E","R","?","M","?","R","B",null,"M","?","$","M","M","?"],"character_chosen":"DEFECT","items_purchased":["ReplayTheSpireMod:ShopPack","Conserve Battery","FIFO Queue"],"campfire_rested":3,"item_purchase_floors":[5,5,20],"current_hp_per_floor":[59,59,48,48,48,30,30,52,52,52,52,44,42,21,43,10,59,56,56,56,56,56,56,39,43,43,38,75,75,75,75,75,75,75,72,72,72,56,48,0,0],"gold":446,"neow_bonus":"THREE_CARDS","is_daily":false,"chose_seed":false,"campfire_upgraded":1,"win_rate":0.0,"timestamp":1613138357,"path_taken":["M","?","?","?","$","E","?","R","T","?","?","E","M","E","R","BOSS","M","?","$","?","?","R","E","M","T","E","R","?","?","?","R","BOSS","M","?","$","M","?","?"],"items_purchased_type":["Relic","Card","Card"],"build_version":"2020-12-22","purchased_purges":2,"victory":false,"max_hp_per_floor":[75,75,75,75,75,75,75,75,75,75,75,75,75,75,75,75,75,75,75,75,75,75,75,75,75,75,75,75,75,75,75,75,75,75,75,75,75,75,75,75,75],"relic_stats":{"Regal Pillow":15,"Nunchaku":[9],"counters":[20,120],"obtain_stats":[{"ReplayFunnel":9,"Solar Panel":14,"Regal Pillow":24,"Oddly Smooth Stone":19,"GremlinMask":29,"reliquary:WeakTea":12,"WarpedTongs":7,"FrozenCore":17,"reliquary:ExpiredCoupon":11,"reliquary:TridentHead":26,"Nunchaku":32,"reliquary:RedPaperclip":34,"ReplayTheSpireMod:Ring of Collecting":4,"Ring of Shattering":9,"Replay:Bottled Snecko":27,"Grinning Jar":6,"Ring of Panic":11,"Cracked Core":0,"ReplayTheSpireMod:ShopPack":5},{"ReplayFunnel":3,"Solar Panel":7,"Regal Pillow":11,"Oddly Smooth Stone":9,"GremlinMask":13,"reliquary:WeakTea":5,"WarpedTongs":3,"FrozenCore":8,"reliquary:ExpiredCoupon":4,"reliquary:TridentHead":12,"Nunchaku":14,"reliquary:RedPaperclip":15,"ReplayTheSpireMod:Ring of Collecting":2,"Ring of Shattering":3,"Replay:Bottled Snecko":13,"Grinning Jar":3,"Ring of Panic":4,"Cracked Core":0,"ReplayTheSpireMod:ShopPack":2},{"ReplayFunnel":11,"Solar Panel":29,"Regal Pillow":52,"Oddly Smooth Stone":44,"GremlinMask":66,"reliquary:WeakTea":20,"WarpedTongs":11,"FrozenCore":40,"reliquary:ExpiredCoupon":13,"reliquary:TridentHead":58,"Nunchaku":73,"reliquary:RedPaperclip":83,"ReplayTheSpireMod:Ring of Collecting":6,"Ring of Shattering":11,"Replay:Bottled Snecko":66,"Grinning Jar":11,"Ring of Panic":13,"Cracked Core":0,"ReplayTheSpireMod:ShopPack":6}],"FrozenCore":[34],"WarpedTongs":[109]},"card_choices":[{"not_picked":["Compile Driver","BasicCrystalCard"],"picked":"BootSequence","floor":0},{"not_picked":["ReplayTheSpireMod:Repulse","ReplayTheSpireMod:Reroute Power"],"picked":"Gash","floor":1},{"not_picked":["Undo","Panic Button","Rebound"],"picked":"SKIP","floor":2},{"not_picked":["ReplayTheSpireMod:Brewmster","HandOfGreed"],"picked":"Mayhem","floor":5},{"not_picked":["Secret Weapon","Impatience"],"picked":"Purity","floor":5},{"not_picked":["Specialist","Replay:Bootleg Shield Generator"],"picked":"Metamorphosis","floor":5},{"not_picked":["Consume","Compile Driver"],"picked":"White Noise","floor":6},{"not_picked":["Steam","Beam Cell"],"picked":"Gash","floor":10},{"not_picked":["Steam Power","Sweeping Beam"],"picked":"ReplayTheSpireMod:Calculation Training","floor":12},{"not_picked":["Rebound","Beam Cell"],"picked":"Thunder Strike","floor":13},{"not_picked":["Turbo","Hyperbeam"],"picked":"Cold Snap","floor":14},{"not_picked":["Fission","Thunder Strike"],"picked":"Rainbow","floor":16},{"not_picked":["Gash","BasicCrystalCard"],"picked":"Steam+1","floor":18},{"not_picked":["Stack+1","Turbo"],"picked":"Ball Lightning","floor":22},{"not_picked":["Force Field","BasicCrystalCard","Coolheaded"],"picked":"SKIP","floor":24},{"not_picked":["Cold Snap","Streamline"],"picked":"Redo","floor":25},{"not_picked":["Auto Shields","ReplayTheSpireMod:Calculation Training"],"picked":"Self Repair","floor":27},{"not_picked":["Panic Button","Seek","Scrape"],"picked":"SKIP","floor":30},{"not_picked":["All For One","Amplify"],"picked":"Echo Form","floor":33},{"not_picked":["Sunder","Gash+1","Redo"],"picked":"SKIP","floor":35},{"not_picked":["Streamline","Rebound"],"picked":"BasicCrystalCard+1","floor":38},{"not_picked":["Undo","Compile Driver"],"picked":"Beam Cell+1","floor":39}],"player_experience":374219,"relics_obtained":[{"floor":4,"key":"ReplayTheSpireMod:Ring of Collecting"},{"floor":6,"key":"Grinning Jar"},{"floor":9,"key":"Ring of Shattering"},{"floor":9,"key":"ReplayFunnel"},{"floor":11,"key":"Ring of Panic"},{"floor":11,"key":"reliquary:ExpiredCoupon"},{"floor":12,"key":"reliquary:WeakTea"},{"floor":14,"key":"Solar Panel"},{"floor":24,"key":"Regal Pillow"},{"floor":26,"key":"reliquary:TridentHead"},{"floor":27,"key":"Replay:Bottled Snecko"},{"floor":32,"key":"Nunchaku"}],"event_choices":[{"damage_healed":0,"gold_gain":75,"player_choice":"Gather Gold","damage_taken":11,"max_hp_gain":0,"max_hp_loss":0,"event_name":"World of Goop","floor":3,"gold_loss":0},{"damage_healed":0,"gold_gain":0,"player_choice":"Rummage","damage_taken":0,"relics_obtained":["WarpedTongs"],"max_hp_gain":0,"max_hp_loss":0,"event_name":"Accursed Blacksmith","floor":7,"gold_loss":0,"cards_obtained":["Pain"]},{"damage_healed":0,"gold_gain":0,"player_choice":"Obtained Relic","damage_taken":0,"relics_obtained":["Oddly Smooth Stone"],"max_hp_gain":0,"max_hp_loss":0,"event_name":"Addict","floor":19,"gold_loss":85},{"damage_healed":0,"gold_gain":0,"player_choice":"Ignored","damage_taken":0,"max_hp_gain":0,"max_hp_loss":0,"event_name":"Ghosts","floor":21,"gold_loss":0},{"damage_healed":0,"gold_gain":0,"player_choice":"Trade","damage_taken":0,"relics_obtained":["GremlinMask"],"max_hp_gain":0,"max_hp_loss":0,"event_name":"FaceTrader","floor":29,"gold_loss":0},{"damage_healed":0,"gold_gain":0,"player_choice":"Read","damage_taken":0,"max_hp_gain":0,"max_hp_loss":0,"event_name":"The Library","floor":31,"gold_loss":0,"cards_obtained":["Defragment"]},{"damage_healed":0,"gold_gain":275,"player_choice":"Desecrate","damage_taken":0,"max_hp_gain":0,"max_hp_loss":0,"event_name":"Golden Shrine","floor":36,"gold_loss":0,"cards_obtained":["Regret"]}],"is_beta":false,"boss_relics":[{"not_picked":["Replay:Bronze Core","reliquary:KinkedSpring"],"picked":"FrozenCore"},{"not_picked":["Empty Cage","Busted Crown"],"picked":"reliquary:RedPaperclip"}],"items_purged_floors":[20,37],"is_endless":false,"potions_floor_spawned":[1,2,12,13,24,25,30,39,40],"killed_by":"Nightmare_Alpha","ascension_level":12}}