{"host":"gsscz6k9fq2x5v2h","time":1613139331,"event":{"mods":["100% Spire Juice","AchievementEnabler","BaseMod","Better Note","Better Skull","Better Synergies","Better Third Choice","Better Vampires","Block Reminder","Bossed Relics","Colored Map","Colored Powertips","Dark Map","Friendly Minions","Minty Spire (QoL Compilation)","Permanent Neow","Quick Restart","Reliquary","Replay The Spire","Retaliation","Shop Mod","Spicy Shops","Spikes Relics","StSLib","SuperFastMode","TestMod","??????REMEMod","????"],"gold_per_floor":[109,109,109,128,128,128,153,172,172,172,187,203,216,233,233,233,233,328,328,338,248,4,24,44,44,63,104,104,115,127,4,4,20,20,118,118,129,10,30,30,44,44,106,106,106,122,122,18,18,29,29,29,29,29,29,29,6,40,40],"floor_reached":60,"language":"FRA","playtime":2258,"items_purged":["Strike_B","Strike_B"],"score":1005,"play_id":"4565f6bb-876d-4afe-a283-266aff28c069","local_time":"20210212151531","is_ascension_mode":false,"campfire_choices":[{"data":"Juggernaut","floor":6,"key":"SMITH"},{"floor":25,"key":"RECALL"},{"data":"Echo Form","floor":32,"key":"SMITH"},{"floor":34,"key":"REST"},{"floor":42,"key":"REST"},{"data":"Dualcast","floor":44,"key":"SMITH"},{"data":"Consume","floor":47,"key":"SMITH"},{"data":"Fusion","floor":49,"key":"SMITH"},{"floor":53,"key":"REST"},{"data":"Redo","floor":56,"key":"SMITH"}],"circlet_count":0,"master_deck":["Defend_B","Defend_B","Defend_B","Defend_B","Dualcast+1","Juggernaut+1","Consume+1","Redo+1","ReplayTheSpireMod:Reroute Power+1","Glacier","Stack","Apotheosis+1","Chill+1","Gash","Fusion+1","Sweeping Beam","Echo Form+1","Gash","Melter","Steam","Hologram+1","Panic Button+1","ReplayRNGCard+1","Cold Snap+1","Capacitor","Genetic Algorithm+1","Defragment+1","Gash+1","White Noise+1","BasicCrystalCard+1","Coolheaded+1","Hello World"],"relics":["Cracked Core","testmod-TestBox","REME_ComplimentaryCards","testmod-LifeArmor","testmod-Antiphasic","Smiling Mask","testmod-PortableAltar","Membership Card","MerchantsRug","HyperAlloy","Toxic Egg 2","Anchor","testmod-EnergyCheck","SnailShell","testmod-AssaultLearning","reliquary:JackalopeAntler","Mummified Hand","testmod-Brilliant","Replay:PocketPolymizer"],"acts_visited":["Exordium","TheCity","TheBeyond","TheEnding"],"potions_floor_usage":[12,27,35,43,59],"damage_taken":[{"damage":7,"enemies":"2 Louse","floor":1,"turns":2},{"damage":5,"enemies":"Small Slimes","floor":4,"turns":4},{"damage":17,"enemies":"Replay:BlueRogue","floor":7,"turns":5},{"damage":0,"enemies":"Cultist","floor":8,"turns":3},{"damage":5,"enemies":"Gremlin Gang","floor":11,"turns":3},{"damage":1,"enemies":"Exordium Wildlife","floor":12,"turns":3},{"damage":0,"enemies":"Red Slaver","floor":13,"turns":2},{"damage":0,"enemies":"Looter","floor":14,"turns":3},{"damage":7,"enemies":"The Guardian","floor":18,"turns":6},{"damage":7,"enemies":"Chosen","floor":20,"turns":3},{"damage":8,"enemies":"Spheric Guardian","floor":23,"turns":3},{"damage":15,"enemies":"3 Cultists","floor":24,"turns":5},{"damage":3,"enemies":"Cultist and Chosen","floor":26,"turns":3},{"damage":1,"enemies":"Snake Plant","floor":27,"turns":2},{"damage":11,"enemies":"Sentry and Sphere","floor":29,"turns":4},{"damage":7,"enemies":"Centurion and Healer","floor":30,"turns":2},{"damage":3,"enemies":"Cultist and Chosen","floor":33,"turns":5},{"damage":4,"enemies":"Pondfish","floor":35,"turns":6},{"damage":10,"enemies":"3 Darklings","floor":37,"turns":3},{"damage":13,"enemies":"3 Shapes","floor":39,"turns":9},{"damage":29,"enemies":"Jaw Worm Horde","floor":41,"turns":6},{"damage":9,"enemies":"Nemesis","floor":43,"turns":7},{"damage":0,"enemies":"3 Darklings","floor":46,"turns":5},{"damage":0,"enemies":"4 Shapes","floor":50,"turns":5},{"damage":1,"enemies":"Replay:Hell Engine","floor":54,"turns":9},{"damage":0,"enemies":"Shield and Spear","floor":58,"turns":6},{"damage":10,"enemies":"The Heart","floor":59,"turns":11}],"seed_played":"7939400488690622530","potions_obtained":[{"floor":7,"key":"Block Potion"},{"floor":12,"key":"PotionOfCapacity"},{"floor":14,"key":"EssenceOfSteel"},{"floor":20,"key":"EssenceOfSteel"},{"floor":24,"key":"Block Potion"},{"floor":26,"key":"REME_GoldPotion"},{"floor":35,"key":"BlessingOfTheForge"},{"floor":41,"key":"REME_GoldPotion"},{"floor":50,"key":"Fire Potion"},{"floor":58,"key":"SkillPotion"}],"is_trial":false,"path_per_floor":["M","?","?","M","?","R","E","M","T","?","M","M","M","M","PTL","PTL","R_BF","B",null,"M","?","$","M","M","R","M","M","T","M","M","$","R","M","R","B",null,"M","$","M","?","M","R","E","R","T","M","R","$","R","M","PTL","PTL","R_BF","B",null,"R","$","E","B",null],"character_chosen":"DEFECT","items_purchased":["Membership Card","MerchantsRug","HyperAlloy","Anchor","SnailShell","Capacitor","Mummified Hand","testmod-Brilliant","Coolheaded+1"],"campfire_rested":3,"item_purchase_floors":[22,22,22,31,38,38,48,48,57],"current_hp_per_floor":[68,61,75,70,70,70,53,53,53,53,48,47,47,47,47,47,35,28,89,81,81,81,73,58,58,55,54,54,43,36,36,36,33,55,51,72,61,61,48,48,24,45,36,36,36,36,36,36,36,36,36,36,54,53,58,57,56,55,44],"gold":40,"neow_bonus":"RANDOM_COMMON_RELIC","is_daily":false,"chose_seed":false,"campfire_upgraded":6,"win_rate":0.0,"timestamp":1613139331,"path_taken":["M","?","?","M","?","R","E","M","T","?","M","M","M","M","PTL","PTL","R_BF","BOSS","M","?","$","M","M","R","M","?","T","M","?","$","R","M","R","BOSS","M","$","M","?","M","R","E","R","T","M","R","$","R","?","PTL","PTL","R_BF","BOSS","R","$","E","BOSS"],"items_purchased_type":["Relic","Relic","Relic","Relic","Relic","Card","Relic","Relic","Card"],"build_version":"2020-12-22","purchased_purges":2,"victory":true,"max_hp_per_floor":[75,75,89,89,89,89,89,89,89,89,89,89,89,89,89,89,89,89,89,88,87,86,85,84,83,82,81,80,79,78,77,76,75,74,73,72,71,70,69,68,72,71,70,69,68,67,66,65,64,63,62,61,60,59,58,57,56,55,54],"card_choices":[{"not_picked":["Turbo","Redo"],"picked":"Consume","floor":1},{"not_picked":["Static Discharge","Skim"],"picked":"Redo","floor":4},{"not_picked":["Ball Lightning","Tempest"],"picked":"Glacier","floor":7},{"not_picked":["ReplaySort","Hello World"],"picked":"Stack","floor":8},{"not_picked":["Steam","Streamline"],"picked":"Chill","floor":11},{"not_picked":["Go for the Eyes","Cold Snap"],"picked":"Gash","floor":12},{"not_picked":["Barrage","Hologram"],"picked":"Fusion","floor":13},{"not_picked":["Rebound","Redo"],"picked":"Sweeping Beam","floor":14},{"not_picked":["Amplify","All For One"],"picked":"Echo Form","floor":18},{"not_picked":["Panic Button","Rebound+1"],"picked":"Gash","floor":20},{"not_picked":["Streamline","Beam Cell","ReplayTheSpireMod:Repulse"],"picked":"SKIP","floor":23},{"not_picked":["Aggregate+1","Lockon"],"picked":"Melter","floor":24},{"not_picked":["Aggregate","ReplayGash","Force Field"],"picked":"SKIP","floor":26},{"not_picked":["Compile Driver+1","Stack"],"picked":"Steam","floor":27},{"not_picked":["Beam Cell","Blizzard"],"picked":"Hologram+1","floor":29},{"not_picked":["Barrage+1","Streamline+1"],"picked":"Panic Button+1","floor":30},{"not_picked":["ReplayTheSpireMod:GoodbyeWorld+1","Compile Driver"],"picked":"ReplayRNGCard+1","floor":33},{"not_picked":["Redo+1","FTL+1"],"picked":"Cold Snap+1","floor":37},{"not_picked":["Hologram+1","Panic Button+1"],"picked":"Genetic Algorithm+1","floor":39},{"not_picked":["BasicCrystalCard+1","Redo+1"],"picked":"Defragment+1","floor":41},{"not_picked":["Barrage+1","ReplayTheSpireMod:Omega Cannon"],"picked":"Gash+1","floor":43},{"not_picked":["Compile Driver+1","Cold Snap"],"picked":"White Noise+1","floor":46},{"not_picked":["Cold Snap","Beam Cell"],"picked":"BasicCrystalCard+1","floor":50},{"not_picked":["Sweeping Beam+1","ReplayGash+1"],"picked":"Hello World","floor":58}],"player_experience":1565665,"relics_obtained":[{"floor":7,"key":"testmod-ObsoleteBoomerang"},{"floor":28,"key":"Toxic Egg 2"},{"floor":43,"key":"testmod-AssaultLearning"},{"floor":45,"key":"reliquary:JackalopeAntler"},{"floor":58,"key":"Replay:PocketPolymizer"}],"event_choices":[{"cards_removed":["Strike_B"],"damage_healed":0,"gold_gain":0,"player_choice":"Card Removal","damage_taken":7,"max_hp_gain":0,"max_hp_loss":0,"event_name":"Golden Wing","floor":2,"gold_loss":0},{"damage_healed":53,"gold_gain":0,"player_choice":"Embrace","damage_taken":0,"max_hp_gain":0,"max_hp_loss":89,"event_name":"betterThird:BetterShining","floor":10,"gold_loss":0},{"damage_healed":0,"gold_gain":0,"player_choice":"Relic ","damage_taken":12,"max_hp_gain":0,"max_hp_loss":0,"event_name":"betterThird:BetterScrap","floor":17,"gold_loss":0,"cards_obtained":["Heel Hook"]},{"cards_removed":["Strike_B"],"damage_healed":0,"gold_gain":0,"player_choice":"Upgrade and Remove","damage_taken":0,"max_hp_gain":0,"max_hp_loss":0,"event_name":"Designer","floor":21,"gold_loss":90,"cards_upgraded":["Chill"]},{"cards_removed":["Defend_B"],"damage_healed":0,"gold_gain":0,"player_choice":"Give","damage_taken":0,"max_hp_gain":0,"max_hp_loss":0,"event_name":"betterNote:BetterNote","floor":40,"gold_loss":0,"cards_obtained":["Strike_B"]}],"is_beta":false,"boss_relics":[{"not_picked":["Astrolabe","Sandwich"],"picked":"testmod-PortableAltar"},{"not_picked":["testmod-Fanaticism","AncientExoskeleton"],"picked":"testmod-EnergyCheck"}],"items_purged_floors":[22,31],"is_endless":false,"potions_floor_spawned":[7,12,14,20,24,26,35,41,50,58],"ascension_level":0}}