{"host":"kg61lsvem4dxoat8","time":1613109919,"event":{"mods":["AchievementEnabler","BaseMod","Better Altar","Better Match","Better Sensory Stone","Better Skull","Block Reminder","Highlight Path","Minty Spire (QoL Compilation)","Quick Restart","Rare Cards Sparkle","Relic Sorter","Relic Stats","StSLib","Synergy Search","slay the spire mod where everything is the same but ironclad has a cowboy hat"],"gold_per_floor":[113,133,151,151,8,8,34,34,59,84,84,110,58,74,74,171,171,184,109,38,57,57,57,57],"floor_reached":23,"language":"ENG","playtime":680,"items_purged":["Strike_R"],"score":336,"play_id":"1ed19683-4f99-4295-9712-6a5f97455499","local_time":"20210212140519","is_ascension_mode":true,"campfire_choices":[{"data":"Infernal Blade","floor":6,"key":"SMITH"},{"data":"Feed","floor":8,"key":"SMITH"},{"floor":11,"key":"REST"},{"data":"Uppercut","floor":15,"key":"SMITH"}],"circlet_count":0,"master_deck":["AscendersBane","Strike_R","Strike_R","Defend_R","Defend_R","Defend_R","Bash","Feel No Pain","Feed+1","Uppercut+1","Infernal Blade+1","Rampage","True Grit","Fire Breathing","Offering","Power Through","Demon Form"],"relics":["Burning Blood","Bag of Marbles","Potion Belt","Anchor","Bronze Scales","SacredBark"],"acts_visited":["Exordium","TheCity"],"potions_floor_usage":[10,16,23],"damage_taken":[{"damage":3,"enemies":"Cultist","floor":1,"turns":4},{"damage":4,"enemies":"Small Slimes","floor":2,"turns":4},{"damage":4,"enemies":"Jaw Worm","floor":3,"turns":4},{"damage":25,"enemies":"Gremlin Nob","floor":7,"turns":4},{"damage":28,"enemies":"3 Sentries","floor":10,"turns":10},{"damage":23,"enemies":"Gremlin Nob","floor":12,"turns":4},{"damage":8,"enemies":"3 Louse","floor":14,"turns":3},{"damage":18,"enemies":"The Guardian","floor":16,"turns":12},{"damage":35,"enemies":"Spheric Guardian","floor":18,"turns":4},{"damage":6,"enemies":"Chosen","floor":21,"turns":4},{"damage":54,"enemies":"Slavers","floor":23,"turns":5}],"seed_played":"7544649340296492579","potions_obtained":[{"floor":1,"key":"GamblersBrew"},{"floor":3,"key":"SkillPotion"},{"floor":4,"key":"Dexterity Potion"},{"floor":16,"key":"SmokeBomb"}],"is_trial":false,"path_per_floor":["M","M","M","?","$","R","E","R","T","E","R","E","$","M","R","B",null,"M","?","$","M","?","E"],"character_chosen":"IRONCLAD","items_purchased":["Rampage","PowerPotion","Power Through"],"campfire_rested":1,"item_purchase_floors":[5,13,20],"current_hp_per_floor":[75,78,81,81,81,81,65,65,65,47,73,60,60,62,62,54,89,64,64,64,64,44,0,0],"gold":57,"neow_bonus":"TRANSFORM_TWO_CARDS","is_daily":false,"chose_seed":false,"campfire_upgraded":3,"win_rate":0.0,"timestamp":1613109919,"path_taken":["M","?","?","?","?","R","E","R","T","E","R","E","$","M","R","BOSS","M","?","$","M","?","E"],"items_purchased_type":["Card","Potion","Card"],"build_version":"2020-12-22","purchased_purges":1,"victory":false,"max_hp_per_floor":[75,78,81,81,81,81,84,84,84,88,88,92,92,96,96,100,100,104,104,104,104,104,108,108],"relic_stats":{"counters":[11,58],"Bronze Scales":[93],"obtain_stats":[{"Potion Belt":9,"Anchor":10,"Bronze Scales":12,"SacredBark":17,"Bag of Marbles":7,"Burning Blood":0},{"Potion Belt":4,"Anchor":5,"Bronze Scales":6,"SacredBark":8,"Bag of Marbles":4,"Burning Blood":0},{"Potion Belt":16,"Anchor":26,"Bronze Scales":30,"SacredBark":45,"Bag of Marbles":16,"Burning Blood":0}],"Burning Blood":53},"card_choices":[{"not_picked":["Ghostly Armor","Bloodletting"],"picked":"Uppercut","floor":1},{"not_picked":["Havoc","Evolve","Shockwave"],"picked":"SKIP","floor":2},{"not_picked":["Twin Strike","Flex"],"picked":"Infernal Blade","floor":3},{"not_picked":["Thunderclap","Sentinel"],"picked":"True Grit","floor":7},{"not_picked":["Warcry","Thunderclap"],"picked":"Fire Breathing","floor":10},{"not_picked":["Exhume","Rupture","True Grit"],"picked":"SKIP","floor":12},{"not_picked":["Clothesline","Uppercut","Headbutt"],"picked":"SKIP","floor":14},{"not_picked":["Limit Break","Exhume"],"picked":"Offering","floor":16},{"not_picked":["Hemokinesis+1","Sever Soul","Ghostly Armor"],"picked":"SKIP","floor":18},{"not_picked":["Combust","Anger","Bloodletting"],"picked":"SKIP","floor":21}],"player_experience":1493668,"relics_obtained":[{"floor":7,"key":"Bag of Marbles"},{"floor":9,"key":"Potion Belt"},{"floor":10,"key":"Anchor"},{"floor":12,"key":"Bronze Scales"}],"event_choices":[{"damage_healed":0,"gold_gain":0,"player_choice":"Got Potions","damage_taken":0,"max_hp_gain":0,"max_hp_loss":0,"event_name":"Lab","floor":4,"gold_loss":0},{"cards_removed":["Strike_R"],"damage_healed":0,"gold_gain":0,"player_choice":"Gave Gold","damage_taken":0,"max_hp_gain":0,"max_hp_loss":0,"event_name":"Beggar","floor":19,"gold_loss":75},{"damage_healed":0,"gold_gain":2,"player_choice":"2","damage_taken":0,"max_hp_gain":0,"max_hp_loss":20,"event_name":"betterStone:BetterStone","floor":22,"gold_loss":0}],"is_beta":false,"boss_relics":[{"not_picked":["Tiny House","Black Star"],"picked":"SacredBark"}],"items_purged_floors":[5],"is_endless":false,"potions_floor_spawned":[1,3,7,16],"killed_by":"Slavers","ascension_level":10}}