{"host":"hpdezpg731xgox4e","time":1613097922,"event":{"mods":["2.2 Compatiblity","Aspiration","BaseMod","Downfall","GifTheSpireLib","Minty Spire (QoL Compilation)","Shop Mod","StSLib"],"gold_per_floor":[99,111,131,131,151,151,151,163,163,163,263,282,282,36,56,160,160,160,178,192,252,319,369,396,78,93,106,125,175,175,189,209,306,306,306,326,341,358,199,249,320,320,335,335,385,535,585,238,252,252],"floor_reached":51,"language":"ENG","playtime":4789,"items_purged":["Regret","Injury","champ:Execute","Parasite"],"score":745,"play_id":"022b1de8-5e21-464f-9145-b9b812774bad","local_time":"20210211214522","is_ascension_mode":false,"campfire_choices":[{"data":"champ:Taunt","floor":1,"key":"SMITH"},{"data":"champ:Lariat","floor":6,"key":"SMITH"},{"data":"champ:ShieldThrow","floor":10,"key":"SMITH"},{"data":"champ:FlashCut","floor":13,"key":"SMITH"},{"data":"champ:TripleStrike","floor":18,"key":"SMITH"},{"floor":30,"key":"REST"},{"data":"champ:HoldFirm","floor":35,"key":"SMITH"},{"data":"Worship","floor":42,"key":"SMITH"},{"data":"champ:StrikeOfGenius","floor":44,"key":"SMITH"}],"circlet_count":0,"master_deck":["champ:Strike","champ:Strike","champ:Strike","champ:Strike","champ:Defend","champ:Defend","champ:Defend","champ:Defend","champ:Taunt+1","champ:ShieldThrow","champ:Duel","champ:DefensiveShout","champ:ShieldThrow+1","champ:DefensiveShout","champ:Lariat+1","champ:FlashCut+1","champ:PreciseThrust","champ:EnGarde","champ:ShieldSlam","champ:ShieldThrow+1","champ:BringItOn","champ:TripleStrike+1","champ:DefensiveShout","champ:ShieldWall","champ:StanceDance","champ:ShieldWall","champ:ArenaPreparation","champ:PreciseThrust","champ:TornadoPunch","champ:BringItOn+1","champ:StrikeOfGenius+1","champ:PreciseThrust+1","champ:FocusedDefense+1","champ:HoldFirm+1","ThirdEye+1","champ:PreemptiveStrike","champ:Parry+1","Worship+1","champ:PreciseThrust+1","CurseOfTheBell","CurseOfTheBell","Clumsy","champ:MurderStrike","expansioncontent:AwakenDeath","expansioncontent:PolyBeam","expansioncontent:PolyBeam","FearNoEvil","Mind Blast","Crescendo","champ:EnGarde","champ:RisingSlash","FollowUp"],"relics":["champ:ChampionCrown","champ:DefensiveTrainingManual","downfall:CloakOfManyFaces","CultistMask","FaceOfCleric","NlothsMask","GremlinMask","SsserpentHead","DollysMirror","aspiration:PoetsPen_weak","aspiration:WatcherSkillbook","Shuriken","downfall:ExtraCursedBell","Regal Pillow","Letter Opener","Torii","Chemical X"],"acts_visited":["Exordium","TheCity","TheBeyond"],"potions_floor_usage":[8,12,16,28,33,33,33,33,33,33,36,37,38,39,48,50,50,50],"damage_taken":[{"damage":16,"enemies":"Cultist","floor":2,"turns":4},{"damage":0,"enemies":"Jaw Worm","floor":3,"turns":2},{"damage":10,"enemies":"Small Slimes","floor":5,"turns":2},{"damage":15,"enemies":"Gremlin Gang","floor":8,"turns":3},{"damage":1,"enemies":"downfall:FaceTrader","floor":11,"turns":7},{"damage":2,"enemies":"Large Slime","floor":12,"turns":4},{"damage":3,"enemies":"downfall:FleeingMerchant","floor":14,"turns":4},{"damage":0,"enemies":"Blue Slaver","floor":15,"turns":2},{"damage":24,"enemies":"WA_ARCHETYPE_RETAIN","floor":16,"turns":6},{"damage":10,"enemies":"3 Byrds","floor":19,"turns":4},{"damage":0,"enemies":"Spheric Guardian","floor":20,"turns":2},{"damage":21,"enemies":"Snake Plant","floor":21,"turns":3},{"damage":0,"enemies":"Snecko","floor":22,"turns":3},{"damage":10,"enemies":"downfall:FleeingMerchant","floor":25,"turns":4},{"damage":8,"enemies":"Centurion and Healer","floor":26,"turns":4},{"damage":0,"enemies":"Snake Plant","floor":27,"turns":2},{"damage":26,"enemies":"Shelled Parasite and Fungi","floor":28,"turns":5},{"damage":0,"enemies":"Chosen and Byrds","floor":31,"turns":4},{"damage":0,"enemies":"Snake Plant","floor":32,"turns":3},{"damage":6,"enemies":"IC_MUSHROOM_ARCHETYPE","floor":33,"turns":5},{"damage":12,"enemies":"3 Shapes","floor":36,"turns":4},{"damage":0,"enemies":"3 Darklings","floor":37,"turns":7},{"damage":16,"enemies":"Transient","floor":38,"turns":5},{"damage":5,"enemies":"downfall:FleeingMerchant","floor":39,"turns":4},{"damage":5,"enemies":"Maw","floor":43,"turns":4},{"damage":0,"enemies":"downfall:FleeingMerchant","floor":48,"turns":1},{"damage":13,"enemies":"Sphere and 2 Shapes","floor":49,"turns":4},{"damage":64,"enemies":"SI_POISON_ARCHETYPE","floor":50,"turns":7}],"seed_played":"-3103002648416839952","potions_obtained":[{"floor":2,"key":"champ:CounterPotion"},{"floor":5,"key":"Weak Potion"},{"floor":11,"key":"Explosive Potion"},{"floor":16,"key":"SmokeBomb"},{"floor":20,"key":"EntropicBrew"},{"floor":21,"key":"GamblersBrew"},{"floor":29,"key":"CultistPotion"},{"floor":31,"key":"EntropicBrew"},{"floor":33,"key":"LiquidBronze"},{"floor":36,"key":"champ:TechniquePotion"},{"floor":43,"key":"Fire Potion"}],"is_trial":false,"path_per_floor":["R","M","M","?","M","R","T","M","?","R","?","M","R","$","M","B",null,"R","M","M","M","M","?","T","$","M","M","M","?","R","M","M","B",null,"R","M","M","M","?","?","T","R","M","R","?","?","?","$","M","B",null],"character_chosen":"THE_CHAMP","items_purchased":["DollysMirror","champ:ShieldWall","champ:ArenaPreparation","champ:PreciseThrust","Worship","Chemical X","Strength Potion","SkillPotion","sneckomod:MuddlingPotion","Mind Blast","Crescendo","champ:EnGarde","champ:RisingSlash"],"campfire_rested":1,"item_purchase_floors":[14,25,25,25,39,48,48,48,48,48,48,48,48],"current_hp_per_floor":[90,84,84,84,84,84,84,69,74,74,73,72,72,70,71,58,99,99,100,101,81,82,82,82,83,76,77,52,52,84,85,86,81,110,110,99,100,95,96,96,96,96,97,97,97,97,87,88,81,23],"gold":252,"neow_bonus":"THREE_RARE_CARDS","is_daily":false,"chose_seed":false,"campfire_upgraded":8,"win_rate":0.0,"timestamp":1613097922,"path_taken":["R","?","M","?","?","R","T","M","?","R","?","M","R","$","M","BOSS","R","M","M","?","?","?","T","$","M","M","M","?","R","M","M","BOSS","R","M","M","M","?","?","T","R","M","R","?","?","?","$","M","BOSS"],"items_purchased_type":["Relic","Card","Card","Card","Card","Relic","Potion","Potion","Potion","Card","Card","Card","Card"],"build_version":"2020-12-22","purchased_purges":4,"victory":true,"max_hp_per_floor":[90,90,90,90,90,90,90,90,95,95,95,96,96,97,98,99,99,99,100,101,102,103,103,103,104,105,106,107,107,107,108,109,110,110,110,111,112,113,114,114,114,114,115,115,115,115,115,113,114,115],"card_choices":[{"not_picked":["champ:SteelEdge","champ:LastStand"],"picked":"champ:ShieldThrow","floor":0},{"not_picked":["champ:GutPunch","champ:EndlessRage"],"picked":"champ:Duel","floor":2},{"not_picked":["champ:GutPunch","champ:Shatter"],"picked":"champ:DefensiveShout","floor":3},{"not_picked":["champ:Endure","champ:StanceDance"],"picked":"champ:Lariat","floor":5},{"not_picked":["champ:PreciseThrust","champ:DancingMaster"],"picked":"champ:FlashCut","floor":8},{"not_picked":["champ:FanOfKnives","champ:Haymaker"],"picked":"champ:PreciseThrust","floor":11},{"not_picked":["champ:CrownThrow","champ:FaceSlap"],"picked":"champ:EnGarde","floor":12},{"not_picked":["champ:Lariat","champ:DefensiveShout"],"picked":"champ:ShieldSlam","floor":14},{"not_picked":["champ:IronFortress","champ:FanOfKnives"],"picked":"champ:BringItOn","floor":15},{"not_picked":["champ:Devastate","champ:CheapShot"],"picked":"champ:TripleStrike","floor":16},{"not_picked":["champ:FocusedBerserking","champ:CrownThrow"],"picked":"champ:DefensiveShout","floor":19},{"not_picked":["champ:IronFortress","champ:HeartStrike"],"picked":"champ:EnGarde","floor":20},{"not_picked":["champ:CrownThrow","champ:LastStand"],"picked":"champ:ShieldWall","floor":21},{"not_picked":["champ:Endure","champ:BringItOn","champ:Duel"],"picked":"SKIP","floor":22},{"not_picked":["champ:BladeFlurry","champ:AdrenalArmor"],"picked":"champ:StanceDance","floor":25},{"not_picked":["champ:AdrenalArmor+1","champ:Haymaker"],"picked":"champ:TornadoPunch","floor":26},{"not_picked":["champ:Haymaker","champ:PerfectedStrike"],"picked":"champ:BringItOn+1","floor":27},{"not_picked":["champ:PreciseThrust","champ:BringItOn+1"],"picked":"champ:StrikeOfGenius","floor":28},{"not_picked":["champ:CrownThrow","champ:Backstep"],"picked":"champ:PreciseThrust+1","floor":31},{"not_picked":["champ:PreciseThrust","champ:GutPunch"],"picked":"champ:FocusedDefense+1","floor":32},{"not_picked":["champ:ShieldThrow","champ:Improvising"],"picked":"champ:HoldFirm","floor":33},{"not_picked":["Crescendo","ForeignInfluence","champ:StanceDance+1"],"picked":"ThirdEye+1","floor":36},{"not_picked":["champ:AdrenalArmor+1","PathToVictory","Weave+1"],"picked":"champ:PreemptiveStrike","floor":37},{"not_picked":["champ:FlashCut","EmptyBody+1","champ:BladeFlurry"],"picked":"champ:Parry+1","floor":38},{"not_picked":["FlurryOfBlows+1","champ:FaceSlap+1","Study","champ:Devastate"],"picked":"SKIP","floor":39},{"not_picked":["champ:Shatter","Evaluate+1","CutThroughFate+1"],"picked":"champ:PreciseThrust+1","floor":43},{"not_picked":["expansioncontent:InvincibleStrength","expansioncontent:PrepareCrush"],"picked":"expansioncontent:AwakenDeath","floor":47},{"not_picked":["expansioncontent:AwakenDeath","expansioncontent:HyperBeam"],"picked":"expansioncontent:PolyBeam","floor":47},{"not_picked":["expansioncontent:AwakenDeath","expansioncontent:HyperBeam"],"picked":"expansioncontent:PolyBeam","floor":47},{"not_picked":["WaveOfTheHand+1","champ:CrownThrow+1","champ:PreemptiveStrike"],"picked":"FearNoEvil","floor":48},{"not_picked":["champ:BerserkersShout","JustLucky","SandsOfTime"],"picked":"FollowUp","floor":49}],"player_experience":82649,"relics_obtained":[{"floor":7,"key":"champ:DefensiveTrainingManual"},{"floor":11,"key":"downfall:CloakOfManyFaces"},{"floor":41,"key":"Shuriken"},{"floor":46,"key":"Regal Pillow"},{"floor":46,"key":"Letter Opener"},{"floor":46,"key":"Torii"}],"event_choices":[{"damage_healed":0,"gold_gain":0,"player_choice":"Donut","damage_taken":0,"max_hp_gain":5,"max_hp_loss":0,"event_name":"Big Fish","floor":9,"gold_loss":0},{"cards_removed":["champ:EnGarde"],"damage_healed":0,"gold_gain":0,"player_choice":"Removed Skill","damage_taken":0,"max_hp_gain":0,"max_hp_loss":0,"event_name":"Falling","floor":40,"gold_loss":0}],"is_beta":false,"boss_relics":[{"not_picked":["aspiration:IroncladSkillbook","Philosopher\u0027s Stone"],"picked":"aspiration:PoetsPen_weak"},{"not_picked":["Fusion Hammer","Empty Cage"],"picked":"aspiration:WatcherSkillbook"}],"items_purged_floors":[14,25,39,48],"is_endless":false,"potions_floor_spawned":[2,5,11,16,20,21,31,32,33,36,43,49],"ascension_level":0}}