{"host":"b1odhp4jqi1xas18","time":1613108574,"event":{"mods":["BaseMod","Downfall","Googly Eyes","Minty Spire (QoL Compilation)","StSLib"],"gold_per_floor":[99,115,134,145,59,209,209,209,209,209],"floor_reached":8,"language":"ENG","playtime":474,"items_purged":[],"score":46,"play_id":"241dcf80-ecc1-4e3a-8fe0-6d70b3a8dffb","local_time":"20210212004254","is_ascension_mode":false,"campfire_choices":[{"floor":1,"key":"RECALL"}],"circlet_count":0,"master_deck":["hexamod:Strike","hexamod:Strike","hexamod:Strike","hexamod:Strike","hexamod:Defend","hexamod:Defend","hexamod:Defend","hexamod:Defend","hexamod:Sear","hexamod:Float","hexamod:FastForward","hexamod:GhostflameBarrier","hexamod:InspiringFlames","hexamod:HauntingEcho","hexamod:CatchUp","downfall:Icky"],"relics":["hexamod:SpiritBrand","StoneCalendar"],"acts_visited":["Exordium"],"potions_floor_usage":[],"damage_taken":[{"damage":10,"enemies":"Jaw Worm","floor":2,"turns":4},{"damage":0,"enemies":"Small Slimes","floor":3,"turns":4},{"damage":0,"enemies":"2 Louse","floor":4,"turns":4},{"damage":0,"enemies":"downfall:FleeingMerchant","floor":5,"turns":4},{"damage":79,"enemies":"Gremlin Nob","floor":8,"turns":5}],"seed_played":"-3835931554678010525","potions_obtained":[],"is_trial":false,"path_per_floor":["R","M","M","M","$","?","T","E"],"character_chosen":"THE_SPIRIT","items_purchased":["hexamod:CatchUp"],"campfire_rested":0,"item_purchase_floors":[5],"current_hp_per_floor":[77,67,67,67,67,67,67,0,0,0],"gold":209,"neow_bonus":"TEN_PERCENT_HP_BONUS","is_daily":false,"chose_seed":false,"campfire_upgraded":0,"win_rate":0.0,"timestamp":1613108574,"path_taken":["R","M","M","M","$","?","T","E"],"items_purchased_type":["Card"],"build_version":"2020-12-22","purchased_purges":0,"victory":false,"max_hp_per_floor":[77,77,77,77,77,77,77,77,77,77],"card_choices":[{"not_picked":["hexamod:GhostShield","hexamod:SpectersWail"],"picked":"hexamod:FastForward","floor":2},{"not_picked":["hexamod:EmpoweredFlame","hexamod:BurningTouch"],"picked":"hexamod:GhostflameBarrier","floor":3},{"not_picked":["hexamod:EtherealExpedition","hexamod:BacktrackSmack"],"picked":"hexamod:InspiringFlames","floor":4},{"not_picked":["hexamod:FourthSeal","hexamod:SwordOfDarkness"],"picked":"hexamod:HauntingEcho","floor":5}],"player_experience":107092,"relics_obtained":[{"floor":7,"key":"StoneCalendar"}],"event_choices":[],"is_beta":false,"boss_relics":[],"items_purged_floors":[],"is_endless":false,"potions_floor_spawned":[],"killed_by":"Gremlin Nob","ascension_level":0}}