{"host":"40vzoph344nwp0en","time":1613112977,"event":{"mods":["2.2 Compatiblity","Act Like it!","BaseMod","Bestiary","Challenge The Spire","Colored Map","DeckTracker","Downfall","Friendly Minions","GifTheSpireLib","Hermit","Highlight Path","Infinite Spire","Marisa????????","Minty Spire (QoL Compilation)","Permanent Neow","Relic Sorter","Replay The Spire","Spicy Shops","StSLib","SuperFastMode","The Bug Knight","The Cursed","The Disciple","The Elementalist","The Marked","The Servant 0.9.4","??????REMEMod"],"gold_per_floor":[99,100116,100116,100132,100132,100150,100224,100224,100239,98684,98699,98709,98709,97527,97540,97635,97635,97635,97647,97665,97665,96438,96438,96438,96438,96438,96456,96456,96469,96500,96520,96530,96628,96628,96528,96542,96568,96568,94803,94851,94851,94906,94918,94957,93920,93945,93036,93051,93064,93064],"floor_reached":51,"language":"ENG","playtime":3996,"items_purged":["Decay","champ:Defend","champ:Defend","champ:Defend","champ:Defend+1","champ:Parry","champ:BringItOn+1"],"score":1093,"play_id":"15824e33-156c-4d3e-b77c-61ce29d586db","local_time":"20210211235617","is_ascension_mode":false,"campfire_choices":[{"data":"champ:StanceDance","floor":13,"key":"SMITH"},{"data":"Mayhem","floor":13,"key":"SMITH"},{"data":"champ:Lariat","floor":18,"key":"SMITH"},{"data":"champ:Lariat","floor":18,"key":"SMITH"},{"data":"champ:Taunt","floor":23,"key":"SMITH"},{"data":"champ:Circumvent","floor":23,"key":"SMITH"},{"data":"champ:PreemptiveStrike","floor":26,"key":"SMITH"},{"data":"champ:Backstep","floor":26,"key":"SMITH"},{"floor":35,"key":"RECALL"}],"circlet_count":0,"master_deck":["champ:Strike","champ:Strike+1","champ:Strike","champ:Strike","champ:Execute","champ:Taunt+1","champ:TripleStrike+1","champ:PerfectedStrike+1","champ:StanceDance+1","champ:DefensiveShout+1","champ:PreciseThrust","Finesse","champ:TripleStrike+1","Mayhem+1","champ:Circumvent+1","champ:VampiricStrike","champ:PreemptiveStrike+1","champ:Lariat+1","champ:Lariat+1","champ:Duel","champ:Backstep+1","champ:MurderStrike","Parasite","champ:GladiatorForm+1","Panacea+1","ReplayTheSpireMod:Book of Names","Necronomicurse","champ:ShieldThrow","champ:StrikeOfGenius","champ:SkillfulDodge+1","champ:TripleStrike","champ:TornadoPunch+1","champ:TornadoPunch+1","champ:ShieldWall+1","champ:HoldFirm"],"relics":["champ:ChampionCrown","REME_ComplimentaryCards","champ:LiftRelic","infinitespire:Bottled Soul","TheAbacus","FossilizedHelix","Eternal Feather","Pear","DollysMirror","Replay:Arrowhead","champ:FightingForDummies","Potion Belt","Bottled Lightning","Replay:Bottled Flurry","Toolbox","ReplayTheSpireMod:SealedPack","Necronomicon","Frozen Eye","Strawberry","Replay:Multitool","Replay:Rubber Ducky","Replay:Lucky Slots","Iron Hammer","Guardian:PocketSentry","Fusion Hammer","downfall:HeartBlessingGreen","CaptainsWheel","Unceasing Top","Girya","Replay:WaspNest","Sling","Medical Kit","CatCart","Chameleon Ring","Incense Burner","Kunai","infinitespire:Satchel","Ornamental Fan","Bag of Marbles","HandDrill","War Paint","Guardian:BottledAnomaly","Art of War","Pen Nib","infinitespire:PuzzleCube"],"acts_visited":["Exordium","TheCity","TheBeyond"],"potions_floor_usage":[40,50,50,50],"damage_taken":[{"damage":6,"enemies":"Jaw Worm","floor":2,"turns":3},{"damage":0,"enemies":"Cultist","floor":4,"turns":2},{"damage":1,"enemies":"infinitespire:Voidling","floor":6,"turns":2},{"damage":7,"enemies":"Large Slime","floor":9,"turns":4},{"damage":20,"enemies":"downfall:FleeingMerchant","floor":10,"turns":4},{"damage":0,"enemies":"Exordium Wildlife","floor":11,"turns":3},{"damage":0,"enemies":"Blue Slaver","floor":12,"turns":2},{"damage":0,"enemies":"downfall:FleeingMerchant","floor":14,"turns":4},{"damage":0,"enemies":"2 Fungi Beasts","floor":15,"turns":2},{"damage":0,"enemies":"IC_STATUS_ARCHETYPE","floor":16,"turns":6},{"damage":9,"enemies":"3 Byrds","floor":19,"turns":3},{"damage":0,"enemies":"Shell Parasite","floor":20,"turns":3},{"damage":0,"enemies":"downfall:FleeingMerchant","floor":22,"turns":4},{"damage":0,"enemies":"3 Cultists","floor":27,"turns":3},{"damage":0,"enemies":"Snake Plant","floor":29,"turns":1},{"damage":0,"enemies":"REME_1_Revenger","floor":30,"turns":2},{"damage":0,"enemies":"Cultist and Chosen","floor":31,"turns":2},{"damage":0,"enemies":"Chosen and Byrds","floor":32,"turns":4},{"damage":0,"enemies":"WA_ARCHETYPE_CALM","floor":33,"turns":7},{"damage":0,"enemies":"Orb Walker","floor":36,"turns":2},{"damage":0,"enemies":"3 Darklings","floor":37,"turns":3},{"damage":0,"enemies":"Orin","floor":40,"turns":4},{"damage":0,"enemies":"2 Orb Walkers","floor":42,"turns":4},{"damage":0,"enemies":"Spire Growth","floor":43,"turns":2},{"damage":0,"enemies":"Reptomancer","floor":44,"turns":4},{"damage":0,"enemies":"Maw","floor":46,"turns":3},{"damage":0,"enemies":"Sphere and 2 Shapes","floor":48,"turns":3},{"damage":0,"enemies":"Jaw Worm Horde","floor":49,"turns":2},{"damage":24,"enemies":"SI_POISON_ARCHETYPE","floor":50,"turns":4}],"seed_played":"-2257463115556120755","potions_obtained":[{"floor":6,"key":"Cursed Concoction"},{"floor":9,"key":"Ancient Potion"},{"floor":12,"key":"Guardian:BlockOnCardUsePotion"},{"floor":15,"key":"Dexterity Potion"},{"floor":25,"key":"CultistPotion"},{"floor":42,"key":"SmokeBomb"}],"is_trial":false,"path_per_floor":["R_BF","M","?","M","?","M","T","?","M","$","M","M","R","$","M","B",null,"R","M","M","?","$","R","T","?","R","M","?","M","E","M","M","B",null,"R","M","M","?","$","?","T","?","M","E","$","M","$","M","M","B",null],"character_chosen":"THE_CHAMP","items_purchased":["TheAbacus","FossilizedHelix","Eternal Feather","Pear","champ:PreciseThrust","Finesse","DollysMirror","Replay:Arrowhead","Mayhem","champ:FightingForDummies","Potion Belt","Bottled Lightning","Replay:Bottled Flurry","Toolbox","champ:Lariat","champ:Duel","Frozen Eye","Strawberry","Replay:Multitool","Replay:Rubber Ducky","Replay:Lucky Slots","Regen Potion","champ:ShieldThrow","CultistPotion","bronze:BurnAndBuffPotion","CaptainsWheel","Unceasing Top","Girya","Replay:WaspNest","Sling","Medical Kit","Slimebound:ThreeZeroPotion","infinitespire:Satchel","Ornamental Fan","Bag of Marbles","HandDrill","champ:HoldFirm","War Paint","Guardian:BottledAnomaly","Art of War","Pen Nib","infinitespire:PuzzleCube"],"campfire_rested":0,"item_purchase_floors":[10,10,10,10,10,10,10,10,10,14,14,14,14,14,14,14,22,22,22,22,22,22,22,22,22,39,39,39,39,39,39,39,45,45,45,45,45,47,47,47,47,47],"current_hp_per_floor":[90,84,84,84,84,83,83,83,76,86,96,96,100,100,100,100,100,100,91,91,75,82,100,100,100,107,107,107,107,107,107,107,107,107,107,107,107,107,107,107,107,107,107,107,107,107,107,107,107,90],"gold":93064,"neow_bonus":"THREE_RARE_CARDS","is_daily":false,"chose_seed":false,"campfire_upgraded":8,"win_rate":0.0,"timestamp":1613112977,"path_taken":["R_BF","M","?","M","?","M","T","?","M","$","M","M","R","$","M","BOSS","R","M","M","?","$","R","T","?","R","M","?","M","E","M","M","BOSS","R","M","?","?","$","?","T","?","M","E","$","M","?","M","M","BOSS"],"items_purchased_type":["Relic","Relic","Relic","Relic","Card","Card","Relic","Relic","Card","Relic","Relic","Relic","Relic","Relic","Card","Card","Relic","Relic","Relic","Relic","Relic","Potion","Card","Potion","Potion","Relic","Relic","Relic","Relic","Relic","Relic","Potion","Relic","Relic","Relic","Relic","Card","Relic","Relic","Relic","Relic","Relic"],"build_version":"2020-12-22","purchased_purges":7,"victory":true,"max_hp_per_floor":[90,90,90,90,90,90,90,90,90,100,100,100,100,100,100,100,100,100,100,100,100,107,107,107,107,107,107,107,107,107,107,107,107,107,107,107,107,107,107,107,107,107,107,107,107,107,107,107,107,107],"card_choices":[{"not_picked":["champ:LastStand","champ:IgnorePain"],"picked":"champ:TripleStrike","floor":0},{"not_picked":["champ:CrownThrow","champ:ArenaPreparation"],"picked":"champ:PerfectedStrike","floor":2},{"not_picked":["champ:Encircle","champ:Haymaker","champ:BringItOn"],"picked":"SKIP","floor":4},{"not_picked":["champ:PreciseThrust","champ:TornadoPunch","champ:DefensiveShout"],"picked":"SKIP","floor":6},{"not_picked":["champ:FocusedDefense","champ:BerserkersShout"],"picked":"champ:StanceDance","floor":9},{"not_picked":["champ:Haymaker","champ:Backstep"],"picked":"champ:DefensiveShout","floor":10},{"not_picked":["champ:GutPunch","champ:ArenaPreparation"],"picked":"champ:Circumvent","floor":11},{"not_picked":["champ:FanOfKnives","champ:TornadoPunch"],"picked":"champ:VampiricStrike","floor":12},{"not_picked":["champ:BladeFlurry","champ:SkillfulDodge"],"picked":"champ:PreemptiveStrike","floor":14},{"not_picked":["champ:RapidStrikes","champ:CrookedStrike"],"picked":"champ:Backstep","floor":15},{"not_picked":["champ:DancingMaster","champ:ShieldThrow"],"picked":"champ:MurderStrike","floor":16},{"not_picked":["champ:HeavySlash","champ:CheapShot"],"picked":"champ:GladiatorForm","floor":17},{"not_picked":["Jack Of All Trades","Mind Blast"],"picked":"Panacea","floor":17},{"not_picked":["ReplayTheSpireMod:Black Plague","infinitespire:Menacing"],"picked":"ReplayTheSpireMod:Book of Names","floor":17},{"not_picked":["champ:StanceDance+1","champ:Circumvent+1"],"picked":"champ:Parry","floor":19},{"not_picked":["champ:BladeFlurry","champ:DefensiveShout","champ:HeartStrike"],"picked":"SKIP","floor":20},{"not_picked":["champ:StanceDance","champ:DefensiveShout","champ:Shatter"],"picked":"SKIP","floor":22},{"not_picked":["champ:FocusedDefense","champ:Circumvent+1"],"picked":"champ:StrikeOfGenius","floor":27},{"not_picked":["champ:CrownThrow","champ:TornadoPunch+1"],"picked":"champ:BringItOn+1","floor":29},{"not_picked":["champ:Endure","champ:ShieldSlam+1","champ:HeartStrike+1"],"picked":"SKIP","floor":30},{"not_picked":["champ:TornadoPunch+1","champ:EnGarde"],"picked":"champ:SkillfulDodge+1","floor":31},{"not_picked":["champ:CrownThrow","champ:Shatter+1","champ:Haymaker"],"picked":"SKIP","floor":32},{"not_picked":["champ:SwordThrow","champ:LastStand"],"picked":"champ:TripleStrike","floor":33},{"not_picked":["champ:DeathBlow+1","champ:Encircle+1"],"picked":"champ:TornadoPunch+1","floor":36},{"not_picked":["champ:Shatter","champ:GutPunch","champ:FocusedBerserking"],"picked":"SKIP","floor":37},{"not_picked":["champ:EnragedBash","champ:StanceDance+1"],"picked":"champ:TornadoPunch+1","floor":40},{"not_picked":["champ:SkillfulDodge+1","champ:EnragedBash+1"],"picked":"champ:ShieldWall+1","floor":42},{"not_picked":["champ:Parry","champ:StanceDance","champ:RapidStrikes+1"],"picked":"SKIP","floor":43},{"not_picked":["champ:GutPunch","champ:HeartStrike+1","champ:RisingSlash"],"picked":"SKIP","floor":44},{"not_picked":["champ:HeartStrike","champ:FancyFootwork","champ:BladeFlurry"],"picked":"SKIP","floor":46},{"not_picked":["champ:DeathBlow","champ:RapidStrikes","champ:DefensiveShout"],"picked":"SKIP","floor":48},{"not_picked":["champ:Haymaker+1","champ:FancyFootwork+1","champ:SetATrap+1"],"picked":"SKIP","floor":49}],"player_experience":635772,"relics_obtained":[{"floor":7,"key":"infinitespire:Bottled Soul"},{"floor":21,"key":"Necronomicon"},{"floor":24,"key":"Iron Hammer"},{"floor":30,"key":"Guardian:PocketSentry"},{"floor":40,"key":"CatCart"},{"floor":41,"key":"Chameleon Ring"},{"floor":42,"key":"Incense Burner"},{"floor":44,"key":"Kunai"}],"event_choices":[{"cards_removed":["downfall:Malfunctioning"],"damage_healed":0,"gold_gain":0,"player_choice":"Card Removal","damage_taken":0,"max_hp_gain":0,"max_hp_loss":0,"event_name":"Wheel of Change","floor":8,"gold_loss":0},{"damage_healed":0,"gold_gain":0,"player_choice":"Forge","damage_taken":0,"max_hp_gain":0,"max_hp_loss":0,"event_name":"Accursed Blacksmith","floor":28,"gold_loss":0,"cards_upgraded":["champ:GladiatorForm"]},{"damage_healed":0,"gold_gain":0,"player_choice":"Fight","damage_taken":0,"max_hp_gain":0,"max_hp_loss":0,"event_name":"OrinTheCat","floor":40,"gold_loss":0},{"damage_healed":0,"gold_gain":0,"player_choice":"Fight","damage_taken":0,"max_hp_gain":0,"max_hp_loss":0,"event_name":"Mysterious Sphere","floor":42,"gold_loss":0}],"is_beta":false,"boss_relics":[{"not_picked":["REME_DuelDisc","Runic Pyramid"],"picked":"ReplayTheSpireMod:SealedPack"},{"not_picked":["Velvet Choker","Snecko Eye"],"picked":"Fusion Hammer"}],"items_purged_floors":[10,14,22,22,39,45,47],"is_endless":false,"potions_floor_spawned":[6,9,11,12,15,27,29,30,33,37,42,43,49],"ascension_level":0}}