{"host":"re327vnqwpdy5ott","time":1613166116,"event":{"mods":["BaseMod","Conspire","Downfall","Hermit","Hubris","Infinite Spire","Marisa????????","Minty Spire (QoL Compilation)","Replay The Spire","StSLib"],"gold_per_floor":[117,117,133,143,143,170,182,182,182,182,196,213,247,268,268,376,376,392,405,585,264,279,279,297,297,297,312,317,317],"floor_reached":28,"language":"ENG","playtime":1603,"items_purged":[],"score":234,"play_id":"11b2e371-300c-4013-b6a8-5927d03111e1","local_time":"20210212134156","is_ascension_mode":false,"campfire_choices":[{"floor":8,"key":"REST"},{"data":"hermit:CursedWeapon","floor":10,"key":"SMITH"},{"floor":15,"key":"REST"}],"circlet_count":0,"master_deck":["hermit:Strike_Hermit","hermit:Strike_Hermit","hermit:Strike_Hermit","hermit:Defend_Hermit","hermit:Defend_Hermit","hermit:Defend_Hermit","hermit:Snapshot","hermit:Covet","hermit:CursedWeapon+1","hermit:Dive","hermit:Quickdraw","hermit:BodyArmor","hermit:Scavenge","hermit:RoundhouseKick+1","hermit:WideOpen","hermit:Brawl","hermit:RoundhouseKick","hermit:Showdown+1","hermit:Feint+1","hermit:FullyLoaded","hermit:TakeAim","hermit:HighCaliber","Crow Ritual","hermit:GhostlyPresence+1"],"relics":["hermit:Momento","NeowsBlessing","hubris:CuriousFeather","hubris:DeckOfHolding","Replay:Multitool","Replay:Grab Bag","Velvet Choker","Replay:Bronze Core","Empty Cage","hubris:Towel","hubris:BottledRain"],"acts_visited":["Exordium","TheCity"],"potions_floor_usage":[16,16,27],"damage_taken":[{"damage":0,"enemies":"Jaw Worm","floor":1,"turns":1},{"damage":0,"enemies":"Cultist","floor":3,"turns":1},{"damage":2,"enemies":"2 Louse","floor":4,"turns":1},{"damage":52,"enemies":"Gremlin Nob","floor":6,"turns":6},{"damage":6,"enemies":"Gremlin Gang","floor":7,"turns":4},{"damage":4,"enemies":"3 Louse","floor":11,"turns":5},{"damage":2,"enemies":"Looter","floor":12,"turns":3},{"damage":6,"enemies":"Lagavulin","floor":13,"turns":9},{"damage":5,"enemies":"2 Fungi Beasts","floor":14,"turns":3},{"damage":27,"enemies":"The Guardian","floor":16,"turns":13},{"damage":7,"enemies":"3 Byrds","floor":18,"turns":5},{"damage":8,"enemies":"Chosen","floor":19,"turns":3},{"damage":27,"enemies":"Shelled Parasite and Fungi","floor":22,"turns":6},{"damage":31,"enemies":"Snecko","floor":24,"turns":6},{"damage":2,"enemies":"Snake Plant","floor":27,"turns":2},{"damage":5,"enemies":"conspire:HollyBat","floor":28,"turns":3}],"seed_played":"4653376089930933186","potions_obtained":[{"floor":1,"key":"AttackPotion"},{"floor":7,"key":"Milkshake"},{"floor":12,"key":"Weak Potion"},{"floor":13,"key":"GamblersBrew"},{"floor":18,"key":"Strength Potion"},{"floor":24,"key":"hermit:Eclipse"}],"is_trial":false,"path_per_floor":["M","?","M","M","?","E","M","R","T","R","M","M","E","M","R","B",null,"M","M","?","$","M","R","M","?","T","M","M"],"character_chosen":"HERMIT","items_purchased":["hermit:FullyLoaded","hermit:TakeAim","hermit:HighCaliber","Crow Ritual"],"campfire_rested":2,"item_purchase_floors":[21,21,21,21],"current_hp_per_floor":[75,75,75,73,73,21,15,37,37,37,33,31,25,20,42,15,75,68,60,41,41,14,36,5,5,5,3,0,0],"gold":317,"neow_bonus":"THREE_ENEMY_KILL","is_daily":false,"chose_seed":false,"campfire_upgraded":1,"win_rate":0.0,"timestamp":1613166116,"path_taken":["M","?","M","?","?","E","M","R","T","R","M","M","E","M","R","BOSS","M","?","?","$","M","R","?","?","T","M","M"],"items_purchased_type":["Card","Card","Card","Card"],"build_version":"2020-12-22","purchased_purges":0,"victory":false,"max_hp_per_floor":[75,75,75,75,75,75,75,75,75,75,75,75,75,75,75,75,75,75,75,75,75,75,75,75,75,75,75,75,75],"card_choices":[{"not_picked":["hermit:Midnight","hermit:LowProfile"],"picked":"hermit:Headshot","floor":1},{"not_picked":["hermit:Ricochet","hermit:Headshot"],"picked":"hermit:CursedWeapon","floor":3},{"not_picked":["hermit:CalledShot","hermit:NoHoldsBarred"],"picked":"hermit:Dive","floor":4},{"not_picked":["hermit:Ricochet","hermit:Misfire"],"picked":"hermit:Quickdraw","floor":6},{"not_picked":["hermit:CalledShot","hermit:ItchyTrigger"],"picked":"hermit:BodyArmor","floor":7},{"not_picked":["hermit:TrackingShot","hermit:Coalescence"],"picked":"hermit:Scavenge","floor":11},{"not_picked":["hermit:Feint","hermit:Vantage"],"picked":"hermit:RoundhouseKick","floor":12},{"not_picked":["hermit:Manifest","hermit:Desperado"],"picked":"hermit:WideOpen","floor":13},{"not_picked":["hermit:Manifest","hermit:Midnight"],"picked":"hermit:Brawl","floor":14},{"not_picked":["hermit:FromBeyond","hermit:OverwhelmingPower"],"picked":"hermit:RoundhouseKick","floor":16},{"not_picked":["hermit:Cheat","hermit:Ricochet"],"picked":"hermit:Showdown+1","floor":18},{"not_picked":["hermit:BodyArmor","hermit:Desperado"],"picked":"hermit:Feint+1","floor":19},{"not_picked":["hermit:BodyArmor+1","hermit:Enervate+1","hermit:Grudge"],"picked":"SKIP","floor":22},{"not_picked":["hermit:Determination+1","hermit:DeadMansHand","hermit:NoHoldsBarred+1"],"picked":"SKIP","floor":24},{"not_picked":["hermit:Showdown+1","hermit:SprayPray"],"picked":"hermit:GhostlyPresence+1","floor":27}],"player_experience":278857,"relics_obtained":[{"floor":6,"key":"hubris:DeckOfHolding"},{"floor":13,"key":"Replay:Multitool"},{"floor":26,"key":"hubris:BottledRain"}],"event_choices":[{"cards_removed":["hermit:Headshot"],"damage_healed":5,"gold_gain":0,"player_choice":"Offered Common","damage_taken":0,"max_hp_gain":0,"max_hp_loss":0,"event_name":"Bonfire Elementals","floor":2,"gold_loss":0},{"cards_removed":["hermit:Headshot"],"damage_healed":5,"gold_gain":0,"player_choice":"Offered Special","damage_taken":0,"max_hp_gain":0,"max_hp_loss":0,"event_name":"Bonfire Elementals","floor":2,"gold_loss":0},{"damage_healed":0,"gold_gain":0,"player_choice":"Gave Potion","damage_taken":0,"relics_obtained":["hubris:CuriousFeather"],"max_hp_gain":0,"max_hp_loss":0,"event_name":"WeMeetAgain","floor":5,"gold_loss":0},{"damage_healed":0,"gold_gain":180,"player_choice":"GOLD GOLD ","damage_taken":19,"max_hp_gain":0,"max_hp_loss":0,"event_name":"Knowing Skull","floor":20,"potions_obtained":[],"gold_loss":0,"cards_obtained":[]}],"is_beta":false,"boss_relics":[{"not_picked":["hubris:BlackHole","Busted Crown"],"picked":"Replay:Grab Bag"},{"not_picked":["ReplayTheSpireMod:Onyx Gauntlets","hubris:GrandSneckoEye"],"picked":"Velvet Choker"},{"not_picked":["Cursed Key","hubris:TerracottaHorce"],"picked":"Replay:Bronze Core"},{"not_picked":["Replay:Drink Me","hubris:ScarierMask"],"picked":"Empty Cage"}],"items_purged_floors":[],"is_endless":false,"potions_floor_spawned":[1,7,12,13,18,24],"killed_by":"conspire:HollyBat","ascension_level":0}}