{"host":"cykg0g4pphyxjwkn","time":1613098001,"event":{"mods":["AchievementEnabler","BaseMod","Bestiary","Colored Map","Colored Powertips","Highlight Path","Minty Spire (QoL Compilation)","Relic Stats","SuperFastMode"],"gold_per_floor":[119,137,107,127,127,127,140,140,219,219,209,223,223,241,241,337,337,348,366,221,236,236,236],"floor_reached":22,"language":"ENG","playtime":686,"items_purged":["Strike_B"],"score":180,"play_id":"9ede82f4-f0b3-46ef-967c-f8abdd598b6c","local_time":"20210211214641","is_ascension_mode":false,"campfire_choices":[{"data":"Defragment","floor":6,"key":"SMITH"},{"data":"Redo","floor":8,"key":"SMITH"},{"data":"Defend_B","floor":10,"key":"SMITH"},{"floor":15,"key":"REST"}],"circlet_count":0,"master_deck":["Strike_B","Strike_B","Strike_B","Defend_B","Defend_B","Defend_B","Defend_B+1","Zap","Dualcast","Redo+1","Defragment+1","Storm","Hello World","Darkness","Glacier","Creative AI","Conserve Battery+1","Defragment"],"relics":["Cracked Core","Du-Vu Doll","Meat on the Bone","Cursed Key"],"acts_visited":["Exordium","TheCity"],"potions_floor_usage":[],"damage_taken":[{"damage":8,"enemies":"Jaw Worm","floor":1,"turns":4},{"damage":12,"enemies":"2 Louse","floor":2,"turns":3},{"damage":0,"enemies":"Small Slimes","floor":4,"turns":2},{"damage":11,"enemies":"Red Slaver","floor":7,"turns":3},{"damage":9,"enemies":"Exordium Thugs","floor":11,"turns":5},{"damage":0,"enemies":"Large Slime","floor":12,"turns":5},{"damage":29,"enemies":"Gremlin Gang","floor":14,"turns":4},{"damage":23,"enemies":"Slime Boss","floor":16,"turns":8},{"damage":9,"enemies":"Spheric Guardian","floor":18,"turns":5},{"damage":12,"enemies":"2 Thieves","floor":19,"turns":4},{"damage":29,"enemies":"Snake Plant","floor":21,"turns":5},{"damage":41,"enemies":"3 Cultists","floor":22,"turns":4}],"seed_played":"2669747767657429372","potions_obtained":[{"floor":4,"key":"LiquidMemories"},{"floor":7,"key":"CultistPotion"},{"floor":12,"key":"Ancient Potion"}],"is_trial":false,"path_per_floor":["M","M","?","M","?","R","M","R","T","R","M","M","?","M","R","B",null,"M","M","$","M","M"],"character_chosen":"DEFECT","items_purchased":["Defragment"],"campfire_rested":1,"item_purchase_floors":[20],"current_hp_per_floor":[60,48,48,48,36,36,25,25,25,25,28,40,40,23,43,32,68,59,47,47,30,0,0],"gold":236,"neow_bonus":"ONE_RARE_RELIC","is_daily":false,"chose_seed":false,"campfire_upgraded":3,"win_rate":0.0,"timestamp":1613098001,"path_taken":["M","M","?","M","?","R","M","R","T","R","M","M","?","M","R","BOSS","M","M","$","M","M"],"items_purchased_type":["Card"],"build_version":"2020-12-22","purchased_purges":1,"victory":false,"max_hp_per_floor":[68,68,68,68,68,68,68,68,68,68,68,68,68,68,68,68,68,68,68,68,68,68,68],"relic_stats":{"counters":[12,52],"Cursed Key":0,"obtain_stats":[{"Du-Vu Doll":0,"Cracked Core":0,"Cursed Key":17,"Meat on the Bone":9},{"Du-Vu Doll":0,"Cracked Core":0,"Cursed Key":8,"Meat on the Bone":4},{"Du-Vu Doll":0,"Cracked Core":0,"Cursed Key":34,"Meat on the Bone":12}],"Meat on the Bone":60},"card_choices":[{"not_picked":["Beam Cell","Gash","Barrage"],"picked":"SKIP","floor":1},{"not_picked":["Double Energy","Barrage"],"picked":"Redo","floor":2},{"not_picked":["Melter","Go for the Eyes"],"picked":"Defragment","floor":4},{"not_picked":["Reprogram","Gash"],"picked":"Storm","floor":7},{"not_picked":["Double Energy","Beam Cell"],"picked":"Hello World","floor":11},{"not_picked":["Gash","Melter"],"picked":"Darkness","floor":12},{"not_picked":["Turbo","Streamline"],"picked":"Glacier","floor":14},{"not_picked":["Buffer","All For One"],"picked":"Creative AI","floor":16},{"not_picked":["Redo","Blizzard","Stack"],"picked":"SKIP","floor":18},{"not_picked":["Cold Snap","Aggregate"],"picked":"Conserve Battery+1","floor":19},{"not_picked":["Skim","Rebound+1","Storm+1"],"picked":"SKIP","floor":21}],"player_experience":42254,"relics_obtained":[{"floor":9,"key":"Meat on the Bone"}],"event_choices":[{"damage_healed":0,"gold_gain":0,"player_choice":"Left Gold","damage_taken":0,"max_hp_gain":0,"max_hp_loss":0,"event_name":"World of Goop","floor":3,"gold_loss":30},{"damage_healed":0,"gold_gain":0,"player_choice":"Fled","damage_taken":12,"max_hp_gain":0,"max_hp_loss":0,"event_name":"Scrap Ooze","floor":5,"gold_loss":0},{"damage_healed":0,"gold_gain":0,"player_choice":"Ignored","damage_taken":0,"max_hp_gain":0,"max_hp_loss":0,"event_name":"Golden Idol","floor":13,"gold_loss":0}],"is_beta":false,"boss_relics":[{"not_picked":["SlaversCollar","SacredBark"],"picked":"Cursed Key"}],"items_purged_floors":[20],"is_endless":false,"potions_floor_spawned":[4,7,12,18,19],"killed_by":"3 Cultists","ascension_level":0}}