{"host":"toh0bbw446wnuexf","time":1613174162,"event":{"mods":["BaseMod","Downfall","Hermit","Minty Spire (QoL Compilation)","Random Character Button","StSLib"],"gold_per_floor":[99,113,129,140,140,140,163,73,93,193,193,209,209,309,322,417,417,417,437,447,32,32,32,56,56,74,86,97,97,97,125,137,137,137,137],"floor_reached":33,"language":"ENG","playtime":2201,"items_purged":["bronze:ForceShield"],"score":285,"play_id":"9de6c339-90b8-4b22-a322-e9484ebe1c69","local_time":"20210213125602","is_ascension_mode":true,"campfire_choices":[{"data":"bronze:Replicate","floor":1,"key":"SMITH"},{"data":"bronze:Frontload","floor":6,"key":"SMITH"},{"data":"bronze:Strike","floor":11,"key":"SMITH"},{"floor":13,"key":"REST"},{"data":"bronze:HyperBeam","floor":18,"key":"SMITH"},{"floor":23,"key":"REST"},{"floor":30,"key":"REST"}],"circlet_count":0,"master_deck":["bronze:Strike+1","bronze:Strike","bronze:Strike","bronze:Defend","bronze:Defend","bronze:Defend","bronze:Defend","bronze:Replicate+1","bronze:Boost+1","bronze:Frontload+1","bronze:HyperBeam+1","bronze:HyperBeam+1"],"relics":["bronze:BronzeCore","bronze:ProtectiveGoggles","Potion Belt","Sozu","DollysMirror","Matryoshka","Art of War","Orichalcum","Peace Pipe"],"acts_visited":["Exordium","TheCity"],"potions_floor_usage":[16],"damage_taken":[{"damage":0,"enemies":"Jaw Worm","floor":2,"turns":4},{"damage":0,"enemies":"Cultist","floor":3,"turns":3},{"damage":1,"enemies":"2 Louse","floor":4,"turns":4},{"damage":0,"enemies":"downfall:FleeingMerchant","floor":8,"turns":4},{"damage":1,"enemies":"Red Slaver","floor":9,"turns":4},{"damage":0,"enemies":"Exordium Wildlife","floor":12,"turns":7},{"damage":17,"enemies":"downfall:LadyInBlue","floor":14,"turns":12},{"damage":0,"enemies":"Exordium Thugs","floor":15,"turns":5},{"damage":1,"enemies":"SI_SHIV_ARCHETYPE","floor":16,"turns":10},{"damage":5,"enemies":"Spheric Guardian","floor":19,"turns":5},{"damage":11,"enemies":"Shelled Parasite and Fungi","floor":20,"turns":6},{"damage":0,"enemies":"downfall:FleeingMerchant","floor":21,"turns":4},{"damage":22,"enemies":"Snake Plant","floor":26,"turns":5},{"damage":3,"enemies":"Cultist and Chosen","floor":27,"turns":5},{"damage":18,"enemies":"Shelled Parasite and Fungi","floor":28,"turns":5},{"damage":38,"enemies":"Slavers","floor":31,"turns":4},{"damage":0,"enemies":"Centurion and Healer","floor":32,"turns":4},{"damage":25,"enemies":"DF_ARCHETYPE_CLAW","floor":33,"turns":6}],"seed_played":"1638596773750597222","potions_obtained":[{"floor":2,"key":"SteroidPotion"},{"floor":4,"key":"Weak Potion"},{"floor":9,"key":"bronze:FreeFunctionsPotion"},{"floor":12,"key":"bronze:FreeFunctionsPotion"},{"floor":14,"key":"FairyPotion"},{"floor":14,"key":"bronze:CleanCodePotion"},{"floor":14,"key":"champ:CounterPotion"}],"is_trial":false,"path_per_floor":["R","M","M","M","?","R","T","$","M","?","R","M","R","?","M","B",null,"R","M","M","$","?","R","T","?","M","M","M","?","R","E","M","B"],"character_chosen":"THE_AUTOMATON","items_purchased":["DollysMirror","Matryoshka"],"campfire_rested":3,"item_purchase_floors":[21,21],"current_hp_per_floor":[63,63,63,62,62,62,62,62,61,61,61,61,63,46,46,45,63,63,58,47,47,47,63,63,63,41,38,20,20,38,18,18,0,0,0],"gold":137,"neow_bonus":"REMOVE_TWO","is_daily":false,"chose_seed":false,"campfire_upgraded":4,"win_rate":0.0,"timestamp":1613174162,"path_taken":["R","M","M","M","?","R","T","$","?","?","R","?","R","?","M","BOSS","R","M","M","$","?","R","T","?","M","M","M","?","R","E","M","BOSS"],"items_purchased_type":["Relic","Relic"],"build_version":"2020-12-22","purchased_purges":1,"victory":false,"max_hp_per_floor":[63,63,63,63,63,63,63,63,63,63,63,63,63,63,63,63,63,63,63,63,63,63,63,63,63,63,63,63,63,63,63,63,63,63,63],"card_choices":[{"not_picked":["bronze:BugBarrage","bronze:Optimize"],"picked":"bronze:Boost","floor":2},{"not_picked":["bronze:DelayedGuard","bronze:ClassDefault"],"picked":"bronze:ForceShield","floor":3},{"not_picked":["bronze:Overheat","bronze:DelayedGuard"],"picked":"bronze:Frontload","floor":4},{"not_picked":["bronze:ThunderWave","bronze:Return","bronze:WildBeam"],"picked":"SKIP","floor":8},{"not_picked":["bronze:CloningBeam","bronze:DelayedSlice","bronze:Branch"],"picked":"SKIP","floor":9},{"not_picked":["bronze:Frontload","bronze:BitShift","bronze:Allocate"],"picked":"SKIP","floor":12},{"not_picked":["bronze:Turbo","bronze:ChildClass","bronze:Safeguard"],"picked":"SKIP","floor":15},{"not_picked":["bronze:ThunderWave","bronze:RecursiveStrike"],"picked":"bronze:HyperBeam","floor":16},{"not_picked":["bronze:DarkDash","bronze:ItsAFeature","bronze:BitShift+1"],"picked":"SKIP","floor":19},{"not_picked":["bronze:DarkDash","bronze:Repulsor+1","bronze:Shield"],"picked":"SKIP","floor":20},{"not_picked":["bronze:Branch","bronze:Turbo","bronze:Iterate"],"picked":"SKIP","floor":21},{"not_picked":["bronze:Backtrace","bronze:DelayedSlice","bronze:BuggyMess"],"picked":"SKIP","floor":26},{"not_picked":["bronze:WildBeam","bronze:BitShift","bronze:WhirlingStrike"],"picked":"SKIP","floor":27},{"not_picked":["bronze:WhirlingStrike","bronze:DelayedSlice","bronze:Constructor+1"],"picked":"SKIP","floor":28},{"not_picked":["bronze:BuggyMess","bronze:RecursiveStrike","bronze:Flail+1"],"picked":"SKIP","floor":31},{"not_picked":["bronze:DelayedGuard+1","bronze:CutThrough","bronze:DelayedSlice"],"picked":"SKIP","floor":32}],"player_experience":689503,"relics_obtained":[{"floor":7,"key":"bronze:ProtectiveGoggles"},{"floor":14,"key":"Potion Belt"},{"floor":24,"key":"Art of War"},{"floor":24,"key":"Orichalcum"},{"floor":31,"key":"Peace Pipe"}],"event_choices":[],"is_beta":false,"boss_relics":[{"not_picked":["Astrolabe","bronze:PlatinumCore"],"picked":"Sozu"}],"items_purged_floors":[8],"is_endless":false,"potions_floor_spawned":[2,4,9,12,19,27],"killed_by":"DF_ARCHETYPE_CLAW","ascension_level":2}}