{"host":"6affnl2vk6en9o4b","time":1613161888,"event":{"mods":["AchievementEnabler","Aspiration","BaseMod","BetterRewards","Colored Powertips","Conspire","Downfall","Friendly Minions","Googly Eyes","Highlight Path","Hubris","Infinite Spire","Minty Spire (QoL Compilation)","Quick Restart","Replay The Spire","StSLib","Unceasing Turn Reminder"],"gold_per_floor":[99,110,123,123,140,169,169,186,186,246,46,46,46,46,66,165,165,165,181,193,193,213,233,256,256,156,174,192,222,242,76,93,194,194,194,204,218,218,236,236,259,259,259,259],"floor_reached":42,"language":"ENG","playtime":2222,"items_purged":["downfall:Haunted"],"score":472,"play_id":"e9f6adc0-a7a3-4502-bc4a-3e5219dc670f","local_time":"20210212203128","is_ascension_mode":false,"campfire_choices":[{"floor":1.0,"key":"RECALL"},{"data":"champ:StrikeOfGenius","floor":11.0,"key":"SMITH"},{"data":"Heavy Blade","floor":13.0,"key":"SMITH"},{"data":"champ:SkillfulDodge","floor":18.0,"key":"SMITH"},{"data":"champ:Taunt","floor":26,"key":"SMITH"},{"floor":35,"key":"DIG"}],"circlet_count":0,"master_deck":["infinitespire:Starlight","champ:Defend","champ:Defend","champ:Defend+1","champ:Defend","champ:Execute","champ:Taunt+1","champ:StrikeOfGenius+1","champ:Backstep","champ:Parry","Heavy Blade+1","champ:SkillfulDodge+1","champ:Endure","Blood for Blood","Regret","champ:PreciseThrust","champ:Devastate","champ:EnragedBash+1","champ:BringItOn","Bite","Bite","Bite","Bite","Bite","champ:FaceSlap","champ:CrownThrow","champ:PerfectedStrike","Life Link+1","champ:FlashCut","Bloodletting+1","champ:UltimateStance","Feed","champ:StanceDance","champ:IronFortress+1","champ:Shatter+1","Pain"],"relics":["m_IronCrown","hubris:SphereOfDissonance","ReplayTheSpireMod:CursedCoin","downfall:HeartBlessingRed","downfall:HeartBlessingGreen","infinitespire:Beetle Shell","hubris:RunicObelisk","downfall:HeartBlessingBlue","Letter Opener","HandDrill","ChewingGum","Blood Vial","Garlic","WarpedTongs","Boot"],"acts_visited":["Exordium","TheCity","TheBeyond"],"potions_floor_usage":[29,29,33,36,42],"damage_taken":[{"damage":9.0,"enemies":"Jaw Worm","floor":2.0,"turns":5.0},{"damage":10.0,"enemies":"2 Louse","floor":3.0,"turns":4.0},{"damage":5.0,"enemies":"Small Slimes","floor":5.0,"turns":4.0},{"damage":66.0,"enemies":"Lagavulin","floor":6.0,"turns":8.0},{"damage":17.0,"enemies":"3 Louse","floor":8.0,"turns":4.0},{"damage":14.0,"enemies":"downfall:FleeingMerchant","floor":10.0,"turns":4.0},{"damage":13.0,"enemies":"Large Slime","floor":15.0,"turns":7.0},{"damage":32.0,"enemies":"IC_STATUS_ARCHETYPE","floor":16.0,"turns":9.0},{"damage":3.0,"enemies":"Chosen","floor":19.0,"turns":5.0},{"damage":47.0,"enemies":"3 Byrds","floor":20.0,"turns":6.0},{"damage":19.0,"enemies":"Snake Plant","floor":22.0,"turns":3.0},{"damage":12,"enemies":"Snecko","floor":23,"turns":3},{"damage":50,"enemies":"3 Cultists","floor":27,"turns":7},{"damage":26,"enemies":"Shelled Parasite and Fungi","floor":28,"turns":5},{"damage":62,"enemies":"Nightmare","floor":29,"turns":8},{"damage":0,"enemies":"Snecko","floor":30,"turns":2},{"damage":10,"enemies":"downfall:FleeingMerchant","floor":31,"turns":4},{"damage":15,"enemies":"Chosen and Byrds","floor":32,"turns":4},{"damage":50,"enemies":"WA_ARCHETYPE_CALM","floor":33,"turns":5},{"damage":18,"enemies":"Orb Walker","floor":36,"turns":3},{"damage":53,"enemies":"3 Darklings","floor":37,"turns":4},{"damage":39,"enemies":"Spire Growth","floor":39,"turns":5},{"damage":52,"enemies":"Maw","floor":42,"turns":4}],"seed_played":"-6843200341829662645","potions_obtained":[{"floor":5.0,"key":"champ:OpenerPotion"},{"floor":8.0,"key":"Venom Potion"},{"floor":19.0,"key":"Elixir"},{"floor":20.0,"key":"SneckoOil"},{"floor":29,"key":"champ:TechniquePotion"},{"floor":33,"key":"Weak Potion"},{"floor":36,"key":"SpeedPotion"},{"floor":37,"key":"sneckomod:MuddlingPotion"}],"is_trial":false,"path_per_floor":["R","M","M","?","M","E","T","M","?","$","R","?","R","?","M","B",null,"R","M","M","?","M","M","T","?","R","M","M","NM","M","$","M","B",null,"R","M","M","?","M","?","T","M"],"character_chosen":"THE_CHAMP","items_purchased":["ReplayTheSpireMod:CursedCoin","HandDrill"],"campfire_rested":0,"item_purchase_floors":[10,31],"current_hp_per_floor":[81,81,81,81,81,56,56,55,55,67,67,67,67,67,70,54,81,81,81,50,50,46,50,50,50,60,44,37,22,30,50,47,61,66,66,62,30,30,32,32,32,0,0,0],"gold":259,"neow_bonus":"THREE_RARE_CARDS","is_daily":false,"chose_seed":false,"campfire_upgraded":4,"win_rate":0.0,"timestamp":1613161888,"path_taken":["R","M","M","?","M","E","T","M","?","$","R","?","R","?","M","BOSS","R","M","M","?","M","M","T","?","R","M","M","NM","M","?","M","BOSS","R","M","M","?","M","?","T","M"],"items_purchased_type":["Relic","Relic"],"build_version":"2020-12-22","purchased_purges":1,"victory":false,"max_hp_per_floor":[81,81,81,81,81,81,81,81,81,81,81,81,81,81,81,81,81,81,81,81,56,56,56,56,56,66,66,66,66,66,66,66,66,66,66,69,69,69,69,69,69,69,69,69],"card_choices":[{"not_picked":["champ:SwordThrow","champ:VampiricStrike"],"picked":"champ:StrikeOfGenius","floor":0.0},{"not_picked":["champ:Circumvent","champ:FlashCut"],"picked":"champ:Backstep","floor":2.0},{"not_picked":["champ:BerserkersShout","champ:EnGarde"],"picked":"champ:Parry","floor":3.0},{"not_picked":["champ:BladeFlurry","Hemokinesis"],"picked":"Heavy Blade","floor":5.0},{"not_picked":["champ:ViciousMockery","champ:GutPunch"],"picked":"champ:SkillfulDodge","floor":6.0},{"not_picked":["champ:FocusedBerserking","champ:ShieldSigil"],"picked":"champ:Endure","floor":8.0},{"not_picked":["champ:StanceDance","champ:FlashCut"],"picked":"Blood for Blood","floor":10.0},{"not_picked":["champ:BerserkersShout","champ:GutPunch"],"picked":"champ:PreciseThrust","floor":15.0},{"not_picked":["champ:SteelEdge","champ:HeavySlash"],"picked":"champ:Devastate","floor":16.0},{"not_picked":["champ:DeathBlow","champ:EndlessRage"],"picked":"champ:EnragedBash+1","floor":19.0},{"not_picked":["champ:Shatter","champ:StanceDance"],"picked":"champ:BringItOn","floor":20.0},{"not_picked":["champ:StanceDance","champ:Backstep+1"],"picked":"champ:FaceSlap","floor":22.0},{"not_picked":["champ:BladeFlurry+1","champ:AdrenalArmor+1"],"picked":"champ:CrownThrow","floor":23},{"not_picked":["champ:FanOfKnives","champ:PreemptiveStrike"],"picked":"champ:PerfectedStrike","floor":27},{"not_picked":["Heavy Blade+1","champ:FlashCut"],"picked":"Life Link+1","floor":28},{"not_picked":["Twin Strike+1","Bloodletting+1"],"picked":"champ:FlashCut","floor":29},{"not_picked":["champ:StanceDance","champ:FaceSlap","champ:Backstep"],"picked":"SKIP","floor":30},{"not_picked":["champ:Backstep","champ:StanceDance+1"],"picked":"Bloodletting+1","floor":31},{"not_picked":["Whirlwind","champ:TornadoPunch"],"picked":"champ:UltimateStance","floor":32},{"not_picked":["champ:StrikeOfGenius","champ:SwordThrow"],"picked":"Feed","floor":33},{"not_picked":["champ:CrookedStrike+1","champ:FaceSlap"],"picked":"champ:StanceDance","floor":36},{"not_picked":["champ:ViciousMockery+1","champ:ShieldSlam"],"picked":"champ:IronFortress+1","floor":37},{"not_picked":["champ:Haymaker+1","champ:StanceDance+1"],"picked":"champ:Shatter+1","floor":39}],"player_experience":251864,"relics_obtained":[{"floor":7.0,"key":"hubris:SphereOfDissonance"},{"floor":29,"key":"Letter Opener"},{"floor":35,"key":"Blood Vial"},{"floor":38,"key":"Garlic"},{"floor":41,"key":"Boot"}],"event_choices":[{"damage_healed":0.0,"max_hp_gain":0.0,"max_hp_loss":0.0,"gold_gain":0.0,"event_name":"Big Fish","player_choice":"Box","floor":12.0,"gold_loss":0.0,"damage_taken":0.0,"relics_obtained":["infinitespire:Beetle Shell"],"cards_obtained":["Regret"]},{"damage_healed":0.0,"max_hp_gain":0.0,"max_hp_loss":25.0,"gold_gain":0.0,"event_name":"Vampires","player_choice":"Became a vampire","floor":21.0,"gold_loss":0.0,"damage_taken":0.0,"cards_obtained":["Bite","Bite","Bite","Bite","Bite"]},{"damage_healed":0,"gold_gain":0,"player_choice":"Leave","damage_taken":0,"max_hp_gain":0,"max_hp_loss":0,"event_name":"conspire:Investor","floor":25,"gold_loss":0},{"damage_healed":0,"gold_gain":0,"player_choice":"Rummage","damage_taken":0,"relics_obtained":["WarpedTongs"],"max_hp_gain":0,"max_hp_loss":0,"event_name":"Accursed Blacksmith","floor":40,"gold_loss":0,"cards_obtained":["Pain"]}],"is_beta":false,"boss_relics":[{"not_picked":["conspire:RoyalGoblet","Ring of Chaos"],"picked":"hubris:RunicObelisk"},{"not_picked":["hubris:BlackHole","Kintsugi"],"picked":"ChewingGum"}],"items_purged_floors":[10],"is_endless":true,"potions_floor_spawned":[5,8,19,20,23,29,33,36,37,39],"killed_by":"Maw","ascension_level":0}}