{"host":"mb4j77vqrnqglrk8","time":1613134473,"event":{"mods":["BaseMod","Downfall","Minty Spire (QoL Compilation)","StSLib"],"gold_per_floor":[99,112,132,150,150,185,209,243,243,260,278,288,299,299,311,311,311,311],"floor_reached":16,"language":"ENG","playtime":1238,"items_purged":[],"score":116,"play_id":"3cf5ba1c-3d51-4564-b9ae-7e7326c2d3ed","local_time":"20210212235433","is_ascension_mode":false,"campfire_choices":[{"data":"Guardian:TwinSlam","floor":1,"key":"SMITH"},{"floor":9,"key":"REST"}],"circlet_count":0,"master_deck":["Guardian:Strike_Guardian","Guardian:Strike_Guardian","Guardian:Strike_Guardian","Guardian:Strike_Guardian","Guardian:Defend_Guardian","Guardian:Defend_Guardian","Guardian:Defend_Guardian","Guardian:Defend_Guardian","Guardian:CurlUp","Guardian:TwinSlam+1","Guardian:ShieldCharger","Guardian:Reroute","Purity","Guardian:SentryBeam","Guardian:HyperBeam_Guardian","Guardian:Gem_Green","Guardian:FloatingOrbs","Guardian:EvasiveProtocol","Guardian:Planning"],"relics":["Guardian:ModeShifter","Happy Flower","Blood Vial"],"acts_visited":["Exordium"],"potions_floor_usage":[],"damage_taken":[{"damage":6,"enemies":"Jaw Worm","floor":2,"turns":4},{"damage":1,"enemies":"Cultist","floor":3,"turns":4},{"damage":10,"enemies":"Small Slimes","floor":4,"turns":5},{"damage":22,"enemies":"Gremlin Nob","floor":6,"turns":5},{"damage":21,"enemies":"Lagavulin","floor":8,"turns":9},{"damage":13,"enemies":"3 Louse","floor":10,"turns":3},{"damage":16,"enemies":"Exordium Wildlife","floor":11,"turns":2},{"damage":0,"enemies":"Exordium Thugs","floor":12,"turns":2},{"damage":11,"enemies":"Red Slaver","floor":13,"turns":4},{"damage":0,"enemies":"2 Fungi Beasts","floor":15,"turns":1},{"damage":24,"enemies":"IC_STATUS_ARCHETYPE","floor":16,"turns":10}],"seed_played":"-4449815004321137631","potions_obtained":[{"floor":6,"key":"BlessingOfTheForge"},{"floor":8,"key":"LiquidMemories"},{"floor":10,"key":"hexamod:SoulburnPotion"}],"is_trial":false,"path_per_floor":["R","M","M","M","?","E","T","E","R","M","M","M","M","?","M","B"],"character_chosen":"GUARDIAN","items_purchased":[],"campfire_rested":1,"item_purchase_floors":[],"current_hp_per_floor":[88,82,81,71,71,49,49,28,54,43,29,31,22,19,21,0,0,0],"gold":311,"neow_bonus":"TEN_PERCENT_HP_BONUS","is_daily":false,"chose_seed":false,"campfire_upgraded":1,"win_rate":0.0,"timestamp":1613134473,"path_taken":["R","M","M","M","?","E","T","E","R","M","M","?","M","?","M","BOSS"],"items_purchased_type":[],"build_version":"2020-12-22","purchased_purges":0,"victory":false,"max_hp_per_floor":[88,88,88,88,88,88,88,88,88,88,88,88,88,88,88,88,88,88],"card_choices":[{"not_picked":["Guardian:Gem_Green","Guardian:Gem_White"],"picked":"Guardian:ShieldCharger","floor":2},{"not_picked":["Guardian:BodySlam","Guardian:Gem_White"],"picked":"Guardian:Reroute","floor":3},{"not_picked":["Guardian:ChargeCore","Guardian:Planning"],"picked":"Guardian:Gem_Crimson","floor":4},{"not_picked":["Guardian:Harden","Guardian:VentSteam"],"picked":"Guardian:SentryBeam","floor":6},{"not_picked":["Guardian:ChargeCore","Guardian:PolyBeam"],"picked":"Guardian:Gem_Fragmented","floor":8},{"not_picked":["Guardian:TimeCapacitor","Guardian:TemporalStrike"],"picked":"Guardian:HyperBeam_Guardian","floor":10},{"not_picked":["Guardian:WalkerClaw","Guardian:TemporalStrike"],"picked":"Guardian:Gem_Green","floor":11},{"not_picked":["Guardian:Gem_Crimson","Guardian:Gem_Yellow"],"picked":"Guardian:FloatingOrbs","floor":12},{"not_picked":["Guardian:TemporalShield","Guardian:PolyBeam"],"picked":"Guardian:EvasiveProtocol","floor":13},{"not_picked":["Guardian:RollAttack","Guardian:ShieldCharger"],"picked":"Guardian:Planning","floor":15}],"player_experience":2215,"relics_obtained":[{"floor":6,"key":"Happy Flower"},{"floor":8,"key":"Blood Vial"}],"event_choices":[{"damage_healed":0,"gold_gain":0,"player_choice":"Fled","damage_taken":3,"max_hp_gain":0,"max_hp_loss":0,"event_name":"Scrap Ooze","floor":14,"gold_loss":0}],"is_beta":false,"boss_relics":[],"items_purged_floors":[],"is_endless":false,"potions_floor_spawned":[6,8,10,13],"killed_by":"IC_STATUS_ARCHETYPE","ascension_level":0}}