{"host":"eglukmwb6rueyn6u","time":1613172527,"event":{"mods":["BaseMod","Colored Map","Minty Spire (QoL Compilation)"],"gold_per_floor":[116,134,134,147,96,96,128,146,446,460,487,510,510,524,524,626,626,644,330,330,420,430,430,446,458,458,78,88,88,88,114,114,215,215,230,230,247,260,135,146,166,197,197,215,65,78,91,111,111,111],"floor_reached":51,"language":"ENG","playtime":5508,"items_purged":["Defend_R","Normality","Normality","Normality"],"score":790,"play_id":"039104f8-ace7-4b14-ba51-00ca09466d2d","local_time":"20210213012847","is_ascension_mode":false,"campfire_choices":[{"data":"Flame Barrier","floor":6.0,"key":"SMITH"},{"data":"Body Slam","floor":13.0,"key":"SMITH"},{"data":"Disarm","floor":15.0,"key":"SMITH"},{"data":"Berserk","floor":23.0,"key":"SMITH"},{"data":"Armaments","floor":32.0,"key":"SMITH"},{"data":"Juggernaut","floor":49.0,"key":"SMITH"}],"circlet_count":0,"master_deck":["Strike_R+1","Strike_R+1","Strike_R+1","Strike_R+1","Strike_R+1","Defend_R+1","Defend_R+1","Bash","Disarm+1","Flame Barrier+1","Armaments+1","Shrug It Off","Armaments","Shrug It Off","Body Slam+1","Berserk+1","Flame Barrier","Body Slam","Flame Barrier","Bandage Up","Body Slam","Pommel Strike+1","Bloodletting+1","Shockwave+1","Entrench+1","Juggernaut+1","Body Slam","Metallicize+1","Dual Wield+1","Inflame+1"],"relics":["Burning Blood","Mango","Old Coin","Gambling Chip","Odd Mushroom","Cursed Key","Bag of Preparation","Toxic Egg 2","HornCleat","FaceOfCleric","Strawberry","Philosopher\u0027s Stone","InkBottle","Centennial Puzzle","Paper Frog"],"acts_visited":["Exordium","TheCity","TheBeyond"],"potions_floor_usage":[],"damage_taken":[{"damage":6.0,"enemies":"2 Louse","floor":1.0,"turns":4.0},{"damage":8.0,"enemies":"Jaw Worm","floor":2.0,"turns":5.0},{"damage":2.0,"enemies":"Cultist","floor":4.0,"turns":4.0},{"damage":26.0,"enemies":"3 Sentries","floor":7.0,"turns":13.0},{"damage":7.0,"enemies":"3 Louse","floor":8.0,"turns":5.0},{"damage":0.0,"enemies":"Large Slime","floor":10.0,"turns":6.0},{"damage":22.0,"enemies":"Gremlin Nob","floor":11.0,"turns":4.0},{"damage":4.0,"enemies":"The Mushroom Lair","floor":12.0,"turns":7.0},{"damage":0.0,"enemies":"Red Slaver","floor":14.0,"turns":4.0},{"damage":27.0,"enemies":"The Guardian","floor":16.0,"turns":16.0},{"damage":9.0,"enemies":"2 Thieves","floor":18.0,"turns":5.0},{"damage":0.0,"enemies":"3 Byrds","floor":22.0,"turns":2.0},{"damage":2.0,"enemies":"Cultist and Chosen","floor":24.0,"turns":5.0},{"damage":0.0,"enemies":"Snake Plant","floor":25.0,"turns":4.0},{"damage":0.0,"enemies":"Snecko","floor":28.0,"turns":4.0},{"damage":0.0,"enemies":"Book of Stabbing","floor":31.0,"turns":6.0},{"damage":9.0,"enemies":"Champ","floor":33.0,"turns":12.0},{"damage":3.0,"enemies":"3 Darklings","floor":35.0,"turns":2.0},{"damage":0.0,"enemies":"3 Shapes","floor":37.0,"turns":5.0},{"damage":1.0,"enemies":"Transient","floor":38.0,"turns":5.0},{"damage":0.0,"enemies":"Jaw Worm Horde","floor":40.0,"turns":3.0},{"damage":18.0,"enemies":"Sphere and 2 Shapes","floor":41.0,"turns":5.0},{"damage":28.0,"enemies":"Reptomancer","floor":42.0,"turns":6.0},{"damage":14.0,"enemies":"Writhing Mass","floor":44.0,"turns":5.0},{"damage":3.0,"enemies":"Maw","floor":46.0,"turns":6.0},{"damage":0.0,"enemies":"Spire Growth","floor":47.0,"turns":3.0},{"damage":3.0,"enemies":"Transient","floor":48.0,"turns":5.0},{"damage":44,"enemies":"Awakened One","floor":50,"turns":11}],"seed_played":"5846097858461483616","potions_obtained":[{"floor":1.0,"key":"SneckoOil"},{"floor":2.0,"key":"ColorlessPotion"},{"floor":10.0,"key":"SneckoOil"},{"floor":11.0,"key":"PowerPotion"},{"floor":12.0,"key":"Weak Potion"},{"floor":18.0,"key":"ColorlessPotion"},{"floor":41.0,"key":"Block Potion"},{"floor":42.0,"key":"FairyPotion"}],"is_trial":false,"path_per_floor":["M","M","?","M","$","R","E","M","T","M","E","?","R","M","R","B",null,"M","$","?","?","M","R","M","M","T","$","M","?","?","E","R","B",null,"M","T","M","M","$","M","M","E","T","M","$","M","M","M","R","B",null],"character_chosen":"IRONCLAD","items_purchased":["Shrug It Off","Body Slam","Flame Barrier","Bag of Preparation","HornCleat","Shockwave+1"],"campfire_rested":0,"item_purchase_floors":[5,19,19,19,27,27],"current_hp_per_floor":[80,78,78,80,80,80,74,73,73,79,63,65,65,71,71,50,94,91,91,91,73,83,83,91,94,94,94,94,75,75,93,93,97,108,109,109,110,111,111,112,101,84,84,81,81,89,100,110,110,77],"gold":111,"neow_bonus":"","is_daily":false,"chose_seed":false,"campfire_upgraded":6,"win_rate":0.0,"timestamp":1613172527,"path_taken":["M","M","?","M","$","R","E","M","T","M","E","?","R","M","R","BOSS","M","$","?","?","M","R","M","M","T","$","?","?","?","E","R","BOSS","M","?","M","M","$","M","M","E","T","M","$","M","M","M","R","BOSS"],"items_purchased_type":["Card","Card","Card","Relic","Relic","Card"],"build_version":"2020-12-22","purchased_purges":4,"victory":true,"max_hp_per_floor":[80,80,80,80,80,80,94,94,94,94,94,94,94,94,94,94,94,94,94,94,94,94,94,94,94,94,94,94,99,99,107,107,108,108,109,109,110,111,111,112,113,114,114,115,115,116,117,118,118,119],"card_choices":[{"not_picked":["Sword Boomerang","Clothesline"],"picked":"Disarm","floor":1.0},{"not_picked":["True Grit","Thunderclap"],"picked":"Flame Barrier","floor":2.0},{"not_picked":["Clash","Sword Boomerang"],"picked":"Armaments","floor":4.0},{"not_picked":["True Grit","Whirlwind"],"picked":"Armaments","floor":7.0},{"not_picked":["Battle Trance","Dark Embrace"],"picked":"Shrug It Off","floor":8.0},{"not_picked":["True Grit","Iron Wave","Cleave"],"picked":"SKIP","floor":10.0},{"not_picked":["Thunderclap","Cleave","Dark Embrace"],"picked":"SKIP","floor":11.0},{"not_picked":["Cleave","Searing Blow"],"picked":"Body Slam","floor":12.0},{"not_picked":["Double Tap","Warcry","Perfected Strike"],"picked":"SKIP","floor":14.0},{"not_picked":["Reaper","Fiend Fire"],"picked":"Berserk","floor":16.0},{"not_picked":["Inflame+1","Headbutt"],"picked":"Flame Barrier","floor":18.0},{"not_picked":["Sword Boomerang","Shrug It Off"],"picked":"Body Slam","floor":22.0},{"not_picked":["Fire Breathing","Perfected Strike"],"picked":"Pommel Strike+1","floor":24.0},{"not_picked":["Blood for Blood","Warcry+1"],"picked":"Bloodletting+1","floor":25.0},{"not_picked":["Rage+1","Clash","Flex+1"],"picked":"SKIP","floor":28.0},{"not_picked":["Shockwave+1","Pummel"],"picked":"Entrench+1","floor":31.0},{"not_picked":["Demon Form","Bludgeon"],"picked":"Juggernaut","floor":33.0},{"not_picked":["True Grit+1","Clash","Iron Wave"],"picked":"SKIP","floor":35.0},{"not_picked":["Intimidate+1","Clothesline"],"picked":"Body Slam","floor":37.0},{"not_picked":["Combust+1","Iron Wave","Fire Breathing"],"picked":"SKIP","floor":38.0},{"not_picked":["Anger+1","True Grit+1"],"picked":"Metallicize+1","floor":40.0},{"not_picked":["Entrench+1","Fire Breathing+1"],"picked":"Dual Wield+1","floor":41.0},{"not_picked":["Flame Barrier+1","Searing Blow+1"],"picked":"Inflame+1","floor":42.0},{"not_picked":["Blood for Blood+1","Uppercut","Battle Trance+1"],"picked":"SKIP","floor":44.0},{"not_picked":["Warcry+1","Battle Trance+1","Searing Blow"],"picked":"SKIP","floor":46.0},{"not_picked":["Anger","Clash+1","Rampage"],"picked":"SKIP","floor":47.0},{"not_picked":["Fiend Fire","Clash+1","Flex+1"],"picked":"SKIP","floor":48.0}],"player_experience":0,"relics_obtained":[{"floor":7.0,"key":"Mango"},{"floor":9.0,"key":"Old Coin"},{"floor":11.0,"key":"Gambling Chip"},{"floor":12.0,"key":"Odd Mushroom"},{"floor":26.0,"key":"Toxic Egg 2"},{"floor":31.0,"key":"Strawberry"},{"floor":36.0,"key":"InkBottle"},{"floor":42.0,"key":"Centennial Puzzle"},{"floor":43.0,"key":"Paper Frog"}],"event_choices":[{"cards_removed":["Defend_R"],"damage_healed":0.0,"max_hp_gain":0.0,"max_hp_loss":0.0,"gold_gain":0.0,"event_name":"Living Wall","player_choice":"Forget","floor":3.0,"gold_loss":0.0,"damage_taken":0.0},{"damage_healed":0.0,"max_hp_gain":0.0,"max_hp_loss":0.0,"gold_gain":0.0,"event_name":"Mushrooms","player_choice":"Fought Mushrooms","floor":12.0,"gold_loss":0.0,"damage_taken":0.0},{"damage_healed":0.0,"max_hp_gain":0.0,"max_hp_loss":0.0,"gold_gain":0.0,"event_name":"Back to Basics","player_choice":"Simplicity","floor":20.0,"gold_loss":0.0,"damage_taken":0.0,"cards_upgraded":["Strike_R","Strike_R","Strike_R","Strike_R","Strike_R","Defend_R","Defend_R"]},{"damage_healed":0.0,"max_hp_gain":0.0,"max_hp_loss":0.0,"gold_gain":90.0,"event_name":"Knowing Skull","player_choice":"CARD GOLD ","floor":21.0,"potions_obtained":[],"gold_loss":0.0,"damage_taken":18.0,"cards_obtained":["Bandage Up"]},{"damage_healed":0.0,"max_hp_gain":5.0,"max_hp_loss":0.0,"gold_gain":0.0,"event_name":"Forgotten Altar","player_choice":"Shed Blood","floor":29.0,"gold_loss":0.0,"damage_taken":24.0},{"damage_healed":0.0,"max_hp_gain":0.0,"max_hp_loss":0.0,"gold_gain":0.0,"event_name":"FaceTrader","player_choice":"Trade","floor":30.0,"gold_loss":0.0,"damage_taken":0.0,"relics_obtained":["FaceOfCleric"]}],"is_beta":false,"boss_relics":[{"not_picked":["Runic Dome","Tiny House"],"picked":"Cursed Key"},{"not_picked":["Runic Pyramid","SacredBark"],"picked":"Philosopher\u0027s Stone"}],"items_purged_floors":[19,27,39,45],"is_endless":false,"potions_floor_spawned":[1,2,10,11,12,16,18,24,37,38,41,42,46],"ascension_level":0}}