{"host":"dpbezu80jg8zk7un","time":1613166167,"event":{"mods":["BaseMod","Colored Map","Colored Powertips","Custom Start","DeckTracker","Minty Spire (QoL Compilation)","Quick Restart","StSLib","SuperFastMode"],"gold_per_floor":[133,163,218,232,157,157,211,242,268,268,343,373,184,221,221,293,293,328,243,293,327,385,385,385,385],"floor_reached":24,"language":"KOR","playtime":677,"items_purged":["Strike_P","Strike_P"],"score":400,"play_id":"35619dd5-01c6-4503-81f1-220913ebcd72","local_time":"20210213064247","is_ascension_mode":true,"campfire_choices":[{"data":"Eruption","floor":6.0,"key":"SMITH"},{"data":"Adaptation","floor":10.0,"key":"SMITH"},{"floor":15.0,"key":"REST"},{"floor":23.0,"key":"REST"}],"circlet_count":0,"master_deck":["AscendersBane","Strike_P","Defend_P","Defend_P","Defend_P","Eruption+1","Vigilance","HandOfGreed","WheelKick","Adaptation+1","CrushJoints","FearNoEvil","InnerPeace"],"relics":["PureWater","Pantograph","Empty Cage","Happy Flower"],"acts_visited":["Exordium","TheCity"],"potions_floor_usage":[],"damage_taken":[{"damage":3.0,"enemies":"Small Slimes","floor":1.0,"turns":4.0},{"damage":2.0,"enemies":"Jaw Worm","floor":2.0,"turns":3.0},{"damage":4.0,"enemies":"2 Louse","floor":3.0,"turns":4.0},{"damage":0.0,"enemies":"Lots of Slimes","floor":4.0,"turns":1.0},{"damage":12.0,"enemies":"Lagavulin","floor":7.0,"turns":7.0},{"damage":3.0,"enemies":"Exordium Thugs","floor":8.0,"turns":4.0},{"damage":6.0,"enemies":"Looter","floor":12.0,"turns":4.0},{"damage":0.0,"enemies":"Blue Slaver","floor":14.0,"turns":3.0},{"damage":27.0,"enemies":"The Guardian","floor":16.0,"turns":12.0},{"damage":0.0,"enemies":"Chosen","floor":18.0,"turns":2.0},{"damage":12.0,"enemies":"Shell Parasite","floor":21.0,"turns":3.0},{"damage":21.0,"enemies":"Centurion and Healer","floor":22.0,"turns":5.0},{"damage":48,"enemies":"Book of Stabbing","floor":24,"turns":4}],"seed_played":"3430889273856365788","potions_obtained":[{"floor":3.0,"key":"AttackPotion"},{"floor":4.0,"key":"SpeedPotion"},{"floor":8.0,"key":"DistilledChaos"},{"floor":12.0,"key":"SkillPotion"},{"floor":14.0,"key":"AttackPotion"}],"is_trial":false,"path_per_floor":["M","M","M","M","$","R","E","M","T","R","?","M","$","M","R","B",null,"M","?","?","M","M","R","E"],"character_chosen":"WATCHER","items_purchased":["FearNoEvil"],"campfire_rested":2,"item_purchase_floors":[13],"current_hp_per_floor":[40,38,34,34,34,34,22,19,19,19,8,2,2,2,22,20,56,56,56,56,44,23,43,0,0],"gold":385,"neow_bonus":"RANDOM_COLORLESS_2","is_daily":false,"chose_seed":false,"campfire_upgraded":2,"win_rate":0.0,"timestamp":1613166167,"path_taken":["M","M","M","M","$","R","E","M","T","R","?","M","$","M","R","BOSS","M","?","?","M","?","R","E"],"items_purchased_type":["Card"],"build_version":"2020-12-22","purchased_purges":2,"victory":false,"max_hp_per_floor":[68,68,68,68,68,68,68,68,68,68,68,68,68,68,68,68,68,68,68,68,68,68,68,68,68],"card_choices":[{"not_picked":["Thinking Ahead","Transmutation"],"picked":"HandOfGreed","floor":0.0},{"not_picked":["JustLucky","Crescendo","FlyingSleeves"],"picked":"SKIP","floor":1.0},{"not_picked":["Consecrate","CutThroughFate","FollowUp"],"picked":"SKIP","floor":2.0},{"not_picked":["Fasting2","JustLucky","WreathOfFlame"],"picked":"SKIP","floor":3.0},{"not_picked":["Halt","Brilliance"],"picked":"WheelKick","floor":4.0},{"not_picked":["Halt","Weave","Evaluate"],"picked":"SKIP","floor":7.0},{"not_picked":["EmptyFist","Vengeance"],"picked":"Adaptation","floor":8.0},{"not_picked":["Consecrate","Pray"],"picked":"CrushJoints","floor":12.0},{"not_picked":["ClearTheMind","Wallop","FlyingSleeves"],"picked":"SKIP","floor":18.0},{"not_picked":["Evaluate+1","Vengeance"],"picked":"InnerPeace","floor":21.0},{"not_picked":["FollowUp","Weave","SashWhip"],"picked":"SKIP","floor":22.0}],"player_experience":2961518,"relics_obtained":[{"floor":7.0,"key":"Pantograph"}],"event_choices":[{"damage_healed":0.0,"max_hp_gain":0.0,"max_hp_loss":0.0,"gold_gain":75.0,"event_name":"World of Goop","player_choice":"Gather Gold","floor":11.0,"gold_loss":0.0,"damage_taken":11.0},{"damage_healed":0.0,"max_hp_gain":0.0,"max_hp_loss":0.0,"gold_gain":0.0,"event_name":"Addict","player_choice":"Obtained Relic","floor":19.0,"gold_loss":85.0,"damage_taken":0.0,"relics_obtained":["Happy Flower"]},{"damage_healed":0.0,"max_hp_gain":0.0,"max_hp_loss":0.0,"gold_gain":100.0,"event_name":"The Joust","player_choice":"Bet on Murderer","floor":20.0,"gold_loss":50.0,"damage_taken":0.0}],"is_beta":false,"boss_relics":[{"not_picked":["Fusion Hammer","VioletLotus"],"picked":"Empty Cage"}],"items_purged_floors":[5,13],"is_endless":false,"potions_floor_spawned":[3,4,8,12,14,16],"killed_by":"Book of Stabbing","ascension_level":20}}