{"host":"7qoz5gmva6til3yp","time":1613148013,"event":{"mods":["2.2 Compatiblity","BaseMod","Minty Spire (QoL Compilation)","StSLib","SuperFastMode"],"gold_per_floor":[115,125,300,316,86,86,103,103,174,174,174,188,231,256,256,385,385,399,418,164,164,179,179,54,68,114,114,138,138,179,199,199,325,325,339,44,44,44],"floor_reached":37,"language":"KOR","playtime":1266,"items_purged":["Doubt","Strike_G","Defend_G"],"score":666,"play_id":"efa1449d-3452-48fe-a050-ea7b3c5f6d59","local_time":"20210213014013","is_ascension_mode":true,"campfire_choices":[{"data":"Glass Knife","floor":6.0,"key":"SMITH"},{"data":"Cloak And Dagger","floor":8.0,"key":"SMITH"},{"data":"Blade Dance","floor":15.0,"key":"SMITH"},{"data":"Storm of Steel","floor":23.0,"key":"SMITH"},{"data":"Purity","floor":27.0,"key":"SMITH"},{"floor":32.0,"key":"REST"}],"circlet_count":0,"master_deck":["AscendersBane","Strike_G","Strike_G+1","Strike_G","Strike_G+1","Defend_G","Defend_G","Defend_G","Defend_G","Survivor","Neutralize+1","Blade Dance+1","Backflip","PiercingWail","Glass Knife+1","Cloak And Dagger+1","Acrobatics","Storm of Steel+1","Finisher","Terror+1","Purity+1","Tactician","Phantasmal Killer","Escape Plan","Malaise"],"relics":["Ring of the Snake","Bottled Lightning","Golden Idol","Ancient Tea Set","Tiny Chest","Runic Pyramid","Whetstone","Matryoshka","Cursed Key","Vajra","Orrery"],"acts_visited":["Exordium","TheCity","TheBeyond"],"potions_floor_usage":[33],"damage_taken":[{"damage":0.0,"enemies":"2 Louse","floor":1.0,"turns":4.0},{"damage":0.0,"enemies":"Small Slimes","floor":2.0,"turns":3.0},{"damage":0.0,"enemies":"Jaw Worm","floor":4.0,"turns":4.0},{"damage":9.0,"enemies":"Exordium Thugs","floor":7.0,"turns":4.0},{"damage":0.0,"enemies":"3 Louse","floor":12.0,"turns":2.0},{"damage":12.0,"enemies":"Gremlin Nob","floor":13.0,"turns":4.0},{"damage":0.0,"enemies":"Large Slime","floor":14.0,"turns":5.0},{"damage":30.0,"enemies":"Hexaghost","floor":16.0,"turns":15.0},{"damage":3.0,"enemies":"3 Byrds","floor":18.0,"turns":4.0},{"damage":13.0,"enemies":"2 Thieves","floor":19.0,"turns":4.0},{"damage":9.0,"enemies":"Snake Plant","floor":22.0,"turns":3.0},{"damage":0.0,"enemies":"Shelled Parasite and Fungi","floor":25.0,"turns":2.0},{"damage":8.0,"enemies":"Centurion and Healer","floor":28.0,"turns":3.0},{"damage":17.0,"enemies":"Slavers","floor":30.0,"turns":5.0},{"damage":0.0,"enemies":"Chosen and Byrds","floor":31.0,"turns":4.0},{"damage":7,"enemies":"Champ","floor":33,"turns":11},{"damage":36,"enemies":"3 Shapes","floor":35,"turns":3},{"damage":27,"enemies":"2 Orb Walkers","floor":37,"turns":2}],"seed_played":"-6680022495719538978","potions_obtained":[{"floor":4.0,"key":"Weak Potion"},{"floor":12.0,"key":"Regen Potion"},{"floor":13.0,"key":"LiquidMemories"},{"floor":16.0,"key":"AttackPotion"},{"floor":18.0,"key":"ColorlessPotion"},{"floor":30.0,"key":"SteroidPotion"},{"floor":31.0,"key":"BlessingOfTheForge"}],"is_trial":false,"path_per_floor":["M","M","?","M","$","R","M","R","T","?","T","M","E","M","R","B",null,"M","M","$","?","M","R","$","M","T","R","M","$","E","M","R","B",null,"M","$","?"],"character_chosen":"THE_SILENT","items_purchased":["Glass Knife","Terror","Purity","Vajra","Orrery"],"campfire_rested":1,"item_purchase_floors":[5,20,20,36,36],"current_hp_per_floor":[63,63,63,63,63,63,54,54,54,37,37,37,37,37,37,7,54,51,38,38,38,29,29,29,29,29,29,21,21,4,4,25,18,57,21,21,0,0],"gold":44,"neow_bonus":"UPGRADE_CARD","is_daily":false,"chose_seed":false,"campfire_upgraded":5,"win_rate":0.0,"timestamp":1613148013,"path_taken":["M","M","?","M","$","R","M","R","T","?","?","M","E","?","R","BOSS","M","M","$","?","M","R","$","M","T","R","M","$","E","M","R","BOSS","M","$","?"],"items_purchased_type":["Card","Card","Card","Relic","Relic"],"build_version":"2020-12-22","purchased_purges":3,"victory":false,"max_hp_per_floor":[70,70,70,70,70,70,70,70,70,70,70,70,70,70,70,70,70,70,70,70,70,70,70,70,70,70,70,70,70,70,70,70,70,70,70,70,70,70],"card_choices":[{"not_picked":["Quick Slash","Deflect"],"picked":"Blade Dance","floor":1.0},{"not_picked":["Poisoned Stab","Choke"],"picked":"Backflip","floor":2.0},{"not_picked":["Infinite Blades","Leg Sweep"],"picked":"PiercingWail","floor":4.0},{"not_picked":["PiercingWail","Sucker Punch"],"picked":"Cloak And Dagger","floor":7.0},{"not_picked":["Bane","Eviscerate"],"picked":"Acrobatics","floor":12.0},{"not_picked":["Poisoned Stab","Storm of Steel","Choke"],"picked":"SKIP","floor":13.0},{"not_picked":["Flying Knee","Poisoned Stab","Dagger Throw"],"picked":"SKIP","floor":14.0},{"not_picked":["Corpse Explosion","Tools of the Trade"],"picked":"Storm of Steel","floor":16.0},{"not_picked":["Slice","Poisoned Stab+1","Dagger Throw"],"picked":"SKIP","floor":18.0},{"not_picked":["Cloak And Dagger+1","Backflip"],"picked":"Finisher","floor":19.0},{"not_picked":["Prepared","Poisoned Stab","Blade Dance"],"picked":"SKIP","floor":22.0},{"not_picked":["Cloak And Dagger","Flying Knee","Terror+1"],"picked":"SKIP","floor":25.0},{"not_picked":["Dash","Reflex","Underhanded Strike"],"picked":"SKIP","floor":28.0},{"not_picked":["Bane","Dagger Spray"],"picked":"Tactician","floor":30.0},{"not_picked":["Underhanded Strike","Quick Slash","Blade Dance"],"picked":"SKIP","floor":31.0},{"not_picked":["After Image","Bullet Time"],"picked":"Phantasmal Killer","floor":33},{"not_picked":["Expertise+1","Flying Knee","Dagger Throw"],"picked":"SKIP","floor":35},{"not_picked":["Dagger Spray","Setup"],"picked":"Escape Plan","floor":36},{"not_picked":["Bane","Underhanded Strike"],"picked":"Malaise","floor":36}],"player_experience":476147,"relics_obtained":[{"floor":9.0,"key":"Bottled Lightning"},{"floor":11.0,"key":"Ancient Tea Set"},{"floor":13.0,"key":"Tiny Chest"},{"floor":26.0,"key":"Whetstone"},{"floor":30.0,"key":"Matryoshka"}],"event_choices":[{"damage_healed":0.0,"max_hp_gain":0.0,"max_hp_loss":0.0,"gold_gain":175.0,"event_name":"Liars Game","player_choice":"AGREE","floor":3.0,"gold_loss":0.0,"damage_taken":0.0,"cards_obtained":["Doubt"]},{"damage_healed":0.0,"max_hp_gain":0.0,"max_hp_loss":0.0,"gold_gain":0.0,"event_name":"Golden Idol","player_choice":"Take Damage","floor":10.0,"gold_loss":0.0,"damage_taken":17.0,"relics_obtained":["Golden Idol"]},{"damage_healed":0.0,"max_hp_gain":0.0,"max_hp_loss":0.0,"gold_gain":0.0,"event_name":"Upgrade Shrine","player_choice":"Upgraded","floor":21.0,"gold_loss":0.0,"damage_taken":0.0,"cards_upgraded":["Terror"]},{"damage_healed":0,"gold_gain":0,"player_choice":"Fight","damage_taken":0,"max_hp_gain":0,"max_hp_loss":0,"event_name":"Mysterious Sphere","floor":37,"gold_loss":0}],"is_beta":false,"boss_relics":[{"not_picked":["Ectoplasm","Tiny House"],"picked":"Runic Pyramid"},{"not_picked":["HoveringKite","Ring of the Serpent"],"picked":"Cursed Key"}],"items_purged_floors":[5,20,24],"is_endless":false,"potions_floor_spawned":[4,12,13,16,18,28,30,31],"killed_by":"2 Orb Walkers","ascension_level":12}}