{"host":"dlqyscxstsnu98l1","time":1613155365,"event":{"mods":["AchievementEnabler","BaseMod","Colored Map","Colored Powertips","GifTheSpireLib","Highlight Path","Minty Spire (QoL Compilation)","Random Character Button","SacredBarkPlus","StSLib","everything is the same but u backflip on backflip"],"gold_per_floor":[112,27,0,0,18,18,62,85,163,163,163,191,228,254,254,364,364,387,387,4,31,31,73,73,400,473,473,473,502,522,96,96,201,201,228,243,243,269,269,269,328,180,231,253,282,308,308,338,338,338,338,338,61,94,94],"floor_reached":56,"language":"ENG","playtime":3445,"items_purged":["Strike_G+1"],"score":1530,"play_id":"38446e9d-f66a-4785-86f9-97a365103fb3","local_time":"20210212124245","is_ascension_mode":true,"campfire_choices":[{"data":"Footwork","floor":6,"key":"SMITH"},{"data":"Cloak And Dagger","floor":11,"key":"SMITH"},{"data":"Poisoned Stab","floor":15,"key":"SMITH"},{"floor":24,"key":"REST"},{"floor":28,"key":"REST"},{"data":"After Image","floor":32,"key":"SMITH"},{"floor":40,"key":"RECALL"},{"data":"Strike_G+1","floor":47,"key":"PURGE"},{"data":"Strike_G+1","floor":49,"key":"PURGE"},{"data":"Strike_G+1","floor":52,"key":"PURGE"}],"circlet_count":0,"master_deck":["Defend_G+1","Defend_G+1","Defend_G+1","Defend_G+1","Defend_G+1","Survivor+1","Neutralize+1","Well Laid Plans","Footwork+1","Cloak And Dagger+1","Prepared+1","Backstab","Footwork","Sucker Punch","Poisoned Stab+1","Unload","PiercingWail+1","Dodge and Roll","Backflip","Prepared+1","Footwork","After Image+1","Blade Dance","After Image","Cloak And Dagger+1","Blade Dance+1","Dodge and Roll","Caltrops+1","Cloak And Dagger+1","Tactician+1","Caltrops+1","Leg Sweep"],"relics":["Ring of the Snake","NeowsBlessing","CeramicFish","InkBottle","Bottled Tornado","Paper Crane","WristBlade","Kunai","War Paint","Bronze Scales","Old Coin","HornCleat","Peace Pipe","Orrery","CaptainsWheel","Fusion Hammer","FossilizedHelix","Nunchaku","Mummified Hand","DollysMirror","Mercury Hourglass"],"acts_visited":["Exordium","TheCity","TheBeyond","TheEnding"],"potions_floor_usage":[14,16,23,33,44,55,55,55],"damage_taken":[{"damage":0,"enemies":"Small Slimes","floor":1,"turns":1},{"damage":0,"enemies":"Jaw Worm","floor":5,"turns":1},{"damage":0,"enemies":"3 Sentries","floor":7,"turns":1},{"damage":0,"enemies":"Cultist","floor":8,"turns":4},{"damage":0,"enemies":"Blue Slaver","floor":12,"turns":4},{"damage":37,"enemies":"Gremlin Nob","floor":13,"turns":8},{"damage":2,"enemies":"Large Slime","floor":14,"turns":8},{"damage":25,"enemies":"Slime Boss","floor":16,"turns":19},{"damage":11,"enemies":"2 Thieves","floor":18,"turns":4},{"damage":5,"enemies":"Shell Parasite","floor":21,"turns":5},{"damage":43,"enemies":"Gremlin Leader","floor":23,"turns":11},{"damage":2,"enemies":"Book of Stabbing","floor":25,"turns":7},{"damage":0,"enemies":"Shelled Parasite and Fungi","floor":29,"turns":5},{"damage":6,"enemies":"Snake Plant","floor":30,"turns":4},{"damage":6,"enemies":"Automaton","floor":33,"turns":15},{"damage":0,"enemies":"Orb Walker","floor":35,"turns":4},{"damage":3,"enemies":"3 Darklings","floor":36,"turns":6},{"damage":0,"enemies":"Sphere and 2 Shapes","floor":38,"turns":6},{"damage":0,"enemies":"Mind Bloom Boss Battle","floor":41,"turns":7},{"damage":0,"enemies":"Writhing Mass","floor":44,"turns":9},{"damage":0,"enemies":"Jaw Worm Horde","floor":45,"turns":4},{"damage":0,"enemies":"Spire Growth","floor":46,"turns":5},{"damage":0,"enemies":"Nemesis","floor":48,"turns":7},{"damage":0,"enemies":"Time Eater","floor":50,"turns":15},{"damage":0,"enemies":"Shield and Spear","floor":54,"turns":9},{"damage":33,"enemies":"The Heart","floor":55,"turns":9}],"seed_played":"-3907636696235523114","potions_obtained":[{"floor":12,"key":"Regen Potion"},{"floor":13,"key":"SneckoOil"},{"floor":16,"key":"BlessingOfTheForge"},{"floor":18,"key":"Dexterity Potion"},{"floor":21,"key":"SkillPotion"},{"floor":25,"key":"AttackPotion"},{"floor":29,"key":"EntropicBrew"},{"floor":36,"key":"SteroidPotion"},{"floor":45,"key":"LiquidBronze"},{"floor":54,"key":"FairyPotion"}],"is_trial":false,"path_per_floor":["M","$","?","?","M","R","E","M","T","T","R","M","E","M","R","B",null,"M","?","$","M","?","E","R","E","T","?","R","M","M","$","R","B",null,"M","M","?","M","?","R","?","$","T","M","M","M","R","E","R","B",null,"R","$","E","B",null],"character_chosen":"THE_SILENT","items_purchased":["Footwork","Cloak And Dagger","Kunai","War Paint","Orrery","CaptainsWheel","Nunchaku","DollysMirror","Leg Sweep"],"campfire_rested":2,"item_purchase_floors":[2,2,20,20,31,31,42,53,53],"current_hp_per_floor":[70,70,70,70,70,70,70,70,70,70,70,70,33,46,46,21,70,59,59,59,54,54,11,32,30,30,30,51,51,45,45,45,39,70,70,67,67,67,67,67,67,67,67,67,67,67,67,67,67,67,70,70,70,70,37],"gold":94,"neow_bonus":"THREE_ENEMY_KILL","is_daily":false,"chose_seed":false,"campfire_upgraded":4,"win_rate":0.0,"timestamp":1613155365,"path_taken":["M","$","?","?","M","R","E","M","T","?","R","?","E","M","R","BOSS","M","?","$","M","?","E","R","E","T","?","R","?","M","?","R","BOSS","M","M","?","M","?","R","?","$","T","M","?","M","R","E","R","BOSS","R","$","E","BOSS"],"items_purchased_type":["Card","Card","Relic","Relic","Relic","Relic","Relic","Relic","Card"],"build_version":"2020-12-22","purchased_purges":1,"victory":true,"max_hp_per_floor":[70,70,70,70,70,70,70,70,70,70,70,70,70,70,70,70,70,70,70,70,70,70,70,70,70,70,70,70,70,70,70,70,70,70,70,70,70,70,70,70,70,70,70,70,70,70,70,70,70,70,70,70,70,70,70],"card_choices":[{"not_picked":["PiercingWail","Deadly Poison"],"picked":"Well Laid Plans","floor":1},{"not_picked":["Terror","Endless Agony","Setup"],"picked":"SKIP","floor":5},{"not_picked":["Distraction","Quick Slash"],"picked":"Prepared","floor":7},{"not_picked":["PiercingWail","Concentrate"],"picked":"Backstab","floor":8},{"not_picked":["Calculated Gamble","Backstab"],"picked":"Footwork","floor":12},{"not_picked":["Prepared","Venomology"],"picked":"Sucker Punch","floor":13},{"not_picked":["Well Laid Plans","Bouncing Flask"],"picked":"Poisoned Stab","floor":14},{"not_picked":["Wraith Form v2","Night Terror"],"picked":"Unload","floor":16},{"not_picked":["Prepared","Bane"],"picked":"PiercingWail+1","floor":18},{"not_picked":["Masterful Stab+1","Sucker Punch"],"picked":"Dodge and Roll","floor":21},{"not_picked":["Dagger Throw","Expertise"],"picked":"Backflip","floor":23},{"not_picked":["Underhanded Strike","Endless Agony","Dagger Throw+1"],"picked":"SKIP","floor":25},{"not_picked":["All Out Attack","Calculated Gamble"],"picked":"Prepared+1","floor":29},{"not_picked":["Quick Slash+1","Unload","Heel Hook"],"picked":"SKIP","floor":30},{"not_picked":["Dagger Spray+1","Caltrops"],"picked":"Footwork","floor":31},{"not_picked":["All Out Attack","Concentrate"],"picked":"After Image","floor":31},{"not_picked":["Footwork+1","Riddle With Holes"],"picked":"Blade Dance","floor":31},{"not_picked":["Grand Finale","Corpse Explosion"],"picked":"After Image","floor":33},{"not_picked":["Deadly Poison","Slice+1"],"picked":"Cloak And Dagger+1","floor":35},{"not_picked":["Bane","Flechettes","Bouncing Flask+1"],"picked":"SKIP","floor":36},{"not_picked":["Bane+1","All Out Attack"],"picked":"Blade Dance+1","floor":38},{"not_picked":["Caltrops+1","Underhanded Strike+1"],"picked":"Dodge and Roll","floor":41},{"not_picked":["Blade Dance","Finisher+1"],"picked":"Caltrops+1","floor":44},{"not_picked":["Blade Dance+1","PiercingWail"],"picked":"Cloak And Dagger+1","floor":45},{"not_picked":["Endless Agony+1","Acrobatics+1"],"picked":"Tactician+1","floor":46},{"not_picked":["Slice+1","Heel Hook","Storm of Steel"],"picked":"SKIP","floor":48},{"not_picked":["Dagger Throw+1","All Out Attack+1","Calculated Gamble"],"picked":"SKIP","floor":54}],"player_experience":174117,"relics_obtained":[{"floor":7,"key":"CeramicFish"},{"floor":9,"key":"InkBottle"},{"floor":10,"key":"Bottled Tornado"},{"floor":13,"key":"Paper Crane"},{"floor":23,"key":"Bronze Scales"},{"floor":25,"key":"Old Coin"},{"floor":26,"key":"HornCleat"},{"floor":41,"key":"FossilizedHelix"},{"floor":48,"key":"Mummified Hand"},{"floor":54,"key":"Mercury Hourglass"}],"event_choices":[{"damage_healed":0,"gold_gain":0,"player_choice":"Left Gold","damage_taken":0,"max_hp_gain":0,"max_hp_loss":0,"event_name":"World of Goop","floor":3,"gold_loss":27},{"damage_healed":0,"gold_gain":0,"player_choice":"Grow","damage_taken":0,"max_hp_gain":0,"max_hp_loss":0,"event_name":"Living Wall","floor":4,"gold_loss":0,"cards_upgraded":["Neutralize"]},{"damage_healed":0,"gold_gain":0,"player_choice":"Simplicity","damage_taken":0,"max_hp_gain":0,"max_hp_loss":0,"event_name":"Back to Basics","floor":19,"gold_loss":0,"cards_upgraded":["Strike_G","Strike_G","Strike_G","Strike_G","Strike_G","Defend_G","Defend_G","Defend_G","Defend_G","Defend_G"]},{"damage_healed":0,"gold_gain":0,"player_choice":"Ignored","damage_taken":0,"max_hp_gain":0,"max_hp_loss":0,"event_name":"Ghosts","floor":22,"gold_loss":0},{"damage_healed":0,"gold_gain":0,"player_choice":"Opened","damage_taken":0,"relics_obtained":["Peace Pipe"],"max_hp_gain":0,"max_hp_loss":0,"event_name":"The Mausoleum","floor":27,"gold_loss":0},{"damage_healed":0,"gold_gain":0,"player_choice":"Memory 1","damage_taken":0,"max_hp_gain":0,"max_hp_loss":0,"event_name":"SensoryStone","floor":37,"gold_loss":0},{"cards_removed":["Strike_G"],"damage_healed":0,"gold_gain":0,"player_choice":"Removed Attack","damage_taken":0,"max_hp_gain":0,"max_hp_loss":0,"event_name":"Falling","floor":39,"gold_loss":0},{"damage_healed":0,"gold_gain":0,"player_choice":"Fight","damage_taken":0,"max_hp_gain":0,"max_hp_loss":0,"event_name":"MindBloom","floor":41,"gold_loss":0}],"is_beta":false,"boss_relics":[{"not_picked":["Busted Crown","Black Star"],"picked":"WristBlade"},{"not_picked":["Empty Cage","Ring of the Serpent"],"picked":"Fusion Hammer"}],"items_purged_floors":[53],"is_endless":false,"potions_floor_spawned":[12,13,16,18,21,25,29,36,38,45,54],"ascension_level":4}}