{"host":"sc0o2qwpf9j16a4i","time":1613133987,"event":{"mods":["AchievementEnabler","BaseMod","BetterRewards","Block Reminder","Colored Map","Colored Powertips","Custom Start","Highlight Path","Minty Spire (QoL Compilation)","Relic Stats"],"gold_per_floor":[360,136,136,136,149,149,184,199,199,225,240,240,263,263,263],"floor_reached":14,"language":"ENG","playtime":279,"items_purged":[],"score":180,"play_id":"73e40d2e-02a5-428f-baec-381a5432d79d","local_time":"20210212144627","is_ascension_mode":true,"campfire_choices":[{"data":"Sever Soul","floor":6,"key":"SMITH"},{"data":"Armaments","floor":12,"key":"SMITH"}],"circlet_count":0,"master_deck":["AscendersBane","Strike_R","Strike_R","Strike_R","Strike_R","Defend_R","Defend_R","Defend_R","Defend_R","Bash","Sever Soul+1","Shockwave","Thunderclap","Armaments+1","Shrug It Off","Second Wind"],"relics":["Burning Blood","Medical Kit","Golden Idol","Paper Frog","Molten Egg 2","Bronze Scales"],"acts_visited":["Exordium"],"potions_floor_usage":[7,7,11],"damage_taken":[{"damage":2,"enemies":"2 Louse","floor":1,"turns":3},{"damage":6,"enemies":"Jaw Worm","floor":5,"turns":5},{"damage":10,"enemies":"3 Sentries","floor":7,"turns":5},{"damage":8,"enemies":"Small Slimes","floor":8,"turns":4},{"damage":7,"enemies":"Gremlin Gang","floor":11,"turns":3},{"damage":24,"enemies":"Exordium Thugs","floor":13,"turns":4},{"damage":26,"enemies":"Gremlin Nob","floor":14,"turns":3}],"seed_played":"3913709315804541001","potions_obtained":[{"floor":1,"key":"PowerPotion"},{"floor":5,"key":"DistilledChaos"},{"floor":8,"key":"Explosive Potion"},{"floor":13,"key":"SpeedPotion"}],"is_trial":false,"path_per_floor":["M","$","?","?","M","R","E","M","T","T","M","R","M","E"],"character_chosen":"IRONCLAD","items_purchased":["Medical Kit","FearPotion"],"campfire_rested":0,"item_purchase_floors":[2,2],"current_hp_per_floor":[68,68,45,38,38,38,34,32,32,32,31,31,13,0,0],"gold":263,"neow_bonus":"TWO_FIFTY_GOLD","is_daily":false,"chose_seed":false,"campfire_upgraded":2,"win_rate":0.0,"timestamp":1613133987,"path_taken":["M","$","?","?","M","R","E","M","T","?","M","R","M","E"],"items_purchased_type":["Relic","Potion"],"build_version":"2020-12-22","purchased_purges":0,"victory":false,"max_hp_per_floor":[68,68,68,68,68,68,68,68,68,68,68,68,68,68,68],"relic_stats":{"counters":[7,27],"Golden Idol":21,"Bronze Scales":[18],"Medical Kit":[0],"obtain_stats":[{"Golden Idol":3,"Bronze Scales":10,"Molten Egg 2":9,"Medical Kit":2,"Burning Blood":0,"Paper Frog":7},{"Golden Idol":1,"Bronze Scales":4,"Molten Egg 2":4,"Medical Kit":1,"Burning Blood":0,"Paper Frog":3},{"Golden Idol":3,"Bronze Scales":17,"Molten Egg 2":17,"Medical Kit":3,"Burning Blood":0,"Paper Frog":13}],"Burning Blood":32},"card_choices":[{"not_picked":["Dual Wield","Warcry"],"picked":"Sever Soul","floor":1},{"not_picked":["Clash","Dark Embrace"],"picked":"Shockwave","floor":5},{"not_picked":["Twin Strike","Rupture"],"picked":"Thunderclap","floor":7},{"not_picked":["Sword Boomerang","Warcry"],"picked":"Armaments","floor":8},{"not_picked":["Warcry","Shockwave"],"picked":"Shrug It Off","floor":11},{"not_picked":["Hemokinesis+1","Body Slam+1"],"picked":"Second Wind","floor":13}],"player_experience":1360653,"relics_obtained":[{"floor":7,"key":"Paper Frog"},{"floor":9,"key":"Molten Egg 2"},{"floor":10,"key":"Bronze Scales"}],"event_choices":[{"damage_healed":0,"gold_gain":0,"player_choice":"Take Damage","damage_taken":23,"relics_obtained":["Golden Idol"],"max_hp_gain":0,"max_hp_loss":0,"event_name":"Golden Idol","floor":3,"gold_loss":0},{"cards_removed":["Strike_R"],"damage_healed":0,"gold_gain":0,"player_choice":"Card Removal","damage_taken":7,"max_hp_gain":0,"max_hp_loss":0,"event_name":"Golden Wing","floor":4,"gold_loss":0}],"is_beta":false,"boss_relics":[],"items_purged_floors":[],"is_endless":false,"potions_floor_spawned":[1,5,8,13],"killed_by":"Gremlin Nob","ascension_level":20}}