{"host":"87w2793jpavfbt1o","time":1613131562,"event":{"mods":["AchievementEnabler","Aspiration","BaseMod","Better Altar","Better Match","Better Note","Better Sensory Stone","Better Skull","Better Third Choice","Better Vampires","BetterRewards","Conspire","Displayed Cursed Tome","Downfall","Energized Spire","Filter the Spire","Halation","Highlight Path","Hubris","Marked Mod","Minty Spire (QoL Compilation)","Practice Mode","Relic Sorter","Replay The Spire","StSLib","??????REMEMod"],"gold_per_floor":[110,110,17,44,60,60,72,85,85,115,129,158,174,190,190,289,289,329,416,436,34,34,34,67,77,77,92,92,111,111,123,123,220,220,233,249,249,249,264,264,296,309,360,360,394,394,394,406,406,406,406],"floor_reached":50,"language":"ENG","playtime":5701,"items_purged":[],"score":845,"play_id":"a987a67a-df8f-4c25-bce5-f4d8a7c6650d","local_time":"20210212040602","is_ascension_mode":true,"campfire_choices":[{"floor":6,"key":"REST"},{"floor":15,"key":"REST"},{"floor":23,"key":"REST"},{"floor":28,"key":"REST"},{"floor":32,"key":"REST"},{"floor":40,"key":"RECALL"},{"floor":44,"key":"REST"},{"floor":49,"key":"REST"}],"circlet_count":0,"master_deck":["Strike_P","Strike_P","Defend_P","Defend_P","Defend_P","Eruption","Vigilance","Replay:Bag of Tricks+1","Prostrate","ForeignInfluence","Steam","REME_TwoStrings","CutThroughFate","MarkedMod:Acupuncture","MarkedMod:GracefulMovements","PathToVictory","ThirdEye","MarkedMod:GentlePulse","MarkedMod:PinPointDefense","Protect","Worship","MarkedMod:NorthStar+1","PathToVictory","ClearTheMind+1","FollowUp","Tantrum","Halt","Swivel+1","Bandage Up+1","Replay:ManipulateFuture","MarkedMod:GentlePulse","Replay:LoomingThreat+1","Prostrate","Establishment+1","Swivel","FlyingSleeves","CommonCold","Writhe","ThirdEye","TalkToTheHand+1","MarkedMod:FirstStrike","EmptyMind+1","MarkedMod:GracefulMovements"],"relics":["HolyWater","REME_ComplimentaryCards","Golden Egg","conspire:Boomerang","Sundial","PreservedInsect","conspire:Flyswatter","Bag of Preparation","ReplayTheSpireMod:Shallot","aspiration:PoetsPen_weak","Ring of Hypnosis","Ring of Panic","Molten Egg 2","hubris:ToyBattleship","halation:Toothbrush","halation:PapillonHeart"],"acts_visited":["Exordium","TheCity","TheBeyond"],"potions_floor_usage":[4,8,8,10,12,12,12,14,18,24,31,33,36,41,45,48,50,50],"damage_taken":[{"damage":0,"enemies":"Jaw Worm","floor":1,"turns":3},{"damage":37,"enemies":"conspire:MimicChest","floor":4,"turns":4},{"damage":0,"enemies":"Small Slimes","floor":5,"turns":2},{"damage":0,"enemies":"Cultist","floor":7,"turns":3},{"damage":0,"enemies":"Lots of Slimes","floor":8,"turns":1},{"damage":32,"enemies":"Gremlin Nob","floor":10,"turns":4},{"damage":0,"enemies":"Large Slime","floor":11,"turns":3},{"damage":2,"enemies":"3 Sentries","floor":12,"turns":5},{"damage":7,"enemies":"Blue Slaver","floor":13,"turns":3},{"damage":9,"enemies":"Gremlin Gang","floor":14,"turns":4},{"damage":14,"enemies":"Hexaghost","floor":16,"turns":7},{"damage":0,"enemies":"Spheric Guardian","floor":18,"turns":3},{"damage":26,"enemies":"Shell Parasite","floor":20,"turns":5},{"damage":32,"enemies":"Gremlin Leader","floor":24,"turns":8},{"damage":8,"enemies":"Centurion and Healer","floor":25,"turns":5},{"damage":14,"enemies":"Chosen and Byrds","floor":27,"turns":7},{"damage":0,"enemies":"conspire:HollyBat","floor":29,"turns":5},{"damage":20,"enemies":"Sentry and Sphere","floor":31,"turns":3},{"damage":53,"enemies":"Champ","floor":33,"turns":8},{"damage":0,"enemies":"3 Darklings","floor":35,"turns":3},{"damage":9,"enemies":"3 Shapes","floor":36,"turns":4},{"damage":39,"enemies":"Spire Growth","floor":39,"turns":5},{"damage":12,"enemies":"Giant Head","floor":41,"turns":5},{"damage":21,"enemies":"Writhing Mass","floor":42,"turns":4},{"damage":0,"enemies":"Nemesis","floor":45,"turns":3},{"damage":0,"enemies":"Transient","floor":48,"turns":5},{"damage":78,"enemies":"Donu and Deca","floor":50,"turns":7}],"seed_played":"4093540740702597276","potions_obtained":[{"floor":1,"key":"Fruit Juice"},{"floor":4,"key":"EntropicBrew"},{"floor":10,"key":"Explosive Potion"},{"floor":11,"key":"BlessingOfTheForge"},{"floor":12,"key":"Energy Potion"},{"floor":16,"key":"REME_GoldPotion"},{"floor":20,"key":"Adrenaline Potion"},{"floor":24,"key":"Elixir"},{"floor":25,"key":"champ:CounterPotion"},{"floor":31,"key":"champ:CounterPotion"},{"floor":39,"key":"hexamod:SoulburnPotion"},{"floor":41,"key":"BottledMiracle"},{"floor":42,"key":"sneckomod:MuddlingPotion"},{"floor":45,"key":"AttackPotion"}],"is_trial":false,"path_per_floor":["M","?","$","?","M","R","M","M","T","E","M","E","M","M","R","B",null,"M","?","M","$","T","R","E","M","T","M","R","M","$","M","R","B",null,"M","M","?","?","M","R","E","M","T","R","E","?","?","M","R","B"],"character_chosen":"WATCHER","items_purchased":["REME_TwoStrings","PreservedInsect","Swivel","Bandage Up","CultistPotion"],"campfire_rested":7,"item_purchase_floors":[3,21,21,21,21],"current_hp_per_floor":[65,65,65,33,33,56,56,56,56,24,24,22,15,6,29,15,62,62,43,17,17,17,40,14,12,12,4,27,33,33,33,56,9,60,66,57,57,76,43,43,37,22,22,45,45,45,48,48,70,0,0],"gold":406,"neow_bonus":"UPGRADE_CARD","is_daily":false,"chose_seed":false,"campfire_upgraded":0,"win_rate":0.0,"timestamp":1613131562,"path_taken":["M","?","$","?","M","R","M","?","T","E","M","E","?","M","R","BOSS","M","?","?","?","?","R","E","M","T","M","R","M","$","M","R","BOSS","M","M","?","?","M","R","E","M","T","R","E","?","?","?","R","BOSS"],"items_purchased_type":["Card","Relic","Card","Card","Potion"],"build_version":"2020-12-22","purchased_purges":0,"victory":false,"max_hp_per_floor":[72,72,72,77,77,77,77,77,77,77,77,77,77,77,77,77,77,77,77,77,77,77,77,77,77,77,77,77,77,77,77,77,77,77,77,77,77,77,77,77,77,77,77,77,77,73,76,76,76,76,76],"card_choices":[{"not_picked":["EmptyBody","SashWhip"],"picked":"Prostrate","floor":1},{"not_picked":["Tantrum","ReachHeaven"],"picked":"CutThroughFate","floor":4},{"not_picked":["EmptyFist","JustLucky"],"picked":"MarkedMod:Acupuncture","floor":5},{"not_picked":["MarkedMod:GentlePulse","Prostrate"],"picked":"MarkedMod:GracefulMovements","floor":7},{"not_picked":["MentalFortress","Establishment"],"picked":"PathToVictory","floor":8},{"not_picked":["Study","EmptyBody"],"picked":"ThirdEye","floor":10},{"not_picked":["ClearTheMind","Adaptation"],"picked":"MarkedMod:GentlePulse","floor":11},{"not_picked":["ConjureBlade","Study"],"picked":"MarkedMod:PinPointDefense","floor":12},{"not_picked":["EmptyBody","Replay:Hum"],"picked":"Protect","floor":13},{"not_picked":["REME_Repentance","Fasting2"],"picked":"Worship","floor":14},{"not_picked":["Replay:LoomingThreat","Ragnarok"],"picked":"MarkedMod:NorthStar","floor":16},{"not_picked":["Fasting2+1","ClearTheMind"],"picked":"PathToVictory","floor":18},{"not_picked":["BowlingBash","Crescendo"],"picked":"ClearTheMind+1","floor":19},{"not_picked":["CutThroughFate+1","Tantrum+1"],"picked":"FollowUp","floor":19},{"not_picked":["ReachHeaven+1","SashWhip"],"picked":"Tantrum","floor":19},{"not_picked":["Weave","BowlingBash+1"],"picked":"Halt","floor":20},{"not_picked":["MentalFortress","Tantrum"],"picked":"Replay:ManipulateFuture","floor":24},{"not_picked":["FlyingSleeves","WheelKick"],"picked":"MarkedMod:GentlePulse","floor":25},{"not_picked":["BowlingBash","REME_Repentance","FollowUp"],"picked":"SKIP","floor":27},{"not_picked":["Replay:ManipulateFuture","Swivel+1"],"picked":"Replay:LoomingThreat","floor":29},{"not_picked":["EmptyFist","Weave"],"picked":"Prostrate","floor":31},{"not_picked":["Judgement","MarkedMod:NorthStar"],"picked":"Establishment","floor":33},{"not_picked":["ClearTheMind","EmptyFist+1"],"picked":"Swivel","floor":35},{"not_picked":["MarkedMod:Acupuncture+1","REME_WorshipGod"],"picked":"FlyingSleeves","floor":36},{"not_picked":["Halt","Crescendo+1"],"picked":"ThirdEye","floor":39},{"not_picked":["REME_Repentance","Evaluate"],"picked":"TalkToTheHand+1","floor":41},{"not_picked":["ClearTheMind","EmptyFist+1"],"picked":"MarkedMod:FirstStrike","floor":42},{"not_picked":["BowlingBash+1","Protect+1"],"picked":"EmptyMind+1","floor":45},{"not_picked":["Vengeance","FearNoEvil+1"],"picked":"MarkedMod:GracefulMovements","floor":48}],"player_experience":599295,"relics_obtained":[{"floor":4,"key":"Golden Egg"},{"floor":10,"key":"conspire:Boomerang"},{"floor":12,"key":"Sundial"},{"floor":22,"key":"conspire:Flyswatter"},{"floor":24,"key":"Bag of Preparation"},{"floor":26,"key":"ReplayTheSpireMod:Shallot"},{"floor":37,"key":"Ring of Hypnosis"},{"floor":37,"key":"Ring of Panic"},{"floor":41,"key":"Molten Egg 2"},{"floor":43,"key":"hubris:ToyBattleship"},{"floor":45,"key":"halation:Toothbrush"}],"event_choices":[{"damage_healed":19,"gold_gain":0,"player_choice":"Writhe","damage_taken":0,"max_hp_gain":0,"max_hp_loss":0,"event_name":"Winding Halls","floor":38,"gold_loss":0,"cards_obtained":["Writhe"]},{"cards_removed":["Strike_P"],"damage_healed":0,"gold_gain":0,"player_choice":"Removed Attack","damage_taken":0,"max_hp_gain":0,"max_hp_loss":0,"event_name":"Falling","floor":47,"gold_loss":0}],"is_beta":false,"boss_relics":[{"not_picked":["halation:ForbiddenBikini","energizedSpire:BlackCloud"],"picked":"HolyWater"},{"not_picked":["energizedSpire:EnergizedDie","Replay:Drink Me"],"picked":"aspiration:PoetsPen_weak"}],"items_purged_floors":[],"is_endless":false,"potions_floor_spawned":[1,4,10,11,12,16,20,24,25,31,39,41,42,45],"killed_by":"Donu and Deca","ascension_level":8}}