{"host":"v9yiptmoyyuggqjj","time":1613119226,"event":{"mods":["AchievementEnabler","BaseMod","BetterRewards","Card Forge","Colored Map","Colored Powertips","DeckTracker","Highlight Path","Infinite Spire","Minty Spire (QoL Compilation)","Quick Restart","Shop Mod","StSLib","Swap Starting Deck Mod"],"gold_per_floor":[115,115,290,290,147,147,177,177,254,288,304,333,345,370,370,468,468,480,480,480,405,305,305,334,334,334,334,352,365,398,273,273,375,375,393,393,393],"floor_reached":36,"language":"ENG","playtime":1758,"items_purged":["Doubt","Ball Lightning","Conserve Battery"],"score":615,"play_id":"e8b523a6-1700-4f4a-8a9b-6bf181b4adb7","local_time":"20210212014026","daily_mods":["SealedDeck","Heirloom","Elite Swarm"],"is_ascension_mode":true,"campfire_choices":[{"data":"Zap","floor":6,"key":"SMITH"},{"data":"Electrodynamics","floor":8,"key":"SMITH"},{"data":"Creative AI","floor":15,"key":"SMITH"},{"floor":23,"key":"REST"},{"floor":25,"key":"REST"},{"data":"Electrodynamics","floor":27,"key":"SMITH"},{"data":"Defragment","floor":32,"key":"SMITH"}],"circlet_count":0,"master_deck":["Steam","Steam","Beam Cell","Storm","Ball Lightning","Ball Lightning","Redo+1","Redo","Ball Lightning","Zap+1","Self Repair","Electrodynamics+1","Electrodynamics+1","Creative AI+1","Storm","Echo Form","Defragment+1"],"relics":["Cracked Core","Hammer of Thor","Seething Fire","Anvil of the Gods","Du-Vu Doll","infinitespire:Bottled Soul","Lantern","DataDisk","Orichalcum","Philosopher\u0027s Stone","Enchiridion","FossilizedHelix","Letter Opener","Oddly Smooth Stone","Runic Pyramid"],"acts_visited":["Exordium","TheCity","TheBeyond"],"potions_floor_usage":[16,18,24,36],"damage_taken":[{"damage":6,"enemies":"Jaw Worm","floor":1,"turns":2},{"damage":12,"enemies":"Gremlin Nob","floor":7,"turns":3},{"damage":5,"enemies":"3 Sentries","floor":10,"turns":3},{"damage":6,"enemies":"2 Louse","floor":11,"turns":2},{"damage":2,"enemies":"Gremlin Nob","floor":12,"turns":3},{"damage":0,"enemies":"Cultist","floor":13,"turns":2},{"damage":7,"enemies":"3 Sentries","floor":14,"turns":3},{"damage":29,"enemies":"The Guardian","floor":16,"turns":5},{"damage":35,"enemies":"3 Byrds","floor":18,"turns":3},{"damage":27,"enemies":"Gremlin Leader","floor":24,"turns":3},{"damage":0,"enemies":"Spheric Guardian","floor":28,"turns":2},{"damage":0,"enemies":"Centurion and Healer","floor":29,"turns":2},{"damage":23,"enemies":"Slavers","floor":30,"turns":2},{"damage":16,"enemies":"Collector","floor":33,"turns":4},{"damage":0,"enemies":"3 Darklings","floor":35,"turns":1},{"damage":0,"enemies":"infinitespire:Three Voidlings","floor":36,"turns":2},{"damage":72,"enemies":"Nightmare_Alpha","floor":36,"turns":5}],"seed_played":"-402375143625822052","potions_obtained":[{"floor":1,"key":"Energy Potion"},{"floor":7,"key":"Fire Potion"},{"floor":13,"key":"Energy Potion"},{"floor":14,"key":"Fruit Juice"},{"floor":16,"key":"BlessingOfTheForge"},{"floor":24,"key":"SpeedPotion"},{"floor":29,"key":"SteroidPotion"},{"floor":30,"key":"PowerPotion"}],"is_trial":true,"path_per_floor":["M","?","?","?","$","R","E","R","T","E","M","E","M","E","R","B",null,"M","?","?","?","$","R","E","R","T","R","M","M","E","$","R","B",null,"M","?"],"character_chosen":"DEFECT","items_purchased":["Self Repair"],"campfire_rested":2,"item_purchase_floors":[5],"current_hp_per_floor":[62,62,62,62,62,62,57,57,57,59,60,58,58,58,58,41,70,42,42,26,26,26,50,30,54,54,54,61,61,45,45,45,29,67,67,0,0],"gold":393,"neow_bonus":"","is_daily":false,"chose_seed":false,"campfire_upgraded":5,"win_rate":0.0,"timestamp":1613119226,"path_taken":["M","?","?","?","$","R","E","R","T","E","?","E","M","E","R","BOSS","M","?","?","?","$","R","E","R","T","R","?","M","E","$","R","BOSS","M","?"],"items_purchased_type":["Card"],"build_version":"2020-12-22","purchased_purges":3,"victory":false,"max_hp_per_floor":[75,75,75,75,75,75,75,75,75,75,75,75,75,75,75,80,80,80,80,80,80,80,80,80,80,80,80,80,80,80,80,80,80,80,80,80,80],"card_choices":[{"not_picked":["Coolheaded","Barrage","Rip and Tear"],"picked":"SKIP","floor":1},{"not_picked":["Rainbow","Reboot"],"picked":"Electrodynamics","floor":7},{"not_picked":["Creative AI","Core Surge"],"picked":"Electrodynamics","floor":10},{"not_picked":["Go for the Eyes","Force Field"],"picked":"Ball Lightning","floor":11},{"not_picked":["Machine Learning","Core Surge"],"picked":"Creative AI","floor":12},{"not_picked":["Heatsinks","Gash"],"picked":"Storm","floor":13},{"not_picked":["Machine Learning","All For One","Rainbow"],"picked":"SKIP","floor":14},{"not_picked":["Buffer","Rainbow"],"picked":"Echo Form","floor":16},{"not_picked":["Compile Driver","Recycle","Redo"],"picked":"SKIP","floor":18},{"not_picked":["Buffer","All For One","Reboot"],"picked":"SKIP","floor":24},{"not_picked":["Turbo","Rebound+1","Redo"],"picked":"SKIP","floor":28},{"not_picked":["Leap","Turbo","Scrape+1"],"picked":"SKIP","floor":29},{"not_picked":["Machine Learning","Multi-Cast","Electrodynamics"],"picked":"SKIP","floor":30},{"not_picked":["Beam Cell+1","Cold Snap","Undo+1"],"picked":"SKIP","floor":35}],"player_experience":581962,"relics_obtained":[{"floor":9,"key":"infinitespire:Bottled Soul"},{"floor":10,"key":"Lantern"},{"floor":12,"key":"DataDisk"},{"floor":14,"key":"Orichalcum"},{"floor":20,"key":"Enchiridion"},{"floor":24,"key":"FossilizedHelix"},{"floor":26,"key":"Letter Opener"},{"floor":30,"key":"Oddly Smooth Stone"}],"event_choices":[{"damage_healed":0,"gold_gain":175,"player_choice":"AGREE","damage_taken":0,"max_hp_gain":0,"max_hp_loss":0,"event_name":"Liars Game","floor":3,"gold_loss":0,"cards_obtained":["Doubt"]},{"damage_healed":0,"gold_gain":0,"player_choice":"2 cards matched","damage_taken":0,"max_hp_gain":0,"max_hp_loss":0,"event_name":"Match and Keep!","floor":4,"gold_loss":0,"cards_obtained":["Ball Lightning","Zap"]},{"damage_healed":0,"gold_gain":0,"player_choice":"Read","damage_taken":0,"max_hp_gain":0,"max_hp_loss":0,"event_name":"The Library","floor":19,"gold_loss":0,"cards_obtained":["Defragment"]},{"damage_healed":0,"gold_gain":0,"player_choice":"Obtained Book","damage_taken":16,"max_hp_gain":0,"max_hp_loss":0,"event_name":"Cursed Tome","floor":20,"gold_loss":0},{"cards_removed":["Cold Snap"],"damage_healed":0,"gold_gain":0,"player_choice":"Gave Gold","damage_taken":0,"max_hp_gain":0,"max_hp_loss":0,"event_name":"Beggar","floor":21,"gold_loss":75}],"is_beta":false,"boss_relics":[{"not_picked":["Empty Cage","SlaversCollar"],"picked":"Philosopher\u0027s Stone"},{"not_picked":["Sozu","Nuclear Battery"],"picked":"Runic Pyramid"}],"items_purged_floors":[5,22,31],"is_endless":false,"potions_floor_spawned":[1,7,13,14,16,24,29,30,35,36],"killed_by":"Nightmare_Alpha","ascension_level":9}}