{"host":"z2qbs5oitkx9dzyk","time":1613103642,"event":{"mods":["BaseMod","Colored Map","Colored Powertips","Minty Spire (QoL Compilation)"],"gold_per_floor":[10,20,20,20,20,46,46,57,57,57,86,86,121,133,133,233,283,297,285,305,305,305,305,305,80,80,80,96,109,109,109,109],"floor_reached":31,"language":"ENG","playtime":1087,"items_purged":[],"score":278,"play_id":"6d783821-04dc-4530-83f4-98125696bf7f","local_time":"20210211222042","is_ascension_mode":false,"campfire_choices":[{"data":"Darkness","floor":7.0,"key":"SMITH"},{"floor":10.0,"key":"REST"},{"floor":12.0,"key":"REST"},{"data":"Genetic Algorithm","floor":15.0,"key":"SMITH"},{"data":"Creative AI","floor":23.0,"key":"SMITH"},{"floor":27.0,"key":"REST"}],"circlet_count":0,"master_deck":["Strike_B+1","Strike_B+1","Strike_B+1","Strike_B+1","Defend_B+1","Defend_B+1","Defend_B+1","Defend_B+1","Zap","Dualcast","White Noise+1","Darkness+1","Regret","Genetic Algorithm+1","Leap","Heatsinks","Electrodynamics","Creative AI+1","Conserve Battery+1","Melter","Stack+1","Madness"],"relics":["Cracked Core","Calipers","Blue Candle","Ornamental Fan","PreservedInsect","Sundial","Cables","Pen Nib","Tiny House","MutagenicStrength","MealTicket"],"acts_visited":["Exordium","TheCity"],"potions_floor_usage":[],"damage_taken":[{"damage":1.0,"enemies":"Cultist","floor":1.0,"turns":4.0},{"damage":6.0,"enemies":"Jaw Worm","floor":2.0,"turns":4.0},{"damage":21.0,"enemies":"Lagavulin","floor":6.0,"turns":7.0},{"damage":6.0,"enemies":"Small Slimes","floor":8.0,"turns":4.0},{"damage":7.0,"enemies":"Gremlin Nob","floor":11.0,"turns":4.0},{"damage":18.0,"enemies":"3 Sentries","floor":13.0,"turns":6.0},{"damage":9.0,"enemies":"Blue Slaver","floor":14.0,"turns":4.0},{"damage":33.0,"enemies":"Slime Boss","floor":16.0,"turns":7.0},{"damage":12.0,"enemies":"Chosen","floor":18.0,"turns":5.0},{"damage":6.0,"enemies":"2 Thieves","floor":19.0,"turns":4.0},{"damage":21.0,"enemies":"Snake Plant","floor":20.0,"turns":6.0},{"damage":17.0,"enemies":"Cultist and Chosen","floor":28.0,"turns":5.0},{"damage":31.0,"enemies":"Centurion and Healer","floor":29.0,"turns":10.0},{"damage":26,"enemies":"Chosen and Byrds","floor":31,"turns":4}],"seed_played":"664451389388270139","potions_obtained":[{"floor":6.0,"key":"Weak Potion"},{"floor":13.0,"key":"LiquidMemories"},{"floor":14.0,"key":"Energy Potion"},{"floor":17.0,"key":"SkillPotion"},{"floor":19.0,"key":"Regen Potion"},{"floor":20.0,"key":"PotionOfCapacity"}],"is_trial":false,"path_per_floor":["M","M","?","?","?","E","R","M","T","R","E","R","E","M","R","B",null,"M","M","M","?","?","R","?","$","T","R","M","M","?","M"],"character_chosen":"DEFECT","items_purchased":["MealTicket","Melter"],"campfire_rested":3,"item_purchase_floors":[25,25],"current_hp_per_floor":[74,68,68,68,61,40,40,34,34,56,49,71,53,44,44,11,80,68,62,56,56,41,41,41,41,41,66,49,18,18,0,0],"gold":109,"neow_bonus":"ONE_RARE_RELIC","is_daily":false,"chose_seed":false,"campfire_upgraded":3,"win_rate":0.0,"timestamp":1613103642,"path_taken":["M","M","?","?","?","E","R","M","T","R","E","R","E","M","R","BOSS","M","M","M","?","?","R","?","$","T","R","M","?","?","M"],"items_purchased_type":["Relic","Card"],"build_version":"2020-12-22","purchased_purges":0,"victory":false,"max_hp_per_floor":[75,75,75,75,75,75,75,75,75,75,75,75,75,75,75,75,80,80,80,80,80,85,85,85,85,85,85,85,85,85,85,85],"card_choices":[{"not_picked":["Compile Driver","Ball Lightning"],"picked":"White Noise","floor":1.0},{"not_picked":["Steam Power","Compile Driver"],"picked":"Darkness","floor":2.0},{"not_picked":["Chaos","Ball Lightning"],"picked":"Genetic Algorithm","floor":6.0},{"not_picked":["Rebound","Steam"],"picked":"Leap","floor":8.0},{"not_picked":["Go for the Eyes","Undo"],"picked":"Heatsinks","floor":11.0},{"not_picked":["Glacier","Rebound"],"picked":"Electrodynamics","floor":13.0},{"not_picked":["Doom and Gloom","Go for the Eyes","Cold Snap"],"picked":"SKIP","floor":14.0},{"not_picked":["All For One","Biased Cognition"],"picked":"Creative AI","floor":16.0},{"not_picked":["Chaos","Sweeping Beam+1"],"picked":"Conserve Battery+1","floor":18.0},{"not_picked":["Stack","Ball Lightning","Sunder"],"picked":"SKIP","floor":19.0},{"not_picked":["Tempest","Static Discharge","Rip and Tear"],"picked":"SKIP","floor":20.0},{"not_picked":["Go for the Eyes+1","Streamline","Consume"],"picked":"SKIP","floor":28.0},{"not_picked":["Beam Cell+1","Rip and Tear+1"],"picked":"Stack+1","floor":29.0}],"player_experience":410988,"relics_obtained":[{"floor":6.0,"key":"PreservedInsect"},{"floor":9.0,"key":"Sundial"},{"floor":11.0,"key":"Cables"},{"floor":13.0,"key":"Pen Nib"}],"event_choices":[{"damage_healed":0.0,"max_hp_gain":0.0,"max_hp_loss":0.0,"gold_gain":0.0,"event_name":"Living Wall","player_choice":"Grow","floor":3.0,"gold_loss":0.0,"damage_taken":0.0,"cards_upgraded":["White Noise"]},{"damage_healed":0.0,"max_hp_gain":0.0,"max_hp_loss":0.0,"gold_gain":0.0,"event_name":"Big Fish","player_choice":"Box","floor":4.0,"gold_loss":0.0,"damage_taken":0.0,"relics_obtained":["Blue Candle"],"cards_obtained":["Regret"]},{"damage_healed":0.0,"max_hp_gain":0.0,"max_hp_loss":0.0,"gold_gain":0.0,"event_name":"Scrap Ooze","player_choice":"Success","floor":5.0,"gold_loss":0.0,"damage_taken":7.0,"relics_obtained":["Ornamental Fan"]},{"damage_healed":0.0,"max_hp_gain":0.0,"max_hp_loss":0.0,"gold_gain":0.0,"event_name":"Back to Basics","player_choice":"Simplicity","floor":21.0,"gold_loss":0.0,"damage_taken":0.0,"cards_upgraded":["Strike_B","Strike_B","Strike_B","Defend_B","Defend_B","Defend_B","Defend_B"]},{"damage_healed":0.0,"max_hp_gain":5.0,"max_hp_loss":0.0,"gold_gain":0.0,"event_name":"Forgotten Altar","player_choice":"Shed Blood","floor":22.0,"gold_loss":0.0,"damage_taken":20.0},{"damage_healed":0.0,"max_hp_gain":0.0,"max_hp_loss":0.0,"gold_gain":0.0,"event_name":"Drug Dealer","player_choice":"Inject Mutagens","floor":24.0,"gold_loss":0.0,"damage_taken":0.0,"relics_obtained":["MutagenicStrength"]},{"damage_healed":0.0,"max_hp_gain":0.0,"max_hp_loss":0.0,"gold_gain":0.0,"event_name":"Match and Keep!","player_choice":"1 cards matched","floor":30.0,"gold_loss":0.0,"damage_taken":0.0,"cards_obtained":["Madness"]}],"is_beta":false,"boss_relics":[{"not_picked":["SacredBark","Ectoplasm"],"picked":"Tiny House"}],"items_purged_floors":[],"is_endless":false,"potions_floor_spawned":[6,13,14,19,20],"killed_by":"Chosen and Byrds","ascension_level":0}}