{"host":"c97twqu0op5dg8i4","time":1613115457,"event":{"mods":["AchievementEnabler","BaseMod","Colored Map","Minty Spire (QoL Compilation)","Permanent Neow"],"gold_per_floor":[119,129,129,129,145,145,158,158,158,158,173,173,199,219,219,314,314,330,341,39,39,54,54,82,98,122,122,153,169,169,268,280,280,280,385,385,402,413,76,94,148,148,183,183,183,183,202,234,253,253,270,270,270,270],"floor_reached":55,"language":"ENG","playtime":2570,"items_purged":["Strike_R"],"score":1323,"play_id":"7c1e6fd1-7ee3-4f30-bd99-c9384168e330","local_time":"20210212023737","is_ascension_mode":true,"campfire_choices":[{"data":"Perfected Strike","floor":6.0,"key":"SMITH"},{"data":"Perfected Strike","floor":8.0,"key":"SMITH"},{"data":"Spot Weakness","floor":15.0,"key":"SMITH"},{"data":"Shrug It Off","floor":23.0,"key":"SMITH"},{"floor":30.0,"key":"REST"},{"floor":33.0,"key":"REST"},{"data":"Barricade","floor":34.0,"key":"SMITH"},{"data":"Juggernaut","floor":42.0,"key":"SMITH"},{"data":"Defend_R","floor":50,"key":"SMITH"},{"data":"Defend_R","floor":52,"key":"SMITH"},{"data":"Defend_R","floor":53,"key":"SMITH"}],"circlet_count":0,"master_deck":["AscendersBane","Strike_R","Strike_R","Strike_R","Defend_R+1","Defend_R+1","Defend_R+1","Perfected Strike+1","Shrug It Off+1","Pommel Strike","Perfected Strike+1","Spot Weakness+1","Pommel Strike","Pommel Strike+1","Armaments+1","Double Tap+1","Metallicize+1","Barricade+1","Entrench+1","Battle Trance+1","Shrug It Off+1","Juggernaut+1","Entrench+1","Power Through+1","Shrug It Off+1","Sever Soul+1"],"relics":["Burning Blood","StrikeDummy","Toxic Egg 2","HornCleat","Empty Cage","Lee\u0027s Waffle","Bronze Scales","Centennial Puzzle","Strawberry","Boot","Magic Flower","SlaversCollar","Bottled Tornado","Lizard Tail","Whetstone","Question Card","Blue Candle"],"acts_visited":["Exordium","TheCity","TheBeyond"],"potions_floor_usage":[],"damage_taken":[{"damage":2.0,"enemies":"Jaw Worm","floor":1.0,"turns":3.0},{"damage":1.0,"enemies":"2 Louse","floor":2.0,"turns":3.0},{"damage":4.0,"enemies":"Small Slimes","floor":5.0,"turns":3.0},{"damage":11.0,"enemies":"3 Louse","floor":7.0,"turns":3.0},{"damage":2.0,"enemies":"2 Fungi Beasts","floor":11.0,"turns":3.0},{"damage":12.0,"enemies":"3 Sentries","floor":13.0,"turns":4.0},{"damage":0.0,"enemies":"Large Slime","floor":14.0,"turns":3.0},{"damage":43.0,"enemies":"The Guardian","floor":16.0,"turns":9.0},{"damage":16.0,"enemies":"Shell Parasite","floor":18.0,"turns":4.0},{"damage":26.0,"enemies":"3 Byrds","floor":19.0,"turns":6.0},{"damage":20.0,"enemies":"Cultist and Chosen","floor":22.0,"turns":5.0},{"damage":44.0,"enemies":"Slavers","floor":24.0,"turns":7.0},{"damage":0.0,"enemies":"Snake Plant","floor":25.0,"turns":4.0},{"damage":39.0,"enemies":"Gremlin Leader","floor":28.0,"turns":5.0},{"damage":8.0,"enemies":"Snecko","floor":29.0,"turns":5.0},{"damage":16.0,"enemies":"3 Cultists","floor":32.0,"turns":5.0},{"damage":0.0,"enemies":"Champ","floor":35.0,"turns":25.0},{"damage":9.0,"enemies":"3 Shapes","floor":37.0,"turns":8.0},{"damage":53.0,"enemies":"3 Darklings","floor":38.0,"turns":11.0},{"damage":6.0,"enemies":"4 Shapes","floor":40.0,"turns":8.0},{"damage":23.0,"enemies":"2 Orb Walkers","floor":41.0,"turns":5.0},{"damage":9.0,"enemies":"Reptomancer","floor":43.0,"turns":9.0},{"damage":7.0,"enemies":"Writhing Mass","floor":47.0,"turns":10.0},{"damage":0.0,"enemies":"Nemesis","floor":48.0,"turns":10.0},{"damage":25.0,"enemies":"Jaw Worm Horde","floor":49.0,"turns":7.0},{"damage":0,"enemies":"Maw","floor":51,"turns":10},{"damage":9,"enemies":"Donu and Deca","floor":54,"turns":14}],"seed_played":"-4871860042461467648","potions_obtained":[{"floor":1.0,"key":"DistilledChaos"},{"floor":7.0,"key":"LiquidBronze"},{"floor":25.0,"key":"Weak Potion"},{"floor":28.0,"key":"FairyPotion"},{"floor":32.0,"key":"DuplicationPotion"},{"floor":49.0,"key":"BloodPotion"}],"is_trial":false,"path_per_floor":["M","M","?","T","M","R","M","R","T","?","M","?","E","M","R","B",null,"M","M","$","?","M","R","E","M","T","T","E","M","R","?","M","R","R","B",null,"M","M","$","M","?","R","E","?","?","T","M","E","M","R","M","R","R","B",null],"character_chosen":"IRONCLAD","items_purchased":["Lee\u0027s Waffle","Bronze Scales","Bottled Tornado"],"campfire_rested":2,"item_purchase_floors":[20,20,39],"current_hp_per_floor":[76,80,80,80,80,80,75,75,75,75,79,79,73,79,79,42,71,61,41,87,87,73,73,35,41,48,48,15,16,44,44,37,65,65,74,89,89,45,45,48,34,34,34,34,82,82,82,82,82,82,82,82,82,82],"gold":270,"neow_bonus":"THREE_CARDS","is_daily":false,"chose_seed":false,"campfire_upgraded":9,"win_rate":0.0,"timestamp":1613115457,"path_taken":["M","M","?","?","M","R","M","R","T","?","?","?","E","M","R","BOSS","M","M","$","?","M","R","E","M","T","T","E","M","R","?","M","R","R","BOSS","M","M","$","M","?","R","E","?","?","T","?","E","M","R","M","R","R","BOSS"],"items_purchased_type":["Relic","Relic","Relic"],"build_version":"2020-12-22","purchased_purges":1,"victory":true,"max_hp_per_floor":[80,80,80,80,80,80,80,80,80,80,80,80,80,80,80,80,80,80,80,87,87,87,87,87,87,94,94,94,94,94,94,94,94,94,94,94,94,94,94,94,94,94,94,94,82,82,82,82,82,82,82,82,82,82],"card_choices":[{"not_picked":["Clash","Anger"],"picked":"Perfected Strike","floor":0.0},{"not_picked":["Cleave","Intimidate"],"picked":"Shrug It Off","floor":1.0},{"not_picked":["Anger","True Grit"],"picked":"Pommel Strike","floor":2.0},{"not_picked":["Clash","Headbutt"],"picked":"Perfected Strike","floor":5.0},{"not_picked":["Power Through","Reaper"],"picked":"Spot Weakness","floor":7.0},{"not_picked":["Headbutt","Anger"],"picked":"Pommel Strike","floor":11.0},{"not_picked":["Fiend Fire","Reckless Charge"],"picked":"Pommel Strike","floor":13.0},{"not_picked":["Shrug It Off+1","Clothesline"],"picked":"Armaments+1","floor":14.0},{"not_picked":["Corruption","Reaper"],"picked":"Double Tap+1","floor":16.0},{"not_picked":["Armaments+1","Burning Pact+1","Flex+1"],"picked":"SKIP","floor":18.0},{"not_picked":["Spot Weakness+1","Hemokinesis","Flex+1"],"picked":"SKIP","floor":19.0},{"not_picked":["True Grit+1","Cleave"],"picked":"Metallicize+1","floor":22.0},{"not_picked":["Body Slam+1","Heavy Blade"],"picked":"Barricade","floor":24.0},{"not_picked":["Warcry+1","Heavy Blade","Hemokinesis+1"],"picked":"SKIP","floor":25.0},{"not_picked":["Inflame","Uppercut+1"],"picked":"Entrench+1","floor":28.0},{"not_picked":["Cleave","Entrench+1"],"picked":"Battle Trance+1","floor":29.0},{"not_picked":["Spot Weakness+1","Feel No Pain"],"picked":"Shrug It Off+1","floor":32.0},{"not_picked":["Corruption","Impervious+1"],"picked":"Juggernaut","floor":35.0},{"not_picked":["Dual Wield+1","Disarm+1"],"picked":"Entrench+1","floor":37.0},{"not_picked":["Flex+1","Rage+1","Heavy Blade"],"picked":"SKIP","floor":38.0},{"not_picked":["Heavy Blade","Whirlwind+1","Reckless Charge"],"picked":"SKIP","floor":40.0},{"not_picked":["Fire Breathing+1","Intimidate+1"],"picked":"Power Through+1","floor":41.0},{"not_picked":["Exhume+1","Warcry+1","Perfected Strike"],"picked":"SKIP","floor":43.0},{"not_picked":["Spot Weakness+1","Perfected Strike","Dual Wield+1","Thunderclap+1"],"picked":"SKIP","floor":47.0},{"not_picked":["Rupture","Pummel","Havoc+1","Spot Weakness+1"],"picked":"SKIP","floor":48.0},{"not_picked":["Heavy Blade+1","Warcry+1","Clothesline+1"],"picked":"Shrug It Off+1","floor":49.0},{"not_picked":["Headbutt","Pommel Strike","Cleave"],"picked":"Sever Soul+1","floor":51}],"player_experience":387896,"relics_obtained":[{"floor":4.0,"key":"StrikeDummy"},{"floor":9.0,"key":"Toxic Egg 2"},{"floor":13.0,"key":"HornCleat"},{"floor":24.0,"key":"Centennial Puzzle"},{"floor":26.0,"key":"Strawberry"},{"floor":27.0,"key":"Boot"},{"floor":28.0,"key":"Magic Flower"},{"floor":41.0,"key":"Lizard Tail"},{"floor":43.0,"key":"Whetstone"},{"floor":46.0,"key":"Question Card"},{"floor":48.0,"key":"Blue Candle"}],"event_choices":[{"damage_healed":0.0,"max_hp_gain":0.0,"max_hp_loss":0.0,"gold_gain":0.0,"event_name":"The Cleric","player_choice":"Leave","floor":3.0,"gold_loss":0.0,"damage_taken":0.0},{"damage_healed":0.0,"max_hp_gain":0.0,"max_hp_loss":0.0,"gold_gain":0.0,"event_name":"Golden Wing","player_choice":"Ignored","floor":10.0,"gold_loss":0.0,"damage_taken":0.0},{"damage_healed":0.0,"max_hp_gain":0.0,"max_hp_loss":0.0,"gold_gain":0.0,"event_name":"Liars Game","player_choice":"Ignored","floor":12.0,"gold_loss":0.0,"damage_taken":0.0},{"damage_healed":0.0,"max_hp_gain":0.0,"max_hp_loss":0.0,"gold_gain":99.0,"event_name":"Nest","player_choice":"Stole From Cult","floor":31.0,"gold_loss":0.0,"damage_taken":0.0},{"damage_healed":0.0,"max_hp_gain":0.0,"max_hp_loss":0.0,"gold_gain":0.0,"event_name":"Mysterious Sphere","player_choice":"Fight","floor":41.0,"gold_loss":0.0,"damage_taken":0.0},{"cards_removed":["Strike_R"],"damage_healed":0.0,"max_hp_gain":0.0,"max_hp_loss":0.0,"gold_gain":0.0,"event_name":"Falling","player_choice":"Removed Attack","floor":44.0,"gold_loss":0.0,"damage_taken":0.0},{"damage_healed":82.0,"max_hp_gain":0.0,"max_hp_loss":12.0,"gold_gain":0.0,"event_name":"The Moai Head","player_choice":"Heal","floor":45.0,"gold_loss":0.0,"damage_taken":0.0}],"is_beta":false,"boss_relics":[{"not_picked":["Runic Pyramid","Snecko Eye"],"picked":"Empty Cage"},{"not_picked":["Mark of Pain","Cursed Key"],"picked":"SlaversCollar"}],"items_purged_floors":[39],"is_endless":false,"potions_floor_spawned":[1,7,14,16,25,28,32,40,41,49],"ascension_level":11}}