{"host":"sc0o2qwpf9j16a4i","time":1613138126,"event":{"mods":["AchievementEnabler","BaseMod","BetterRewards","Block Reminder","Colored Map","Colored Powertips","Custom Start","Highlight Path","Minty Spire (QoL Compilation)","Relic Stats"],"gold_per_floor":[114,114,124,3,13,44,55,55,123,123,123],"floor_reached":10,"language":"ENG","playtime":349,"items_purged":[],"score":93,"play_id":"d4bc0d87-0b9d-4d01-ba76-1d0b7e33ba0e","local_time":"20210212155526","daily_mods":["Specialized","Green Cards","Lethality"],"is_ascension_mode":false,"campfire_choices":[],"circlet_count":0,"master_deck":["Strike_P","Strike_P","Strike_P","Strike_P","Defend_P","Defend_P","Defend_P","Defend_P","Eruption","Vigilance","Evaluate","Evaluate","Evaluate","Evaluate","Indignation","Distraction","Backstab","Sanctity","Ragnarok","Infinite Blades","Injury"],"relics":["PureWater","Ginger","Golden Idol","Kunai"],"acts_visited":["Exordium"],"potions_floor_usage":[10,10],"damage_taken":[{"damage":0,"enemies":"Cultist","floor":1,"turns":3},{"damage":0,"enemies":"Jaw Worm","floor":3,"turns":4},{"damage":0,"enemies":"2 Louse","floor":5,"turns":2},{"damage":27,"enemies":"3 Sentries","floor":6,"turns":13},{"damage":27,"enemies":"Gremlin Gang","floor":7,"turns":4},{"damage":0,"enemies":"Lagavulin","floor":10,"turns":4}],"seed_played":"8701082323781867085","potions_obtained":[{"floor":6,"key":"PowerPotion"},{"floor":7,"key":"ColorlessPotion"}],"is_trial":true,"path_per_floor":["M","?","M","$","M","E","M","?","T","E"],"character_chosen":"WATCHER","items_purchased":["Backstab","Strength Potion"],"campfire_rested":0,"item_purchase_floors":[4,4],"current_hp_per_floor":[72,72,72,72,72,45,18,18,18,18,18],"gold":123,"neow_bonus":"","is_daily":false,"chose_seed":false,"campfire_upgraded":0,"win_rate":0.0,"timestamp":1613138126,"path_taken":["M","?","?","$","?","E","M","?","T","E"],"items_purchased_type":["Card","Potion"],"build_version":"2020-12-22","purchased_purges":0,"victory":false,"max_hp_per_floor":[72,72,72,72,72,72,72,72,72,72,72],"relic_stats":{"counters":[6,30],"Golden Idol":0,"Ginger":[1],"Kunai":[0],"obtain_stats":[{"Golden Idol":8,"Ginger":6,"Kunai":9,"PureWater":0},{"Golden Idol":5,"Ginger":4,"Kunai":5,"PureWater":0},{"Golden Idol":26,"Ginger":22,"Kunai":26,"PureWater":0}]},"card_choices":[{"not_picked":["Underhanded Strike","Outmaneuver","Setup"],"picked":"SKIP","floor":1},{"not_picked":["Underhanded Strike","WreathOfFlame"],"picked":"Distraction","floor":3},{"not_picked":["Dodge and Roll","JustLucky"],"picked":"Sanctity","floor":5},{"not_picked":["Bouncing Flask","Choke"],"picked":"Ragnarok","floor":6},{"not_picked":["PiercingWail","Underhanded Strike"],"picked":"Infinite Blades","floor":7}],"player_experience":1364665,"relics_obtained":[{"floor":6,"key":"Ginger"},{"floor":9,"key":"Kunai"}],"event_choices":[{"damage_healed":0,"gold_gain":0,"cards_transformed":["Evaluate"],"player_choice":"Transformed","damage_taken":0,"max_hp_gain":0,"max_hp_loss":0,"event_name":"Transmorgrifier","floor":2,"gold_loss":0,"cards_obtained":["Indignation"]},{"damage_healed":0,"gold_gain":0,"player_choice":"Take Wound","damage_taken":0,"relics_obtained":["Golden Idol"],"max_hp_gain":0,"max_hp_loss":0,"event_name":"Golden Idol","floor":8,"gold_loss":0,"cards_obtained":["Injury"]}],"is_beta":false,"boss_relics":[],"items_purged_floors":[],"is_endless":false,"potions_floor_spawned":[6,7],"killed_by":"Lagavulin","ascension_level":0}}