{"host":"sc0o2qwpf9j16a4i","time":1613130842,"event":{"mods":["AchievementEnabler","BaseMod","BetterRewards","Block Reminder","Colored Map","Colored Powertips","Custom Start","Highlight Path","Minty Spire (QoL Compilation)","Relic Stats"],"gold_per_floor":[111,131,131,149,149,149,168,4,4,40,56,99,24,24,24,152,152,176,176,33,72,87,122,140,183,183,217,242,286,286,211,211,337,337,351,389,408,408,422,455,455,490,490,490,38,54,54,119,119,119],"floor_reached":51,"language":"ENG","playtime":2102,"items_purged":[],"score":907,"play_id":"ff6c351a-44ed-4473-97f8-c84a6daff183","local_time":"20210212135402","daily_mods":["Chimera","Colorless Cards","Binary"],"is_ascension_mode":false,"campfire_choices":[{"data":"Bash","floor":6.0,"key":"SMITH"},{"data":"Apotheosis","floor":15.0,"key":"SMITH"},{"floor":32,"key":"REST"},{"floor":41,"key":"REST"},{"floor":44,"key":"REST"},{"floor":49,"key":"REST"}],"circlet_count":0,"master_deck":["Bash+1","Survivor","Zap+1","Eruption","Defend_R","Defend_G","Defend_P","Anger","Power Through+1","Body Slam","Apotheosis+1","Shrug It Off","Twin Strike","Burning Pact","Body Slam","Shrug It Off","HandOfGreed","Jack Of All Trades+1","Pommel Strike+1","Dramatic Entrance","Good Instincts","Pommel Strike+1","Body Slam+1","Sentinel+1","Forethought+1","Sentinel+1","Inflame","Pommel Strike+1","Discovery+1","Feed+1","Enlightenment+1","Anger+1","Heavy Blade","Deep Breath+1","Headbutt","Panacea","Battle Trance+1"],"relics":["Burning Blood","Golden Idol","Shuriken","War Paint","Question Card","Sundial","Vajra","Fusion Hammer","Orrery","InkBottle","Darkstone Periapt","Ancient Tea Set","Eternal Feather","Astrolabe","Bird Faced Urn","Anchor","Toxic Egg 2","Gambling Chip","Red Skull","Oddly Smooth Stone"],"acts_visited":["Exordium","TheCity","TheBeyond"],"potions_floor_usage":[35,40,50,50,50],"damage_taken":[{"damage":11.0,"enemies":"Jaw Worm","floor":1.0,"turns":5.0},{"damage":0.0,"enemies":"2 Louse","floor":2.0,"turns":3.0},{"damage":0.0,"enemies":"Small Slimes","floor":4.0,"turns":4.0},{"damage":5.0,"enemies":"Looter","floor":7.0,"turns":3.0},{"damage":10.0,"enemies":"Lagavulin","floor":10.0,"turns":6.0},{"damage":2.0,"enemies":"Exordium Wildlife","floor":11.0,"turns":4.0},{"damage":9.0,"enemies":"3 Sentries","floor":12.0,"turns":6.0},{"damage":17.0,"enemies":"Hexaghost","floor":16.0,"turns":6.0},{"damage":9.0,"enemies":"3 Byrds","floor":18.0,"turns":6.0},{"damage":18.0,"enemies":"2 Thieves","floor":21.0,"turns":4.0},{"damage":0.0,"enemies":"3 Cultists","floor":22.0,"turns":4.0},{"damage":27.0,"enemies":"Gremlin Leader","floor":23.0,"turns":4.0},{"damage":0.0,"enemies":"Chosen and Byrds","floor":24.0,"turns":3.0},{"damage":14.0,"enemies":"Centurion and Healer","floor":25.0,"turns":6.0},{"damage":1.0,"enemies":"Slavers","floor":27.0,"turns":5.0},{"damage":5.0,"enemies":"Shelled Parasite and Fungi","floor":28.0,"turns":3.0},{"damage":22.0,"enemies":"Book of Stabbing","floor":29.0,"turns":4.0},{"damage":26,"enemies":"Collector","floor":33,"turns":12},{"damage":25,"enemies":"Orb Walker","floor":35,"turns":3},{"damage":0,"enemies":"3 Shapes","floor":36,"turns":5},{"damage":23,"enemies":"Spire Growth","floor":37,"turns":5},{"damage":25,"enemies":"3 Darklings","floor":39,"turns":4},{"damage":0,"enemies":"Giant Head","floor":40,"turns":7},{"damage":34,"enemies":"Nemesis","floor":42,"turns":5},{"damage":8,"enemies":"Maw","floor":46,"turns":5},{"damage":35,"enemies":"Giant Head","floor":48,"turns":7},{"damage":24,"enemies":"Donu and Deca","floor":50,"turns":10}],"seed_played":"-3739594831386339372","potions_obtained":[{"floor":1.0,"key":"HeartOfIron"},{"floor":7.0,"key":"ElixirPotion"},{"floor":12.0,"key":"Strength Potion"},{"floor":16.0,"key":"AttackPotion"},{"floor":22.0,"key":"Fire Potion"},{"floor":25.0,"key":"FearPotion"},{"floor":28.0,"key":"BlessingOfTheForge"},{"floor":29.0,"key":"Ancient Potion"},{"floor":36,"key":"SneckoOil"},{"floor":37,"key":"PowerPotion"},{"floor":42,"key":"Ancient Potion"},{"floor":46,"key":"EssenceOfSteel"}],"is_trial":true,"path_per_floor":["M","M","?","M","?","R","M","$","T","E","M","E","$","?","R","B",null,"M","?","$","M","M","E","M","M","T","E","M","E","?","?","R","B",null,"M","M","M","?","M","E","R","E","T","R","$","M","$","E","R","B",null],"character_chosen":"IRONCLAD","items_purchased":["Apotheosis","Body Slam","Shrug It Off","Orrery","Gambling Chip","Red Skull"],"campfire_rested":4,"item_purchase_floors":[8,13,13,20,45,45],"current_hp_per_floor":[75,80,80,80,80,80,80,80,80,76,80,77,77,70,70,59,80,77,77,77,65,71,50,56,48,48,53,54,38,38,38,80,60,80,61,71,54,94,75,85,98,76,76,102,102,104,104,77,106,88],"gold":119,"neow_bonus":"","is_daily":false,"chose_seed":false,"campfire_upgraded":2,"win_rate":0.0,"timestamp":1613130842,"path_taken":["M","?","?","M","?","R","M","?","T","E","M","E","$","?","R","BOSS","M","?","$","?","M","E","M","M","T","E","M","E","?","?","R","BOSS","M","M","M","?","?","E","R","E","T","R","$","M","?","E","R","BOSS"],"items_purchased_type":["Card","Card","Card","Relic","Relic","Relic"],"build_version":"2020-12-22","purchased_purges":0,"victory":true,"max_hp_per_floor":[80,80,80,80,80,80,80,80,80,80,80,80,80,80,80,80,80,80,80,80,80,80,80,80,80,80,80,80,80,80,80,80,80,80,80,84,84,94,94,98,98,102,102,102,102,106,106,106,106,106],"relic_stats":{"Darkstone Periapt":0,"counters":[27,139],"Golden Idol":189,"Astrolabe":["Feed","Enlightenment","Anger"],"Eternal Feather":73,"War Paint":["Zap","Power Through"],"Question Card":26,"Burning Blood":154,"Shuriken":[50],"Sundial":[8],"Bird Faced Urn":[4],"Gambling Chip":[9],"obtain_stats":[{"Darkstone Periapt":26,"Golden Idol":3,"Astrolabe":34,"Vajra":14,"Oddly Smooth Stone":48,"Eternal Feather":29,"War Paint":9,"Question Card":10,"Ancient Tea Set":27,"Burning Blood":0,"Anchor":42,"Shuriken":5,"Sundial":12,"Bird Faced Urn":40,"Gambling Chip":45,"Orrery":20,"Fusion Hammer":17,"Toxic Egg 2":43,"InkBottle":23,"Red Skull":45},{"Darkstone Periapt":14,"Golden Idol":2,"Astrolabe":18,"Vajra":7,"Oddly Smooth Stone":26,"Eternal Feather":17,"War Paint":4,"Question Card":5,"Ancient Tea Set":15,"Burning Blood":0,"Anchor":24,"Shuriken":3,"Sundial":7,"Bird Faced Urn":23,"Gambling Chip":24,"Orrery":9,"Fusion Hammer":8,"Toxic Egg 2":24,"InkBottle":12,"Red Skull":24},{"Darkstone Periapt":64,"Golden Idol":8,"Astrolabe":88,"Vajra":31,"Oddly Smooth Stone":129,"Eternal Feather":76,"War Paint":15,"Question Card":21,"Ancient Tea Set":69,"Burning Blood":0,"Anchor":117,"Shuriken":12,"Sundial":31,"Bird Faced Urn":112,"Gambling Chip":117,"Orrery":43,"Fusion Hammer":37,"Toxic Egg 2":117,"InkBottle":55,"Red Skull":117}],"InkBottle":[43]},"card_choices":[{"not_picked":["Madness"],"picked":"Anger","floor":1.0},{"not_picked":["Havoc"],"picked":"Power Through","floor":2.0},{"not_picked":["Entrench","Clash"],"picked":"SKIP","floor":4.0},{"not_picked":["Havoc"],"picked":"Body Slam","floor":7.0},{"not_picked":["Thunderclap"],"picked":"Shrug It Off","floor":10.0},{"not_picked":["Flex","Good Instincts"],"picked":"Twin Strike","floor":11.0},{"not_picked":["True Grit","Panacea"],"picked":"Burning Pact","floor":12.0},{"not_picked":["Mayhem","Reaper"],"picked":"HandOfGreed","floor":16.0},{"not_picked":["Iron Wave","Clothesline"],"picked":"Jack Of All Trades+1","floor":18.0},{"not_picked":["Iron Wave","Intimidate"],"picked":"Pommel Strike+1","floor":20.0},{"not_picked":["Mayhem","Rampage"],"picked":"Dramatic Entrance","floor":20.0},{"not_picked":["Havoc+1","Violence"],"picked":"Good Instincts","floor":20.0},{"not_picked":["Impatience","Heavy Blade"],"picked":"Pommel Strike+1","floor":21.0},{"not_picked":["Thunderclap","Enlightenment"],"picked":"Body Slam+1","floor":22.0},{"not_picked":["Body Slam","Clash"],"picked":"Sentinel+1","floor":23.0},{"not_picked":["Wild Strike","PanicButton"],"picked":"Forethought+1","floor":24.0},{"not_picked":["Flex","Blood for Blood"],"picked":"Sentinel+1","floor":25.0},{"not_picked":["Panache","Metallicize+1"],"picked":"Inflame","floor":27.0},{"not_picked":["Clash","Madness+1"],"picked":"Pommel Strike+1","floor":28.0},{"not_picked":["Clash","Sword Boomerang"],"picked":"Discovery+1","floor":29.0},{"not_picked":["Sadistic Nature","Secret Weapon"],"picked":"Metamorphosis","floor":33},{"not_picked":["Havoc","Blood for Blood+1","Body Slam"],"picked":"SKIP","floor":35},{"not_picked":["Intimidate","Pummel+1"],"picked":"Heavy Blade","floor":36},{"not_picked":["Clash+1","Havoc+1"],"picked":"Deep Breath+1","floor":37},{"not_picked":["Armaments","Perfected Strike+1"],"picked":"Headbutt","floor":39},{"not_picked":["HandOfGreed","Perfected Strike","Flex"],"picked":"SKIP","floor":40},{"not_picked":["Flex","Rupture+1"],"picked":"Panacea","floor":42},{"not_picked":["Twin Strike","Armaments+1"],"picked":"Battle Trance+1","floor":46},{"not_picked":["Blood for Blood+1","Iron Wave","Flex+1"],"picked":"SKIP","floor":48}],"player_experience":1355733,"relics_obtained":[{"floor":9.0,"key":"War Paint"},{"floor":10.0,"key":"Question Card"},{"floor":12.0,"key":"Sundial"},{"floor":23.0,"key":"InkBottle"},{"floor":26.0,"key":"Darkstone Periapt"},{"floor":27.0,"key":"Ancient Tea Set"},{"floor":29.0,"key":"Eternal Feather"},{"floor":40,"key":"Bird Faced Urn"},{"floor":42,"key":"Anchor"},{"floor":43,"key":"Toxic Egg 2"},{"floor":48,"key":"Oddly Smooth Stone"}],"event_choices":[{"damage_healed":0.0,"max_hp_gain":0.0,"max_hp_loss":0.0,"gold_gain":0.0,"event_name":"Golden Idol","player_choice":"Take Wound","floor":3.0,"gold_loss":0.0,"damage_taken":0.0,"relics_obtained":["Golden Idol"],"cards_obtained":["Injury"]},{"damage_healed":0.0,"max_hp_gain":0.0,"max_hp_loss":0.0,"gold_gain":0.0,"event_name":"Big Fish","player_choice":"Box","floor":5.0,"gold_loss":0.0,"damage_taken":0.0,"relics_obtained":["Shuriken"],"cards_obtained":["Regret"]},{"damage_healed":0.0,"max_hp_gain":0.0,"max_hp_loss":0.0,"gold_gain":0.0,"event_name":"Scrap Ooze","player_choice":"Success","floor":14.0,"gold_loss":0.0,"damage_taken":7.0,"relics_obtained":["Vajra"]},{"damage_healed":0.0,"max_hp_gain":0.0,"max_hp_loss":0.0,"gold_gain":0.0,"event_name":"NoteForYourself","player_choice":"Ignored","floor":19.0,"gold_loss":0.0,"damage_taken":0.0},{"cards_removed":["Regret"],"damage_healed":0,"gold_gain":0,"player_choice":"Elegance","damage_taken":0,"max_hp_gain":0,"max_hp_loss":0,"event_name":"Back to Basics","floor":30,"gold_loss":0},{"cards_removed":["Injury"],"damage_healed":0,"gold_gain":0,"player_choice":"Gave Gold","damage_taken":0,"max_hp_gain":0,"max_hp_loss":0,"event_name":"Beggar","floor":31,"gold_loss":75},{"cards_removed":["Metamorphosis"],"damage_healed":30,"gold_gain":0,"player_choice":"Offered Rare","damage_taken":0,"max_hp_gain":10,"max_hp_loss":0,"event_name":"Bonfire Elementals","floor":38,"gold_loss":0}],"is_beta":false,"boss_relics":[{"not_picked":["Calling Bell","Mark of Pain"],"picked":"Fusion Hammer"},{"not_picked":["Black Star","SlaversCollar"],"picked":"Astrolabe"}],"items_purged_floors":[],"is_endless":false,"potions_floor_spawned":[1,7,12,16,22,25,28,29,36,37,42,46],"ascension_level":0}}