{"host":"vyjryxuuuxkt43k4","time":1613142150,"event":{"mods":["AchievementEnabler","BaseMod","Colored Map","DeckTracker","Keyboard Shortcuts","Minty Spire (QoL Compilation)","Permanent Neow","Quick Restart","Rare Cards Sparkle","StSLib","SuperFastMode","everything is the same but u backflip on backflip"],"gold_per_floor":[117,128,128,138,148,148,179,197,223,62,79,79,109,126,126,126,126],"floor_reached":16,"language":"KOR","playtime":564,"items_purged":["Strike_R"],"score":228,"play_id":"1339af3a-b51c-4a75-a37f-dcfe39831cac","local_time":"20210213000230","is_ascension_mode":true,"campfire_choices":[{"data":"Carnage","floor":6,"key":"SMITH"},{"data":"Rupture","floor":12,"key":"SMITH"},{"floor":15,"key":"REST"}],"circlet_count":0,"master_deck":["AscendersBane","Strike_R","Strike_R","Strike_R+1","Defend_R","Defend_R","Defend_R","Defend_R","Bash+1","Rupture+1","Carnage+1","Fiend Fire","Bloodletting","Wild Strike","Battle Trance"],"relics":["Burning Blood","Strawberry","MealTicket","PreservedInsect","Whetstone"],"acts_visited":["Exordium"],"potions_floor_usage":[7,11,13,16],"damage_taken":[{"damage":5,"enemies":"2 Louse","floor":1,"turns":4},{"damage":7,"enemies":"Cultist","floor":2,"turns":4},{"damage":4,"enemies":"Jaw Worm","floor":4,"turns":5},{"damage":26,"enemies":"Large Slime","floor":5,"turns":6},{"damage":8,"enemies":"Gremlin Nob","floor":7,"turns":3},{"damage":36,"enemies":"Exordium Thugs","floor":8,"turns":5},{"damage":3,"enemies":"Looter","floor":11,"turns":1},{"damage":41,"enemies":"3 Sentries","floor":13,"turns":8},{"damage":17,"enemies":"3 Louse","floor":14,"turns":4},{"damage":44,"enemies":"Hexaghost","floor":16,"turns":7}],"seed_played":"493084515947386862","potions_obtained":[{"floor":1,"key":"BloodPotion"},{"floor":5,"key":"Energy Potion"},{"floor":8,"key":"SneckoOil"},{"floor":13,"key":"Dexterity Potion"}],"is_trial":false,"path_per_floor":["M","M","?","M","M","R","E","M","T","$","M","R","E","M","R","B"],"character_chosen":"IRONCLAD","items_purchased":["Bloodletting"],"campfire_rested":1,"item_purchase_floors":[10],"current_hp_per_floor":[76,75,75,77,57,57,55,25,25,40,43,43,24,13,37,0,0],"gold":126,"neow_bonus":"RANDOM_COMMON_RELIC","is_daily":false,"chose_seed":false,"campfire_upgraded":2,"win_rate":0.0,"timestamp":1613142150,"path_taken":["M","M","?","M","?","R","E","M","T","$","M","R","E","M","R","BOSS"],"items_purchased_type":["Card"],"build_version":"2020-12-22","purchased_purges":1,"victory":false,"max_hp_per_floor":[82,82,82,82,82,82,82,82,82,82,82,82,82,82,82,82,82],"card_choices":[{"not_picked":["Infernal Blade","Disarm"],"picked":"Rupture","floor":1},{"not_picked":["Heavy Blade","Armaments","True Grit"],"picked":"SKIP","floor":2},{"not_picked":["True Grit","Intimidate"],"picked":"Carnage","floor":4},{"not_picked":["Metallicize","Iron Wave","Warcry"],"picked":"SKIP","floor":5},{"not_picked":["Fire Breathing","Shrug It Off"],"picked":"Fiend Fire","floor":7},{"not_picked":["Flex","Iron Wave","Intimidate"],"picked":"SKIP","floor":8},{"not_picked":["Dual Wield","Heavy Blade","Twin Strike"],"picked":"SKIP","floor":11},{"not_picked":["Rage","Anger"],"picked":"Wild Strike","floor":13},{"not_picked":["Body Slam","Wild Strike"],"picked":"Battle Trance","floor":14}],"player_experience":967079,"relics_obtained":[{"floor":7,"key":"MealTicket"},{"floor":9,"key":"PreservedInsect"},{"floor":13,"key":"Whetstone"}],"event_choices":[{"cards_removed":["Strike_R"],"damage_healed":0,"gold_gain":0,"player_choice":"Purged","damage_taken":0,"max_hp_gain":0,"max_hp_loss":0,"event_name":"Purifier","floor":3,"gold_loss":0}],"is_beta":false,"boss_relics":[],"items_purged_floors":[10],"is_endless":false,"potions_floor_spawned":[1,5,8,13],"killed_by":"Hexaghost","ascension_level":20}}