{"host":"6j4zq6mzes43l4sj","time":1613132461,"event":{"mods":["AchievementEnabler","BaseMod","Minty Spire (QoL Compilation)"],"gold_per_floor":[212,26,36,50,50,50,63,98,98,131,147,147,147,23,23,94,94,105,120,137,37,54,54,54],"floor_reached":23,"language":"ENG","playtime":1388,"items_purged":["Strike_R","Clash"],"score":355,"play_id":"de06a551-5ea5-4694-87c8-73bfe013f8ac","local_time":"20210212132101","is_ascension_mode":true,"campfire_choices":[{"data":"True Grit","floor":6,"key":"SMITH"},{"data":"Rampage","floor":13,"key":"SMITH"},{"data":"Bash","floor":15,"key":"SMITH"}],"circlet_count":0,"master_deck":["AscendersBane","Bash+1","Rampage+1","Headbutt","True Grit+1","Thunderclap","Impervious","Seeing Red","Clothesline","Shrug It Off","Brutality","Bludgeon","Blood for Blood","Heavy Blade","Brutality","Clash","Intimidate","Demon Form","Shrug It Off+1","Havoc","Dual Wield"],"relics":["Burning Blood","Happy Flower","Sundial","Ginger","Incense Burner","Pandora\u0027s Box"],"acts_visited":["Exordium","TheCity"],"potions_floor_usage":[18,20,23],"damage_taken":[{"damage":8,"enemies":"Jaw Worm","floor":1,"turns":5},{"damage":0,"enemies":"Cultist","floor":3,"turns":3},{"damage":8,"enemies":"Small Slimes","floor":4,"turns":4},{"damage":13,"enemies":"Blue Slaver","floor":7,"turns":2},{"damage":32,"enemies":"Gremlin Nob","floor":8,"turns":4},{"damage":21,"enemies":"3 Sentries","floor":10,"turns":7},{"damage":3,"enemies":"Looter","floor":11,"turns":4},{"damage":19,"enemies":"Hexaghost","floor":16,"turns":10},{"damage":20,"enemies":"3 Byrds","floor":18,"turns":5},{"damage":8,"enemies":"Chosen","floor":19,"turns":5},{"damage":30,"enemies":"Sentry and Sphere","floor":20,"turns":6},{"damage":16,"enemies":"Chosen and Byrds","floor":22,"turns":6},{"damage":20,"enemies":"Gremlin Leader","floor":23,"turns":8}],"seed_played":"-8356083452295188666","potions_obtained":[{"floor":4,"key":"Dexterity Potion"},{"floor":7,"key":"SteroidPotion"},{"floor":16,"key":"ColorlessPotion"},{"floor":19,"key":"GamblersBrew"},{"floor":20,"key":"Dexterity Potion"}],"is_trial":false,"path_per_floor":["M","$","M","M","?","R","M","E","T","E","M","?","R","$","R","B",null,"M","M","M","$","M","E"],"character_chosen":"IRONCLAD","items_purchased":["Happy Flower","Rampage","Shrug It Off"],"campfire_rested":0,"item_purchase_floors":[2,2,14],"current_hp_per_floor":[66,66,72,70,70,70,63,37,37,22,25,30,30,30,30,17,61,47,45,21,21,11,0,0],"gold":54,"neow_bonus":"HUNDRED_GOLD","is_daily":false,"chose_seed":false,"campfire_upgraded":3,"win_rate":0.0,"timestamp":1613132461,"path_taken":["M","$","M","M","?","R","M","E","T","E","M","?","R","$","R","BOSS","M","?","M","$","M","E"],"items_purchased_type":["Relic","Card","Card"],"build_version":"2020-12-22","purchased_purges":2,"victory":false,"max_hp_per_floor":[75,75,75,75,75,75,75,75,75,75,75,75,75,75,75,75,75,75,75,75,75,75,75,75],"card_choices":[{"not_picked":["Havoc","Twin Strike"],"picked":"Perfected Strike","floor":1},{"not_picked":["Heavy Blade","Body Slam"],"picked":"Headbutt","floor":3},{"not_picked":["Infernal Blade","Heavy Blade"],"picked":"True Grit","floor":4},{"not_picked":["Flex","True Grit"],"picked":"Thunderclap","floor":7},{"not_picked":["Thunderclap","Wild Strike"],"picked":"Impervious","floor":8},{"not_picked":["Cleave","Demon Form"],"picked":"Seeing Red","floor":10},{"not_picked":["Clash","Perfected Strike"],"picked":"Clothesline","floor":11},{"not_picked":["Juggernaut","Bludgeon"],"picked":"Brutality","floor":16},{"not_picked":["Spot Weakness","Pommel Strike","Combust"],"picked":"SKIP","floor":18},{"not_picked":["Armaments","Warcry"],"picked":"Shrug It Off+1","floor":19},{"not_picked":["Sword Boomerang","Twin Strike"],"picked":"Havoc","floor":20},{"not_picked":["Perfected Strike","Whirlwind+1"],"picked":"Dual Wield","floor":22}],"player_experience":565267,"relics_obtained":[{"floor":8,"key":"Sundial"},{"floor":9,"key":"Ginger"},{"floor":10,"key":"Incense Burner"}],"event_choices":[{"damage_healed":0,"gold_gain":0,"player_choice":"Ignored","damage_taken":0,"max_hp_gain":0,"max_hp_loss":0,"event_name":"Liars Game","floor":5,"gold_loss":0},{"cards_removed":["Perfected Strike"],"damage_healed":5,"gold_gain":0,"player_choice":"Offered Common","damage_taken":0,"max_hp_gain":0,"max_hp_loss":0,"event_name":"Bonfire Elementals","floor":12,"gold_loss":0},{"cards_removed":["Perfected Strike"],"damage_healed":5,"gold_gain":0,"player_choice":"Offered Special","damage_taken":0,"max_hp_gain":0,"max_hp_loss":0,"event_name":"Bonfire Elementals","floor":12,"gold_loss":0}],"is_beta":false,"boss_relics":[{"not_picked":["Calling Bell","Ectoplasm"],"picked":"Pandora\u0027s Box"}],"items_purged_floors":[14,21],"is_endless":false,"potions_floor_spawned":[4,7,16,19,20],"killed_by":"Gremlin Leader","ascension_level":15}}