{"host":"ix07nhfx4o3nf6kx","time":1613111761,"event":{"mods":["BaseMod","Hermit","Minty Spire (QoL Compilation)","StSLib","The Bug Knight","The Cursed","The Dragon Tamer","The Hierophant","The Jungle","The Runesmith"],"gold_per_floor":[117,117,138,165,165,165,169,88,88,92,92,92,114,146,146,244,244,273,316,361,217,217,217,256,320,320,320,306,306],"floor_reached":28,"language":"KOR","playtime":2536,"items_purged":[],"score":272,"play_id":"ab809ec7-fe07-4eef-9c6c-a4c135942152","local_time":"20210212153601","is_ascension_mode":false,"campfire_choices":[{"data":"hierophant:Punish","floor":6,"key":"SMITH"},{"data":"hierophant:Doubloon","floor":11,"key":"SMITH"},{"floor":15,"key":"REST"},{"floor":23,"key":"REST"}],"circlet_count":0,"master_deck":["hierophant:Strike_Hierophant","hierophant:Strike_Hierophant","hierophant:Strike_Hierophant","hierophant:Strike_Hierophant","hierophant:Punish+1","hierophant:Defend_Hierophant","hierophant:Defend_Hierophant","hierophant:Defend_Hierophant","hierophant:Defend_Hierophant+1","hierophant:ChurchCoffers+1","hierophant:Doubloon+1","hierophant:Remorse","hierophant:Doubloon","hierophant:RecallFunds","hierophant:Upheaval+1","hierophant:Zeal","hierophant:HolyVerse","hierophant:Smite","hierophant:OrnateJavelin+1","hierophant:Doubloon","hierophant:Remorse+1","hierophant:OrnateBuckler","hierophant:Determination","hierophant:FlamingChariot+1","hierophant:Doubloon","hierophant:Purify+1","hierophant:SecretStash+1","hierophant:ThreeLashes+1"],"relics":["hierophant:PropheticMaskRelic","Molten Egg 2","Ginger","Sozu","War Paint","MutagenicStrength","Centennial Puzzle"],"acts_visited":["Exordium","TheCity"],"potions_floor_usage":[10,16,20],"damage_taken":[{"damage":0,"enemies":"Small Slimes","floor":1,"turns":3},{"damage":11,"enemies":"Jaw Worm","floor":3,"turns":4},{"damage":1,"enemies":"Cultist","floor":4,"turns":4},{"damage":0,"enemies":"Large Slime","floor":7,"turns":4},{"damage":30,"enemies":"Gremlin Nob","floor":10,"turns":4},{"damage":4,"enemies":"Gremlin Gang","floor":13,"turns":3},{"damage":5,"enemies":"Looter","floor":14,"turns":3},{"damage":47,"enemies":"The Guardian","floor":16,"turns":13},{"damage":18,"enemies":"3 Byrds","floor":18,"turns":4},{"damage":0,"enemies":"Spheric Guardian","floor":19,"turns":2},{"damage":41,"enemies":"Centurion and Healer","floor":20,"turns":5},{"damage":26,"enemies":"Chosen and Byrds","floor":24,"turns":5},{"damage":24,"enemies":"Cultist and Chosen","floor":25,"turns":5},{"damage":21,"enemies":"3 Cultists","floor":28,"turns":3}],"seed_played":"3842648697730990554","potions_obtained":[{"floor":7,"key":"Energy Potion"},{"floor":10,"key":"Block Potion"},{"floor":16,"key":"Fruit Juice"}],"is_trial":false,"path_per_floor":["M","?","M","M","?","R","M","$","T","E","R","$","M","M","R","B",null,"M","M","M","$","?","R","M","M","T","?","M"],"character_chosen":"HIEROPHANT","items_purchased":["hierophant:HolyVerse","hierophant:Smite","War Paint"],"campfire_rested":2,"item_purchase_floors":[8,8,21],"current_hp_per_floor":[82,87,76,75,75,75,75,75,75,45,45,45,41,36,62,15,87,69,69,33,33,33,60,34,10,10,15,0,0],"gold":306,"neow_bonus":"TEN_PERCENT_HP_BONUS","is_daily":false,"chose_seed":false,"campfire_upgraded":2,"win_rate":0.0,"timestamp":1613111761,"path_taken":["M","?","M","M","?","R","M","$","T","E","R","$","M","M","R","BOSS","M","M","M","$","?","R","M","M","T","?","?"],"items_purchased_type":["Card","Card","Relic"],"build_version":"2020-12-22","purchased_purges":0,"victory":false,"max_hp_per_floor":[82,87,87,87,87,87,87,87,87,87,87,87,87,87,87,87,87,87,87,92,92,92,92,92,92,92,92,92,92],"card_choices":[{"not_picked":["hierophant:FieryStrike","hierophant:Empathy"],"picked":"hierophant:Remorse","floor":1},{"not_picked":["hierophant:OrnateBuckler","hierophant:OrnateJavelin"],"picked":"hierophant:RecallFunds","floor":3},{"not_picked":["hierophant:Sermon","hierophant:Zeal"],"picked":"hierophant:Upheaval","floor":4},{"not_picked":["hierophant:Doomsaying","hierophant:Doubloon"],"picked":"hierophant:Zeal","floor":7},{"not_picked":["hierophant:Shelter","hierophant:Zeal+1"],"picked":"hierophant:OrnateJavelin+1","floor":10},{"not_picked":["hierophant:AuricBeam+1","hierophant:AuricShield"],"picked":"hierophant:Remorse+1","floor":13},{"not_picked":["hierophant:HolyVerse","hierophant:Prophecy"],"picked":"hierophant:OrnateBuckler","floor":14},{"not_picked":["hierophant:Anathema+1","hierophant:DivineIntervention"],"picked":"hierophant:Determination","floor":16},{"not_picked":["hierophant:AuricBeam+1","hierophant:Shelter"],"picked":"hierophant:FlamingChariot+1","floor":18},{"not_picked":["hierophant:MorningPrayer","hierophant:SolarFlare+1"],"picked":"hierophant:Remorse+1","floor":19},{"not_picked":["hierophant:Generosity","hierophant:ThreeLashes+1"],"picked":"hierophant:Purify+1","floor":20},{"not_picked":["hierophant:Martyrdom+1","hierophant:Sermon"],"picked":"hierophant:SecretStash+1","floor":24},{"not_picked":["hierophant:Purify+1","hierophant:Exaltation"],"picked":"hierophant:ThreeLashes+1","floor":25}],"player_experience":240287,"relics_obtained":[{"floor":9,"key":"Molten Egg 2"},{"floor":10,"key":"Ginger"},{"floor":26,"key":"Centennial Puzzle"}],"event_choices":[{"damage_healed":0,"gold_gain":0,"player_choice":"Donut","damage_taken":0,"max_hp_gain":5,"max_hp_loss":0,"event_name":"Big Fish","floor":2,"gold_loss":0},{"damage_healed":0,"gold_gain":0,"player_choice":"Grow","damage_taken":0,"max_hp_gain":0,"max_hp_loss":0,"event_name":"Living Wall","floor":5,"gold_loss":0,"cards_upgraded":["hierophant:Upheaval"]},{"damage_healed":0,"gold_gain":0,"player_choice":"Inject Mutagens","damage_taken":0,"relics_obtained":["MutagenicStrength"],"max_hp_gain":0,"max_hp_loss":0,"event_name":"Drug Dealer","floor":22,"gold_loss":0},{"cards_removed":["hierophant:Remorse"],"damage_healed":5,"gold_gain":0,"player_choice":"Offered Common","damage_taken":0,"max_hp_gain":0,"max_hp_loss":0,"event_name":"Bonfire Elementals","floor":27,"gold_loss":0},{"cards_removed":["hierophant:Remorse"],"damage_healed":5,"gold_gain":0,"player_choice":"Offered Special","damage_taken":0,"max_hp_gain":0,"max_hp_loss":0,"event_name":"Bonfire Elementals","floor":27,"gold_loss":0}],"is_beta":false,"boss_relics":[{"not_picked":["Runic Dome","Runic Pyramid"],"picked":"Sozu"}],"items_purged_floors":[],"is_endless":false,"potions_floor_spawned":[7,10,16,19],"killed_by":"3 Cultists","ascension_level":0}}