{"host":"prxrhpgaxnj4om9r","time":1613117704,"event":{"mods":["AchievementEnabler","BaseMod","DeckTracker","Keyboard Shortcuts","Minty Spire (QoL Compilation)"],"gold_per_floor":[118,118,130,143,121,150,130,145,172,184,204,204,230,305,305,404,404,422,433,433,177,177,177,211,64,64,79,178,178,178,197,197,197,197],"floor_reached":33,"language":"KOR","playtime":1837,"items_purged":[],"score":275,"play_id":"d9f72399-5658-4bee-b228-b7d62e9577a5","local_time":"20210212171504","is_ascension_mode":false,"campfire_choices":[{"floor":15,"key":"REST"},{"floor":23,"key":"RECALL"},{"floor":29,"key":"REST"},{"floor":32,"key":"REST"}],"circlet_count":0,"master_deck":["Strike_G","Strike_G","Strike_G+1","Strike_G","Defend_G","Defend_G","Defend_G+1","Survivor+1","Neutralize","Wraith Form v2","Acrobatics","Backstab","Predator+1","Slice","Concentrate","Masterful Stab","Dagger Spray","Poisoned Stab","A Thousand Cuts","Deadly Poison","Corpse Explosion","Blade Dance","Bane+1","Flechettes+1","Underhanded Strike+1","Dagger Throw+1"],"relics":["Ring of the Snake","Whetstone","Regal Pillow","Juzu Bracelet","Snecko Eye","Paper Crane","Molten Egg 2","Vajra","War Paint"],"acts_visited":["Exordium","TheCity"],"potions_floor_usage":[6,11,11,13,16,24,24,33],"damage_taken":[{"damage":0,"enemies":"2 Louse","floor":1,"turns":4},{"damage":4,"enemies":"Cultist","floor":3,"turns":4},{"damage":1,"enemies":"Small Slimes","floor":4,"turns":3},{"damage":24,"enemies":"3 Sentries","floor":6,"turns":10},{"damage":9,"enemies":"2 Fungi Beasts","floor":8,"turns":3},{"damage":0,"enemies":"3 Louse","floor":10,"turns":2},{"damage":9,"enemies":"Exordium Thugs","floor":11,"turns":3},{"damage":6,"enemies":"Gremlin Nob","floor":13,"turns":3},{"damage":40,"enemies":"Hexaghost","floor":16,"turns":9},{"damage":14,"enemies":"Spheric Guardian","floor":18,"turns":4},{"damage":6,"enemies":"Chosen","floor":19,"turns":4},{"damage":10,"enemies":"Gremlin Leader","floor":24,"turns":4},{"damage":34,"enemies":"Shelled Parasite and Fungi","floor":27,"turns":4},{"damage":27,"enemies":"Centurion and Healer","floor":31,"turns":4},{"damage":64,"enemies":"Collector","floor":33,"turns":5}],"seed_played":"5579770594690016702","potions_obtained":[{"floor":1,"key":"PowerPotion"},{"floor":7,"key":"DistilledChaos"},{"floor":10,"key":"Swift Potion"},{"floor":11,"key":"GamblersBrew"},{"floor":13,"key":"Weak Potion"},{"floor":16,"key":"Explosive Potion"},{"floor":19,"key":"Strength Potion"},{"floor":31,"key":"Explosive Potion"}],"is_trial":false,"path_per_floor":["M","?","M","M","$","E","?","M","T","M","M","?","E","?","R","B",null,"M","M","?","$","T","R","E","$","T","M","?","R","?","M","R","B"],"character_chosen":"THE_SILENT","items_purchased":["Slice","Paper Crane","War Paint"],"campfire_rested":3,"item_purchase_floors":[5,21,25],"current_hp_per_floor":[70,70,66,65,65,41,41,32,32,32,23,23,17,6,42,2,70,56,50,50,50,50,50,40,40,40,6,6,42,42,15,51,0,0],"gold":197,"neow_bonus":"ONE_RANDOM_RARE_CARD","is_daily":false,"chose_seed":false,"campfire_upgraded":0,"win_rate":0.0,"timestamp":1613117704,"path_taken":["M","?","?","M","?","E","?","?","T","M","M","?","E","?","R","BOSS","M","M","?","$","?","R","E","?","T","M","?","R","?","M","R","BOSS"],"items_purchased_type":["Card","Relic","Relic"],"build_version":"2020-12-22","purchased_purges":0,"victory":false,"max_hp_per_floor":[70,70,70,70,70,70,70,70,70,70,70,70,70,70,70,70,70,70,70,70,70,70,70,70,70,70,70,70,70,70,70,70,70,70],"card_choices":[{"not_picked":["Catalyst","Bane"],"picked":"Acrobatics","floor":1},{"not_picked":["Quick Slash","Blade Dance"],"picked":"Backstab","floor":3},{"not_picked":["Dodge and Roll","Catalyst"],"picked":"Predator","floor":4},{"not_picked":["Poisoned Stab","Caltrops"],"picked":"Concentrate","floor":6},{"not_picked":["Acrobatics","Choke"],"picked":"Masterful Stab","floor":8},{"not_picked":["Flying Knee","Riddle With Holes"],"picked":"Dagger Spray","floor":10},{"not_picked":["Caltrops","Deflect"],"picked":"Poisoned Stab","floor":11},{"not_picked":["Terror","Well Laid Plans"],"picked":"Deadly Poison","floor":13},{"not_picked":["Tools of the Trade","Night Terror"],"picked":"Corpse Explosion","floor":16},{"not_picked":["Accuracy","Poisoned Stab"],"picked":"Blade Dance","floor":18},{"not_picked":["Cloak And Dagger","Backflip"],"picked":"Bane+1","floor":19},{"not_picked":["Accuracy","Deflect+1"],"picked":"Flechettes+1","floor":24},{"not_picked":["Backstab+1","Burst"],"picked":"Underhanded Strike+1","floor":27},{"not_picked":["Accuracy","Underhanded Strike+1"],"picked":"Dagger Throw+1","floor":31}],"player_experience":399482,"relics_obtained":[{"floor":6,"key":"Whetstone"},{"floor":9,"key":"Regal Pillow"},{"floor":13,"key":"Juzu Bracelet"},{"floor":22,"key":"Molten Egg 2"},{"floor":24,"key":"Vajra"}],"event_choices":[{"cards_removed":["Defend_G"],"damage_healed":0,"gold_gain":0,"player_choice":"Purged","damage_taken":0,"max_hp_gain":0,"max_hp_loss":0,"event_name":"Purifier","floor":2,"gold_loss":0},{"damage_healed":0,"gold_gain":0,"player_choice":"Bought 1 Potion","damage_taken":0,"max_hp_gain":0,"max_hp_loss":0,"event_name":"The Woman in Blue","floor":7,"gold_loss":0},{"damage_healed":0,"gold_gain":0,"cards_transformed":["Defend_G"],"player_choice":"Change","damage_taken":0,"max_hp_gain":0,"max_hp_loss":0,"event_name":"Living Wall","floor":12,"gold_loss":0,"cards_obtained":["A Thousand Cuts"]},{"damage_healed":0,"gold_gain":75,"player_choice":"Gather Gold","damage_taken":11,"max_hp_gain":0,"max_hp_loss":0,"event_name":"World of Goop","floor":14,"gold_loss":0},{"cards_removed":["Strike_G"],"damage_healed":0,"gold_gain":0,"player_choice":"Offered Basic","damage_taken":0,"max_hp_gain":0,"max_hp_loss":0,"event_name":"Bonfire Elementals","floor":20,"gold_loss":0},{"damage_healed":0,"gold_gain":99,"player_choice":"Stole From Cult","damage_taken":0,"max_hp_gain":0,"max_hp_loss":0,"event_name":"Nest","floor":28,"gold_loss":0},{"damage_healed":0,"gold_gain":0,"player_choice":"Ignored","damage_taken":0,"max_hp_gain":0,"max_hp_loss":0,"event_name":"Ghosts","floor":30,"gold_loss":0}],"is_beta":false,"boss_relics":[{"not_picked":["Sozu","Busted Crown"],"picked":"Snecko Eye"}],"items_purged_floors":[],"is_endless":false,"potions_floor_spawned":[1,10,11,13,16,19,31],"killed_by":"Collector","ascension_level":0}}