{"host":"5y2vm16xfq9gfmb2","time":1613093193,"event":{"mods":["AchievementEnabler","BaseMod","Better Third Choice","Colored Map","Colored Powertips","DeckTracker","Marisa????????","Minty Spire (QoL Compilation)","Rare Cards Sparkle","Relic Stats","StSLib","The Alterego","The Servant 0.9.4"],"gold_per_floor":[115,115,115,135,154,166,166,176,227,227,258,82,114,128,128,266,266,293,293,293,323,336,336,352,388,388,418,418,481,481,507,507,629,629,649,649,689,721,743,743],"floor_reached":39,"language":"ENG","playtime":2655,"items_purged":[],"score":422,"play_id":"8e41d133-aa33-4769-9fdc-9be0394729ab","local_time":"20210211202633","is_ascension_mode":false,"campfire_choices":[{"floor":7.0,"key":"REST"},{"data":"White Noise","floor":10.0,"key":"SMITH"},{"floor":15.0,"key":"REST"},{"floor":23.0,"key":"REST"},{"floor":28.0,"key":"REST"},{"floor":32.0,"key":"REST"}],"circlet_count":0,"master_deck":["Strike_B","Strike_B","Strike_B","Strike_B","Defend_B","Defend_B","Defend_B","Defend_B","Zap","Dualcast","Coolheaded","Ball Lightning","Heatsinks","Double Energy","Echo Form+1","Steam","White Noise+1","Cold Snap","Redo","Lockon","BootSequence","Ball Lightning+1","Stack","Robbery+1","Blade Dance","DevaForm","Gash+1","RitualDagger+1","Revamp","BestPractice","alterego_mod:Cushion","6A+1","Pain","Flying Knee+1","LuminesStrike+1","Cold Snap+1","alterego_mod:BrynhildrRomantia+1","alterego_mod:RidiculouslyBig","Redo","Finesse","Tempest","Prepared","BottledTime+1"],"relics":["Cracked Core","Happy Flower","Molten Egg 2","PrismaticShard","Bag of Marbles","Cursed Key","Vajra","Eternal Feather","Red Mask","Inserter"],"acts_visited":["Exordium","TheCity","TheBeyond"],"potions_floor_usage":[38],"damage_taken":[{"damage":7.0,"enemies":"2 Louse","floor":1.0,"turns":3.0},{"damage":6.0,"enemies":"Jaw Worm","floor":4.0,"turns":2.0},{"damage":2.0,"enemies":"Cultist","floor":5.0,"turns":4.0},{"damage":3.0,"enemies":"2 Fungi Beasts","floor":6.0,"turns":3.0},{"damage":10.0,"enemies":"Blue Slaver","floor":8.0,"turns":4.0},{"damage":16.0,"enemies":"Lagavulin","floor":11.0,"turns":5.0},{"damage":9.0,"enemies":"3 Sentries","floor":13.0,"turns":5.0},{"damage":2.0,"enemies":"3 Louse","floor":14.0,"turns":3.0},{"damage":10.0,"enemies":"Slime Boss","floor":16.0,"turns":8.0},{"damage":15.0,"enemies":"Spheric Guardian","floor":18.0,"turns":5.0},{"damage":30.0,"enemies":"3 Byrds","floor":21.0,"turns":5.0},{"damage":8.0,"enemies":"Sentry and Sphere","floor":22.0,"turns":5.0},{"damage":21.0,"enemies":"Snake Plant","floor":24.0,"turns":5.0},{"damage":0.0,"enemies":"Centurion and Healer","floor":25.0,"turns":7.0},{"damage":12.0,"enemies":"3 Cultists","floor":27.0,"turns":4.0},{"damage":6.0,"enemies":"Masked Bandits","floor":29.0,"turns":4.0},{"damage":13.0,"enemies":"Snake Plant","floor":31.0,"turns":4.0},{"damage":19.0,"enemies":"Champ","floor":33.0,"turns":9.0},{"damage":10.0,"enemies":"3 Shapes","floor":35.0,"turns":4.0},{"damage":46,"enemies":"3 Darklings","floor":37,"turns":6},{"damage":38,"enemies":"Jaw Worm Horde","floor":38,"turns":5},{"damage":13,"enemies":"Spire Growth","floor":39,"turns":4}],"seed_played":"2086795383169592969","potions_obtained":[{"floor":6.0,"key":"GamblersBrew"},{"floor":8.0,"key":"SpeedPotion"},{"floor":11.0,"key":"Ancient Potion"},{"floor":16.0,"key":"PowerPotion"},{"floor":21.0,"key":"LiquidBronze"},{"floor":24.0,"key":"Fruit Juice"},{"floor":25.0,"key":"Fire Potion"},{"floor":29.0,"key":"SpeedPotion"},{"floor":31.0,"key":"BlessingOfTheForge"},{"floor":35.0,"key":"Ancient Potion"}],"is_trial":false,"path_per_floor":["M","?","?","M","M","M","R","M","T","R","E","$","E","M","R","B",null,"M","?","?","M","M","R","M","M","T","M","R","?","?","M","R","B",null,"M","?","M","M","M"],"character_chosen":"DEFECT","items_purchased":["PrismaticShard","Stack"],"campfire_rested":5,"item_purchase_floors":[12,12],"current_hp_per_floor":[68,68,68,62,60,57,75,65,65,65,49,49,40,38,60,50,75,60,54,54,24,16,38,22,22,22,10,52,46,31,18,64,45,85,75,75,29,9,0,0],"gold":743,"neow_bonus":"THREE_CARDS","is_daily":false,"chose_seed":false,"campfire_upgraded":1,"win_rate":0.0,"timestamp":1613093193,"path_taken":["M","?","?","?","M","M","R","M","T","R","E","$","E","M","R","BOSS","M","?","?","M","M","R","M","M","T","M","R","?","?","M","R","BOSS","M","?","M","?","M"],"items_purchased_type":["Relic","Card"],"build_version":"2020-12-22","purchased_purges":0,"victory":false,"max_hp_per_floor":[75,75,75,75,75,75,75,75,75,75,75,75,75,75,75,75,75,75,75,75,75,75,75,80,80,80,80,80,80,85,85,85,85,85,85,85,85,89,89,89],"relic_stats":{"Inserter":[9],"Happy Flower":[29],"counters":[22,104],"Eternal Feather":39,"Cursed Key":1,"obtain_stats":[{"Inserter":34,"Happy Flower":9,"Vajra":20,"Molten Egg 2":11,"Eternal Feather":26,"Bag of Marbles":13,"Red Mask":29,"Cracked Core":0,"PrismaticShard":12,"Cursed Key":17},{"Inserter":18,"Happy Flower":5,"Vajra":10,"Molten Egg 2":6,"Eternal Feather":14,"Bag of Marbles":7,"Red Mask":16,"Cracked Core":0,"PrismaticShard":6,"Cursed Key":9},{"Inserter":85,"Happy Flower":16,"Vajra":42,"Molten Egg 2":21,"Eternal Feather":64,"Bag of Marbles":26,"Red Mask":72,"Cracked Core":0,"PrismaticShard":21,"Cursed Key":37}]},"card_choices":[{"not_picked":["Barrage","Go for the Eyes"],"picked":"Coolheaded","floor":0.0},{"not_picked":["Sweeping Beam","Steam"],"picked":"Ball Lightning","floor":1.0},{"not_picked":["Hologram","Compile Driver"],"picked":"Cold Snap","floor":4.0},{"not_picked":["Streamline","Stack"],"picked":"Redo","floor":5.0},{"not_picked":["Consume","Chill"],"picked":"Lockon","floor":6.0},{"not_picked":["Undo","Streamline"],"picked":"BootSequence","floor":8.0},{"not_picked":["Fusion","Thunder Strike+1"],"picked":"Ball Lightning+1","floor":11.0},{"not_picked":["Moonlight+1","NonDirectionalLaser+1"],"picked":"Robbery+1","floor":13.0},{"not_picked":["Prepared","Shockwave"],"picked":"Blade Dance","floor":14.0},{"not_picked":["Barricade","ManaRampage"],"picked":"DevaForm","floor":16.0},{"not_picked":["GrandCross+1","Dark Embrace"],"picked":"Gash+1","floor":18.0},{"not_picked":["Barrage+1","alterego_mod:Mirror"],"picked":"Revamp","floor":21.0},{"not_picked":["Twin Strike+1","TimeWarp+1"],"picked":"BestPractice","floor":22.0},{"not_picked":["alterego_mod:Valentines","Barrage+1"],"picked":"alterego_mod:Cushion","floor":24.0},{"not_picked":["Rewind","DoubleEdge+1"],"picked":"6A+1","floor":25.0},{"not_picked":["ShootTheMoon+1","ShootingEcho+1"],"picked":"Flying Knee+1","floor":27.0},{"not_picked":["DualDimension+1","alterego_mod:Mirror"],"picked":"LuminesStrike+1","floor":29.0},{"not_picked":["Rewind","Stack"],"picked":"Cold Snap+1","floor":31.0},{"not_picked":["All For One+1","HandOfGreed+1"],"picked":"alterego_mod:BrynhildrRomantia+1","floor":33.0},{"not_picked":["Prostrate","alterego_mod:TrashNCrash+1"],"picked":"alterego_mod:RidiculouslyBig","floor":35.0},{"not_picked":["GalacticHalo+1","alterego_mod:Cycle"],"picked":"Prepared","floor":37},{"not_picked":["FlurryOfBlows+1","Coolheaded+1"],"picked":"BottledTime+1","floor":38}],"player_experience":39634,"relics_obtained":[{"floor":9.0,"key":"Happy Flower"},{"floor":11.0,"key":"Molten Egg 2"},{"floor":13.0,"key":"Bag of Marbles"},{"floor":26.0,"key":"Eternal Feather"},{"floor":29.0,"key":"Red Mask"}],"event_choices":[{"damage_healed":0.0,"max_hp_gain":0.0,"max_hp_loss":0.0,"gold_gain":0.0,"event_name":"Accursed Blacksmith","player_choice":"Forge","floor":3.0,"gold_loss":0.0,"damage_taken":0.0,"cards_upgraded":["Echo Form"]},{"damage_healed":0.0,"max_hp_gain":0.0,"max_hp_loss":0.0,"gold_gain":0.0,"event_name":"betterThird:BetterNest","player_choice":"Dagger","floor":19.0,"gold_loss":0.0,"damage_taken":6.0,"cards_obtained":["RitualDagger"]},{"damage_healed":0.0,"max_hp_gain":0.0,"max_hp_loss":0.0,"gold_gain":0.0,"event_name":"The Mausoleum","player_choice":"Opened","floor":20.0,"gold_loss":0.0,"damage_taken":0.0,"relics_obtained":["Vajra"]},{"damage_healed":0.0,"max_hp_gain":0.0,"max_hp_loss":0.0,"gold_gain":0.0,"event_name":"Masked Bandits","player_choice":"Fought Bandits","floor":29.0,"gold_loss":0.0,"damage_taken":0.0},{"damage_healed":0.0,"max_hp_gain":5.0,"max_hp_loss":0.0,"gold_gain":0.0,"event_name":"Forgotten Altar","player_choice":"Shed Blood","floor":30.0,"gold_loss":0.0,"damage_taken":20.0},{"damage_healed":0,"gold_gain":0,"player_choice":"3 cards matched","damage_taken":0,"max_hp_gain":0,"max_hp_loss":0,"event_name":"Match and Keep!","floor":36,"gold_loss":0,"cards_obtained":["Redo","Finesse","Tempest"]}],"is_beta":false,"boss_relics":[{"not_picked":["Philosopher\u0027s Stone","Ectoplasm"],"picked":"Cursed Key"},{"not_picked":["Empty Cage","Nuclear Battery"],"picked":"Inserter"}],"items_purged_floors":[],"is_endless":false,"potions_floor_spawned":[6,8,11,16,21,24,25,29,31,35],"killed_by":"Spire Growth","ascension_level":0}}