{"host":"5y2vm16xfq9gfmb2","time":1613112197,"event":{"mods":["AchievementEnabler","BaseMod","Better Third Choice","Colored Map","Colored Powertips","DeckTracker","Marisa????????","Minty Spire (QoL Compilation)","Rare Cards Sparkle","Relic Stats","StSLib","The Alterego","The Animator","The Marked","The Servant 0.9.4"],"gold_per_floor":[112,126,126,126,155,155,202,45,71,91,105,147,207,235,235,347,347,368,368,368,394,42,42,84,84,110,110,125,44,44,65,65,168,168,192,192,192,192,204,204,221,2,53,70,70,70,70],"floor_reached":46,"language":"ENG","playtime":3438,"items_purged":[],"score":463,"play_id":"37ec92a8-1022-4e26-8c30-09381311e3d9","local_time":"20210212014317","is_ascension_mode":false,"campfire_choices":[{"floor":15,"key":"RECALL"},{"floor":23,"key":"REST"},{"floor":27,"key":"REST"},{"floor":30,"key":"REST"},{"floor":32,"key":"REST"},{"floor":40,"key":"REST"}],"circlet_count":0,"master_deck":["animator:Strike_Konosuba","animator:Strike","animator:Strike","animator:Strike","animator:Defend","animator:Defend","animator:Defend+1","animator:Aqua","animator:Vesta+1","animator:DolaSchwi","animator:Shigure","animator:YunYun","animator:Sloth","animator:Kaijin","animator:Megumin+8","animator:Chris","animator:Hans","animator:RoyMustang+1","Writhe","animator:YaoHaDucy","animator:QuestionMark","animator:Mitsuba+1","Shame","animator:Millim+1","animator:Darkness","animator:ElricEdward+1","animator:Shion+1","animator:Albedo+1","animator:Entoma+1","animator:HigakiRinne","animator:TanyaDegurechaff+1","animator:Urushihara+1","animator:Urushihara+1","animator:SakuraMatou+1","animator:Sebas","animator:Jibril+1","animator:Kazuma","animator:Souei+1","Doubt"],"relics":["animator:LivingPicture","animator:TheMissingPiece","animator:PurgingStone","NeowsBlessing","Blood Vial","InkBottle","Anchor","Bag of Preparation","Black Star","Happy Flower","Nilry\u0027s Codex","animator:OldCoffin","Molten Egg 2","Juzu Bracelet","Orichalcum","Ancient Tea Set","animator:HolyGrailRelic","MealTicket"],"acts_visited":["Exordium","TheCity","TheBeyond"],"potions_floor_usage":[7,7,7,16,33,33,41,41,41,44,46],"damage_taken":[{"damage":0,"enemies":"2 Louse","floor":1,"turns":2},{"damage":0,"enemies":"Jaw Worm","floor":2,"turns":1},{"damage":0,"enemies":"Small Slimes","floor":5,"turns":1},{"damage":22,"enemies":"3 Sentries","floor":7,"turns":7},{"damage":0,"enemies":"Gremlin Gang","floor":10,"turns":4},{"damage":2,"enemies":"Large Slime","floor":11,"turns":5},{"damage":4,"enemies":"3 Sentries","floor":13,"turns":5},{"damage":0,"enemies":"3 Louse","floor":14,"turns":2},{"damage":41,"enemies":"Hexaghost","floor":16,"turns":8},{"damage":23,"enemies":"Shell Parasite","floor":18,"turns":6},{"damage":21,"enemies":"Chosen","floor":21,"turns":5},{"damage":31,"enemies":"Gremlin Leader","floor":24,"turns":6},{"damage":10,"enemies":"Shelled Parasite and Fungi","floor":28,"turns":4},{"damage":26,"enemies":"Centurion and Healer","floor":31,"turns":5},{"damage":24,"enemies":"Champ","floor":33,"turns":10},{"damage":20,"enemies":"Orb Walker","floor":35,"turns":4},{"damage":1,"enemies":"3 Shapes","floor":39,"turns":3},{"damage":53,"enemies":"Maw","floor":41,"turns":7},{"damage":16,"enemies":"Writhing Mass","floor":44,"turns":5},{"damage":14,"enemies":"Spire Growth","floor":46,"turns":2}],"seed_played":"-5498405406941472850","potions_obtained":[{"floor":1,"key":"PowerPotion"},{"floor":2,"key":"PowerPotion"},{"floor":5,"key":"SneckoOil"},{"floor":11,"key":"AttackPotion"},{"floor":24,"key":"GamblersBrew"},{"floor":28,"key":"Weak Potion"},{"floor":31,"key":"LiquidMemories"},{"floor":35,"key":"EntropicBrew"}],"is_trial":false,"path_per_floor":["M","M","?","?","M","?","E","$","T","M","M","?","?","M","R","B",null,"M","?","?","M","$","R","E","?","T","R","M","$","R","M","R","B",null,"M","?","?","?","M","R","M","$","T","M","?","M"],"character_chosen":"THE_ANIMATOR","items_purchased":["Anchor","animator:OldCoffin","animator:QuestionMark","animator:Darkness","animator:ElricEdward+1","animator:Gilgamesh+1","animator:Jibril+1","animator:Kazuma"],"campfire_rested":5,"item_purchase_floors":[8,22,22,29,29,42,42,42],"current_hp_per_floor":[66,66,39,39,41,66,46,46,46,50,52,52,51,53,53,17,68,47,47,31,14,14,34,8,8,8,28,22,22,42,20,40,20,77,61,61,51,41,46,70,21,21,21,9,9,0,0],"gold":70,"neow_bonus":"THREE_ENEMY_KILL","is_daily":false,"chose_seed":false,"campfire_upgraded":0,"win_rate":0.0,"timestamp":1613112197,"path_taken":["M","M","?","?","M","?","E","$","T","?","?","?","?","M","R","BOSS","M","?","?","M","$","R","E","?","T","R","M","$","R","M","R","BOSS","M","?","?","?","M","R","M","$","T","M","?","M"],"items_purchased_type":["Relic","Relic","Card","Card","Card","Card","Card","Card"],"build_version":"2020-12-22","purchased_purges":0,"victory":false,"max_hp_per_floor":[66,66,66,66,66,66,66,66,66,66,66,66,67,67,67,68,68,68,68,68,68,68,68,69,69,69,69,69,69,69,69,69,69,77,79,79,79,79,81,81,81,81,81,78,78,78,78],"relic_stats":{"Blood Vial":30,"Happy Flower":[17],"counters":[20,91],"MealTicket":0,"Bag of Preparation":[26],"Black Star":1,"Juzu Bracelet":0,"Orichalcum":[36],"obtain_stats":[{"NeowsBlessing":0,"Happy Flower":19,"Nilry\u0027s Codex":20,"animator:TheMissingPiece":0,"Bag of Preparation":13,"Juzu Bracelet":24,"Orichalcum":25,"Ancient Tea Set":26,"Blood Vial":3,"Anchor":8,"animator:HolyGrailRelic":34,"animator:PurgingStone":0,"Molten Egg 2":24,"MealTicket":43,"animator:LivingPicture":0,"Black Star":17,"InkBottle":7,"animator:OldCoffin":22},{"NeowsBlessing":0,"Happy Flower":10,"Nilry\u0027s Codex":10,"animator:TheMissingPiece":0,"Bag of Preparation":7,"Juzu Bracelet":12,"Orichalcum":12,"Ancient Tea Set":12,"Blood Vial":2,"Anchor":4,"animator:HolyGrailRelic":15,"animator:PurgingStone":0,"Molten Egg 2":12,"MealTicket":18,"animator:LivingPicture":0,"Black Star":9,"InkBottle":4,"animator:OldCoffin":11},{"NeowsBlessing":0,"Happy Flower":41,"Nilry\u0027s Codex":41,"animator:TheMissingPiece":0,"Bag of Preparation":25,"Juzu Bracelet":52,"Orichalcum":52,"Ancient Tea Set":52,"Blood Vial":3,"Anchor":11,"animator:HolyGrailRelic":71,"animator:PurgingStone":0,"Molten Egg 2":52,"MealTicket":84,"animator:LivingPicture":0,"Black Star":35,"InkBottle":11,"animator:OldCoffin":46}],"InkBottle":[27]},"card_choices":[{"not_picked":["animator:DolaRiku","animator:MetalKnight"],"picked":"animator:Vesta","floor":1},{"not_picked":["animator:Mitsuba","animator:Mikaela"],"picked":"animator:DolaSchwi","floor":2},{"not_picked":["animator:SakuraMatou","animator:Kazuma"],"picked":"animator:Shigure","floor":5},{"not_picked":["animator:Kazuma","animator:Verdia"],"picked":"animator:YunYun","floor":7},{"not_picked":["animator:MumenRider","animator:Benimaru"],"picked":"animator:Sloth","floor":10},{"not_picked":["animator:YaoHaDucy","animator:Gluttony"],"picked":"animator:Kaijin","floor":11},{"not_picked":["animator:Mikaela","animator:Rider"],"picked":"animator:Megumin","floor":13},{"not_picked":["animator:Aqua","animator:Darkness"],"picked":"animator:Chris","floor":14},{"not_picked":["animator:PinaCoLada","animator:Sora"],"picked":"animator:Hans","floor":16},{"not_picked":["animator:Kuribayashi","animator:SilverFang+1"],"picked":"animator:RoyMustang+1","floor":18},{"not_picked":["animator:Rider","animator:Bozes"],"picked":"animator:YaoHaDucy","floor":21},{"not_picked":["animator:YunYun+1","animator:Kazuma"],"picked":"animator:Mitsuba+1","floor":24},{"not_picked":["animator:Benimaru+1","animator:Vesta"],"picked":"animator:Millim+1","floor":28},{"not_picked":["animator:ChlammyZell","animator:Genos+1"],"picked":"animator:Shion+1","floor":31},{"not_picked":["animator:FeridBathory","animator:Father"],"picked":"animator:Albedo+1","floor":33},{"not_picked":["animator:CrowleyEusford+1","animator:MaesHughes"],"picked":"animator:Entoma+1","floor":35},{"not_picked":["animator:Shimakaze+1","animator:Emilia"],"picked":"animator:TanyaDegurechaff+1","floor":38},{"not_picked":["animator:QuestionMark","animator:NononJakuzure"],"picked":"animator:Urushihara+1","floor":38},{"not_picked":["animator:Canti+1","animator:MamizouFutatsuiwa"],"picked":"animator:Urushihara+1","floor":38},{"not_picked":["animator:Tyuule+1","animator:GazelDwargon"],"picked":"animator:SakuraMatou+1","floor":39},{"not_picked":["animator:Demiurge","animator:Cocytus+1"],"picked":"animator:Sebas","floor":41},{"not_picked":["animator:ElricEdward+1","animator:Tet+1"],"picked":"animator:Souei+1","floor":44}],"player_experience":51609,"relics_obtained":[{"floor":7,"key":"InkBottle"},{"floor":13,"key":"Bag of Preparation"},{"floor":20,"key":"Nilry\u0027s Codex"},{"floor":24,"key":"Molten Egg 2"},{"floor":24,"key":"Juzu Bracelet"},{"floor":26,"key":"Ancient Tea Set"},{"floor":43,"key":"MealTicket"}],"event_choices":[{"damage_healed":0,"gold_gain":0,"player_choice":"Grow","damage_taken":0,"max_hp_gain":0,"max_hp_loss":0,"event_name":"Living Wall","floor":4,"gold_loss":0,"cards_upgraded":["animator:Vesta"]},{"cards_removed":["Crippling Poison"],"damage_healed":25,"gold_gain":0,"player_choice":"Offered Uncommon","damage_taken":0,"max_hp_gain":0,"max_hp_loss":0,"event_name":"Bonfire Elementals","floor":6,"gold_loss":0},{"damage_healed":0,"gold_gain":0,"player_choice":"Searched \u00271\u0027 times","damage_taken":0,"max_hp_gain":0,"max_hp_loss":0,"event_name":"Dead Adventurer","floor":13,"gold_loss":0},{"damage_healed":0,"gold_gain":0,"player_choice":"Opened","damage_taken":0,"relics_obtained":["Happy Flower"],"max_hp_gain":0,"max_hp_loss":0,"event_name":"The Mausoleum","floor":19,"gold_loss":0,"cards_obtained":["Writhe"]},{"damage_healed":0,"gold_gain":0,"player_choice":"Obtained Book","damage_taken":16,"max_hp_gain":0,"max_hp_loss":0,"event_name":"Cursed Tome","floor":20,"gold_loss":0},{"damage_healed":0,"gold_gain":0,"player_choice":"Stole Relic","damage_taken":0,"relics_obtained":["Orichalcum"],"max_hp_gain":0,"max_hp_loss":0,"event_name":"Addict","floor":25,"gold_loss":0,"cards_obtained":["Shame"]},{"cards_removed":["animator:Kazuma"],"damage_healed":0,"gold_gain":0,"player_choice":"Removed Skill","damage_taken":0,"max_hp_gain":0,"max_hp_loss":0,"event_name":"Falling","floor":36,"gold_loss":0},{"damage_healed":0,"gold_gain":0,"player_choice":"Embrace Madness","damage_taken":10,"max_hp_gain":0,"max_hp_loss":0,"event_name":"Winding Halls","floor":37,"gold_loss":0,"cards_obtained":["animator:HigakiRinne"]},{"damage_healed":0,"gold_gain":0,"player_choice":"Memory 3","damage_taken":10,"max_hp_gain":0,"max_hp_loss":0,"event_name":"SensoryStone","floor":38,"gold_loss":0},{"cards_removed":["animator:Gilgamesh"],"damage_healed":0,"gold_gain":0,"player_choice":"Took Card","damage_taken":0,"max_hp_gain":0,"max_hp_loss":0,"event_name":"NoteForYourself","floor":45,"gold_loss":0,"cards_obtained":["Doubt"]}],"is_beta":false,"boss_relics":[{"not_picked":["SlaversCollar","Cursed Key"],"picked":"Black Star"},{"not_picked":["Fusion Hammer","Astrolabe"],"picked":"animator:HolyGrailRelic"}],"items_purged_floors":[],"is_endless":false,"potions_floor_spawned":[1,2,5,11,24,28,31,35],"killed_by":"Spire Growth","ascension_level":0}}