{"host":"jz4ul6vrcxqkcr33","time":1613113612,"event":{"mods":["BaseMod","Minty Spire (QoL Compilation)","StSLib"],"gold_per_floor":[112,124,124,139,150,179,192,192,263,263,263,263,287,110,110,230,230,254,62,81,81,99,99,143,143,168,204,229,229,249,249,249,380,380,403,2,27,27,27,27,63,81,81,104,104,104,104,22,22,22,22,22,22,60,60],"floor_reached":56,"language":"ENG","playtime":2008,"items_purged":["Pain"],"score":1588,"play_id":"7c9f64bd-cf28-4084-8e67-79631a83b59c","local_time":"20210212020652","is_ascension_mode":true,"campfire_choices":[{"data":"Noxious Fumes","floor":8.0,"key":"SMITH"},{"data":"Adrenaline","floor":11.0,"key":"SMITH"},{"data":"Accuracy","floor":15.0,"key":"SMITH"},{"floor":23.0,"key":"REST"},{"data":"Wraith Form v2","floor":29.0,"key":"SMITH"},{"data":"Wraith Form v2","floor":32.0,"key":"SMITH"},{"data":"1","floor":40.0,"key":"LIFT"},{"data":"2","floor":45.0,"key":"LIFT"},{"data":"3","floor":47.0,"key":"LIFT"},{"floor":49.0,"key":"RECALL"},{"floor":52.0,"key":"REST"}],"circlet_count":0,"master_deck":["Strike_G","Strike_G","Defend_G","Defend_G","Defend_G","Defend_G","Survivor","Neutralize+1","Die Die Die+1","Phantasmal Killer+1","Terror+1","Flying Knee","Backflip","Adrenaline","Predator+1","Blade Dance","Adrenaline+1","Noxious Fumes+1","Bane","Accuracy+1","Dagger Throw","Wraith Form v2+1","Blade Dance","Violence","Blade Dance","Wraith Form v2+1","Blade Dance+1","Dodge and Roll","Dodge and Roll+1","Dash","Necronomicurse","Burst","CurseOfTheBell","Blade Dance+1","Calculated Gamble+1","Noxious Fumes+1","Footwork+1","Caltrops+1"],"relics":["Astrolabe","Whetstone","Ornamental Fan","Golden Idol","WarpedTongs","Philosopher\u0027s Stone","Peace Pipe","Nunchaku","Bronze Scales","Necronomicon","Calling Bell","Oddly Smooth Stone","Frozen Egg 2","Girya","Bottled Tornado","HandDrill","Omamori","Lizard Tail"],"acts_visited":["Exordium","TheCity","TheBeyond","TheEnding"],"potions_floor_usage":[],"damage_taken":[{"damage":0.0,"enemies":"Jaw Worm","floor":1.0,"turns":3.0},{"damage":0.0,"enemies":"2 Louse","floor":2.0,"turns":1.0},{"damage":0.0,"enemies":"Small Slimes","floor":4.0,"turns":1.0},{"damage":0.0,"enemies":"Gremlin Gang","floor":5.0,"turns":2.0},{"damage":0.0,"enemies":"Lagavulin","floor":6.0,"turns":4.0},{"damage":0.0,"enemies":"3 Louse","floor":7.0,"turns":3.0},{"damage":12.0,"enemies":"Lots of Slimes","floor":13.0,"turns":2.0},{"damage":14.0,"enemies":"Hexaghost","floor":16.0,"turns":6.0},{"damage":3.0,"enemies":"2 Thieves","floor":18.0,"turns":3.0},{"damage":17.0,"enemies":"Shell Parasite","floor":20.0,"turns":3.0},{"damage":2.0,"enemies":"Centurion and Healer","floor":22.0,"turns":3.0},{"damage":2.0,"enemies":"Book of Stabbing","floor":24.0,"turns":3.0},{"damage":3.0,"enemies":"Gremlin Leader","floor":27.0,"turns":3.0},{"damage":0.0,"enemies":"Snake Plant","floor":28.0,"turns":2.0},{"damage":0.0,"enemies":"3 Cultists","floor":30.0,"turns":4.0},{"damage":0.0,"enemies":"Collector","floor":33.0,"turns":5.0},{"damage":0.0,"enemies":"Orb Walker","floor":35.0,"turns":2.0},{"damage":0.0,"enemies":"3 Darklings","floor":37.0,"turns":3.0},{"damage":0.0,"enemies":"Nemesis","floor":41.0,"turns":3.0},{"damage":0.0,"enemies":"Sphere and 2 Shapes","floor":42.0,"turns":8.0},{"damage":6.0,"enemies":"4 Shapes","floor":44.0,"turns":4.0},{"damage":47.0,"enemies":"Awakened One","floor":50.0,"turns":8.0},{"damage":2.0,"enemies":"Shield and Spear","floor":54.0,"turns":4.0},{"damage":69,"enemies":"The Heart","floor":55,"turns":6}],"seed_played":"-3821424508532444866","potions_obtained":[{"floor":1.0,"key":"CultistPotion"},{"floor":5.0,"key":"LiquidMemories"},{"floor":24.0,"key":"Swift Potion"},{"floor":27.0,"key":"PowerPotion"},{"floor":30.0,"key":"Swift Potion"},{"floor":33.0,"key":"Poison Potion"},{"floor":38.0,"key":"Fruit Juice"},{"floor":38.0,"key":"SpeedPotion"},{"floor":44.0,"key":"LiquidBronze"}],"is_trial":false,"path_per_floor":["M","M","?","M","M","E","M","R","T","?","R","?","M","$","R","B",null,"M","$","M","?","M","R","E","?","T","E","M","R","M","?","R","B",null,"M","$","M","?","$","R","E","M","T","M","R","?","R","$","R","B",null,"R","$","E","B",null],"character_chosen":"THE_SILENT","items_purchased":["Accuracy","Dagger Throw","Violence","Bottled Tornado","HandDrill","Footwork+1"],"campfire_rested":2,"item_purchase_floors":[14,14,19,36,36,48],"current_hp_per_floor":[70,70,70,70,70,70,70,70,70,53,53,53,41,41,41,27,59,56,56,39,39,37,58,56,70,70,67,67,67,67,51,51,51,65,65,65,65,70,70,70,70,70,70,64,64,64,64,64,64,17,61,75,75,73,4],"gold":60,"neow_bonus":"BOSS_RELIC","is_daily":false,"chose_seed":false,"campfire_upgraded":5,"win_rate":0.0,"timestamp":1613113612,"path_taken":["M","M","?","M","M","E","M","R","T","?","R","?","?","$","R","BOSS","M","$","M","?","?","R","E","?","T","E","M","R","M","?","R","BOSS","M","$","M","?","$","R","E","?","T","M","R","?","R","?","R","BOSS","R","$","E","BOSS"],"items_purchased_type":["Card","Card","Card","Relic","Relic","Card"],"build_version":"2020-12-13","purchased_purges":1,"victory":true,"max_hp_per_floor":[70,70,70,70,70,70,70,70,70,70,70,70,70,70,70,70,70,70,70,70,70,70,70,70,70,70,70,70,70,70,70,70,70,70,70,70,70,75,75,75,75,75,75,75,75,75,75,75,75,75,75,75,75,75,75],"card_choices":[{"not_picked":["Bouncing Flask","Backstab"],"picked":"Flying Knee","floor":1.0},{"not_picked":["Bane","Well Laid Plans"],"picked":"Backflip","floor":2.0},{"not_picked":["Cloak And Dagger","Flechettes"],"picked":"Predator","floor":4.0},{"not_picked":["Infinite Blades","Dagger Spray"],"picked":"Blade Dance","floor":5.0},{"not_picked":["Deadly Poison","Outmaneuver"],"picked":"Adrenaline","floor":6.0},{"not_picked":["Dagger Spray","Outmaneuver"],"picked":"Noxious Fumes","floor":7.0},{"not_picked":["Concentrate","Backflip"],"picked":"Bane","floor":13.0},{"not_picked":["Venomology","Bullet Time"],"picked":"Wraith Form v2","floor":16.0},{"not_picked":["Sucker Punch+1","Quick Slash"],"picked":"Blade Dance","floor":18.0},{"not_picked":["Flying Knee","Outmaneuver"],"picked":"Blade Dance","floor":20.0},{"not_picked":["Deflect","Masterful Stab+1"],"picked":"Blade Dance+1","floor":22.0},{"not_picked":["Bane","Outmaneuver"],"picked":"Dodge and Roll","floor":24.0},{"not_picked":["Bullet Time","Crippling Poison"],"picked":"Dodge and Roll+1","floor":27.0},{"not_picked":["Tactician","Poisoned Stab"],"picked":"Blade Dance+1","floor":28.0},{"not_picked":["Riddle With Holes","Tactician"],"picked":"Dash","floor":30.0},{"not_picked":["Night Terror","A Thousand Cuts"],"picked":"Burst","floor":33.0},{"not_picked":["PiercingWail","Reflex+1"],"picked":"Blade Dance+1","floor":35.0},{"not_picked":["Bane","Prepared"],"picked":"Calculated Gamble+1","floor":37.0},{"not_picked":["Expertise+1","Backstab+1","Unload"],"picked":"SKIP","floor":41.0},{"not_picked":["Slice","Backflip+1"],"picked":"Noxious Fumes+1","floor":42.0},{"not_picked":["Poisoned Stab+1","Backstab+1","Backflip"],"picked":"SKIP","floor":44.0},{"not_picked":["Night Terror","Cloak And Dagger+1"],"picked":"Caltrops+1","floor":54.0}],"player_experience":228958,"relics_obtained":[{"floor":6.0,"key":"Whetstone"},{"floor":9.0,"key":"Ornamental Fan"},{"floor":24.0,"key":"Peace Pipe"},{"floor":26.0,"key":"Nunchaku"},{"floor":27.0,"key":"Bronze Scales"},{"floor":31.0,"key":"Necronomicon"},{"floor":34.0,"key":"Oddly Smooth Stone"},{"floor":34.0,"key":"Frozen Egg 2"},{"floor":34.0,"key":"Girya"},{"floor":41.0,"key":"Omamori"},{"floor":54.0,"key":"Lizard Tail"}],"event_choices":[{"damage_healed":0.0,"max_hp_gain":0.0,"max_hp_loss":0.0,"gold_gain":0.0,"cards_transformed":["Strike_G"],"event_name":"Living Wall","player_choice":"Change","floor":3.0,"gold_loss":0.0,"damage_taken":0.0,"cards_obtained":["Adrenaline"]},{"damage_healed":0.0,"max_hp_gain":0.0,"max_hp_loss":0.0,"gold_gain":0.0,"event_name":"Golden Idol","player_choice":"Take Damage","floor":10.0,"gold_loss":0.0,"damage_taken":17.0,"relics_obtained":["Golden Idol"]},{"damage_healed":0.0,"max_hp_gain":0.0,"max_hp_loss":0.0,"gold_gain":0.0,"event_name":"Accursed Blacksmith","player_choice":"Rummage","floor":12.0,"gold_loss":0.0,"damage_taken":0.0,"relics_obtained":["WarpedTongs"],"cards_obtained":["Pain"]},{"damage_healed":0.0,"max_hp_gain":0.0,"max_hp_loss":0.0,"gold_gain":0.0,"event_name":"Duplicator","player_choice":"Copied","floor":21.0,"gold_loss":0.0,"damage_taken":0.0,"cards_obtained":["Wraith Form v2"]},{"damage_healed":23.0,"max_hp_gain":0.0,"max_hp_loss":0.0,"gold_gain":0.0,"event_name":"The Library","player_choice":"Heal","floor":25.0,"gold_loss":0.0,"damage_taken":0.0},{"damage_healed":0.0,"max_hp_gain":0.0,"max_hp_loss":0.0,"gold_gain":0.0,"event_name":"Cursed Tome","player_choice":"Obtained Book","floor":31.0,"gold_loss":0.0,"damage_taken":16.0},{"damage_healed":0.0,"max_hp_gain":0.0,"max_hp_loss":0.0,"gold_gain":0.0,"event_name":"Lab","player_choice":"Got Potions","floor":38.0,"gold_loss":0.0,"damage_taken":0.0},{"cards_removed":["Blade Dance"],"damage_healed":0.0,"max_hp_gain":0.0,"max_hp_loss":0.0,"gold_gain":0.0,"event_name":"Falling","player_choice":"Removed Skill","floor":46.0,"gold_loss":0.0,"damage_taken":0.0}],"is_beta":false,"boss_relics":[{"not_picked":["Busted Crown","SacredBark"],"picked":"Philosopher\u0027s Stone"},{"not_picked":["Velvet Choker","Runic Dome"],"picked":"Calling Bell"}],"items_purged_floors":[14],"is_endless":false,"potions_floor_spawned":[1,5,24,27,30,33,42,44],"ascension_level":5}}