{"host":"rmt60uil2jppa14k","time":1613170018,"event":{"mods":["AchievementEnabler","BaseMod","Better Third Choice","Colored Powertips","Downfall","Highlight Path","Minty Spire (QoL Compilation)","Quick Restart","Rare Cards Sparkle","Shop Mod","StSLib"],"gold_per_floor":[115,190,208,208,223,223,101,71,71,89,89,89,99,116,116,218,218,230,248,248,248,3,3,15,15,42,42,7,7,18,33,33,133,133,151,151,163,12,22,22,22,22,22,38,50,66,79,130,130,130,130],"floor_reached":50,"language":"ENG","playtime":2446,"items_purged":["Regret"],"score":486,"play_id":"fdb43d4c-bddb-4720-a198-c8baeb82b84b","local_time":"20210212224658","is_ascension_mode":false,"campfire_choices":[{"floor":6.0,"key":"REST"},{"floor":11.0,"key":"REST"},{"floor":15.0,"key":"REST"},{"floor":23.0,"key":"REST"},{"floor":25.0,"key":"REST"},{"floor":27.0,"key":"REST"},{"data":"Storm","floor":29.0,"key":"SMITH"},{"floor":32.0,"key":"REST"},{"floor":40,"key":"REST"},{"floor":42,"key":"REST"},{"floor":49,"key":"REST"}],"circlet_count":0,"master_deck":["Strike_B","Strike_B","Strike_B","Strike_B","Defend_B","Defend_B","Defend_B","Defend_B","Zap+1","Dualcast","Core Surge","Redo","Static Discharge","Reboot","Turbo","BootSequence","Conserve Battery","Sweeping Beam","Multi-Cast","Hello World+1","Storm+1","Lockon","Shame","Regret","FTL","Gash","Ball Lightning","Thunder Strike","Leap+1","Tempest+1","Electrodynamics","Machine Learning","Steam+1","Rainbow","Compile Driver+1","Skim","Reinforced Body+1","Sunder","Gash+1","Pain","Clumsy"],"relics":["Cracked Core","DataDisk","Pear","Orichalcum","downfall:ExtraCursedKey","Bottled Lightning","Tiny Chest","Nuclear Battery","Orrery","Strawberry"],"acts_visited":["Exordium","TheCity","TheBeyond"],"potions_floor_usage":[46,46],"damage_taken":[{"damage":6.0,"enemies":"2 Louse","floor":1.0,"turns":2.0},{"damage":1.0,"enemies":"Jaw Worm","floor":3.0,"turns":3.0},{"damage":2.0,"enemies":"Small Slimes","floor":5.0,"turns":3.0},{"damage":11.0,"enemies":"Exordium Thugs","floor":10.0,"turns":3.0},{"damage":7.0,"enemies":"3 Louse","floor":13.0,"turns":3.0},{"damage":8.0,"enemies":"Exordium Wildlife","floor":14.0,"turns":3.0},{"damage":37.0,"enemies":"Hexaghost","floor":16.0,"turns":5.0},{"damage":3.0,"enemies":"3 Byrds","floor":18.0,"turns":4.0},{"damage":18.0,"enemies":"Shell Parasite","floor":19.0,"turns":6.0},{"damage":46.0,"enemies":"Centurion and Healer","floor":24.0,"turns":11.0},{"damage":12.0,"enemies":"3 Cultists","floor":30.0,"turns":4.0},{"damage":15.0,"enemies":"Sentry and Sphere","floor":31.0,"turns":4.0},{"damage":81.0,"enemies":"Champ","floor":33.0,"turns":10.0},{"damage":14.0,"enemies":"3 Shapes","floor":35.0,"turns":3.0},{"damage":39,"enemies":"3 Darklings","floor":37,"turns":6},{"damage":9,"enemies":"Transient","floor":39,"turns":5},{"damage":0,"enemies":"Spire Growth","floor":44,"turns":3},{"damage":16,"enemies":"4 Shapes","floor":45,"turns":3},{"damage":30,"enemies":"Writhing Mass","floor":46,"turns":4},{"damage":9,"enemies":"Sphere and 2 Shapes","floor":47,"turns":4},{"damage":0,"enemies":"Awakened One","floor":50,"turns":1}],"seed_played":"-7689185780013388333","potions_obtained":[{"floor":1.0,"key":"BlessingOfTheForge"},{"floor":8.0,"key":"FocusPotion"},{"floor":8.0,"key":"EssenceOfDarkness"},{"floor":10.0,"key":"LiquidBronze"},{"floor":13.0,"key":"hexamod:SoulburnPotion"},{"floor":19.0,"key":"hexamod:SoulburnPotion"},{"floor":24.0,"key":"Guardian:BlockOnCardUsePotion"},{"floor":33.0,"key":"DistilledChaos"},{"floor":44,"key":"Weak Potion"},{"floor":45,"key":"LiquidMemories"},{"floor":46,"key":"Block Potion"}],"is_trial":false,"path_per_floor":["M","?","M","?","M","R","$","?","T","M","R","?","M","M","R","B",null,"M","M","$","?","$","R","M","R","T","R","$","R","M","M","R","B",null,"M","?","M","$","M","R","$","R","T","M","M","M","M","T","R","B"],"character_chosen":"DEFECT","items_purchased":["Turbo","Bottled Lightning","FTL","Orrery"],"campfire_rested":10,"item_purchase_floors":[7,22,28,38],"current_hp_per_floor":[69,58,57,57,55,75,75,75,85,74,85,85,78,70,85,48,85,82,64,64,64,64,85,39,64,64,85,85,85,73,58,83,2,85,71,71,32,32,23,48,48,73,73,73,57,27,18,25,52,52,52],"gold":130,"neow_bonus":"ONE_RANDOM_RARE_CARD","is_daily":false,"chose_seed":false,"campfire_upgraded":1,"win_rate":0.0,"timestamp":1613170018,"path_taken":["M","?","M","?","M","R","$","?","T","?","R","?","M","M","R","BOSS","M","M","$","?","$","R","M","R","T","R","$","R","M","M","R","BOSS","M","?","M","?","M","R","$","R","T","?","M","M","M","?","R","BOSS"],"items_purchased_type":["Card","Relic","Card","Relic"],"build_version":"2020-12-22","purchased_purges":1,"victory":false,"max_hp_per_floor":[75,75,75,75,75,75,75,75,85,85,85,85,85,85,85,85,85,85,85,85,85,85,85,85,85,85,85,85,85,85,85,85,85,85,85,85,85,85,85,85,85,85,85,85,85,85,85,92,92,92,92],"card_choices":[{"not_picked":["Heatsinks","Cold Snap"],"picked":"Redo","floor":1.0},{"not_picked":["Melter","Compile Driver"],"picked":"Static Discharge","floor":3.0},{"not_picked":["Heatsinks","Barrage"],"picked":"Reboot","floor":5.0},{"not_picked":["Recycle","Chill"],"picked":"BootSequence","floor":10.0},{"not_picked":["Auto Shields","Go for the Eyes"],"picked":"Conserve Battery","floor":13.0},{"not_picked":["Darkness","Force Field"],"picked":"Sweeping Beam","floor":14.0},{"not_picked":["Echo Form","Fission"],"picked":"Multi-Cast","floor":16.0},{"not_picked":["Gash","Coolheaded"],"picked":"Hello World+1","floor":18.0},{"not_picked":["Undo","BootSequence"],"picked":"Storm","floor":19.0},{"not_picked":["Sweeping Beam+1","Streamline"],"picked":"Lockon","floor":24.0},{"not_picked":["Reprogram+1","Sweeping Beam"],"picked":"Gash","floor":30.0},{"not_picked":["Coolheaded+1","Hologram"],"picked":"Ball Lightning","floor":31.0},{"not_picked":["Rainbow","Fission"],"picked":"Thunder Strike","floor":33.0},{"not_picked":["Skim+1","Go for the Eyes+1"],"picked":"Leap+1","floor":35.0},{"not_picked":["Stack+1","Sunder"],"picked":"Tempest+1","floor":37},{"not_picked":["Compile Driver","Auto Shields"],"picked":"Electrodynamics","floor":38},{"not_picked":["Beam Cell","Streamline+1"],"picked":"Machine Learning","floor":38},{"not_picked":["Sweeping Beam+1","Rebound+1"],"picked":"Steam+1","floor":38},{"not_picked":["Conserve Battery","Hello World"],"picked":"Rainbow","floor":38},{"not_picked":["Sweeping Beam","Go for the Eyes"],"picked":"Compile Driver+1","floor":38},{"not_picked":["Conserve Battery","Coolheaded","Streamline+1"],"picked":"SKIP","floor":39},{"not_picked":["Conserve Battery","Coolheaded","Streamline+1"],"picked":"SKIP","floor":39},{"not_picked":["Lockon+1","Barrage+1"],"picked":"Skim","floor":44},{"not_picked":["Ball Lightning","Streamline+1"],"picked":"Reinforced Body+1","floor":45},{"not_picked":["Consume","Go for the Eyes"],"picked":"Sunder","floor":46},{"not_picked":["Turbo","Melter+1"],"picked":"Gash+1","floor":47}],"player_experience":167262,"relics_obtained":[{"floor":9.0,"key":"Pear"},{"floor":26.0,"key":"Tiny Chest"},{"floor":48,"key":"Strawberry"}],"event_choices":[{"damage_healed":0.0,"max_hp_gain":0.0,"max_hp_loss":0.0,"gold_gain":75.0,"event_name":"betterThird:BetterGoop","player_choice":"Gold","floor":2.0,"gold_loss":0.0,"damage_taken":11.0},{"damage_healed":0.0,"max_hp_gain":0.0,"max_hp_loss":0.0,"gold_gain":0.0,"event_name":"Big Fish","player_choice":"Box","floor":4.0,"gold_loss":0.0,"damage_taken":0.0,"relics_obtained":["DataDisk"],"cards_obtained":["Regret"]},{"damage_healed":0.0,"max_hp_gain":0.0,"max_hp_loss":0.0,"gold_gain":0.0,"event_name":"The Woman in Blue","player_choice":"Bought 2 Potions","floor":8.0,"gold_loss":0.0,"damage_taken":0.0},{"damage_healed":0.0,"max_hp_gain":0.0,"max_hp_loss":0.0,"gold_gain":0.0,"event_name":"Dead Adventurer","player_choice":"Searched \u00271\u0027 times","floor":12.0,"gold_loss":0.0,"damage_taken":0.0,"relics_obtained":["Orichalcum"]},{"damage_healed":0.0,"max_hp_gain":0.0,"max_hp_loss":0.0,"gold_gain":0.0,"event_name":"Accursed Blacksmith","player_choice":"Forge","floor":36.0,"gold_loss":0.0,"damage_taken":0.0,"cards_upgraded":["Zap"]}],"is_beta":false,"boss_relics":[{"not_picked":["Cursed Key","Ectoplasm","Philosopher\u0027s Stone"]},{"not_picked":["Calling Bell","SacredBark"],"picked":"Nuclear Battery"}],"items_purged_floors":[7],"is_endless":false,"potions_floor_spawned":[1,10,13,14,19,24,33,44,45,46],"killed_by":"Awakened One","ascension_level":0}}