{"host":"kg61lsvem4dxoat8","time":1613109236,"event":{"mods":["AchievementEnabler","BaseMod","Better Altar","Better Match","Better Sensory Stone","Better Skull","Block Reminder","Highlight Path","Minty Spire (QoL Compilation)","Quick Restart","Rare Cards Sparkle","Relic Sorter","Relic Stats","StSLib","Synergy Search","slay the spire mod where everything is the same but ironclad has a cowboy hat"],"gold_per_floor":[111,111,111,125,139,139,157,157,184,109,120,139,169,186,186,186,186],"floor_reached":16,"language":"ENG","playtime":344,"items_purged":["Strike_R"],"score":141,"play_id":"be5822e3-1cd4-4a34-a6d6-8193df8ecd9d","local_time":"20210212135356","is_ascension_mode":true,"campfire_choices":[{"data":"Searing Blow","floor":6,"key":"SMITH"},{"data":"Searing Blow+1","floor":8,"key":"SMITH"},{"data":"Infernal Blade","floor":15,"key":"SMITH"}],"circlet_count":0,"master_deck":["AscendersBane","Strike_R","Strike_R","Strike_R","Strike_R","Defend_R","Defend_R","Defend_R","Defend_R","Bash","Searing Blow+2","Infernal Blade+1","Cleave","Seeing Red","Juggernaut"],"relics":["Burning Blood","Dream Catcher","PreservedInsect","Potion Belt","Pantograph"],"acts_visited":["Exordium"],"potions_floor_usage":[12],"damage_taken":[{"damage":8,"enemies":"Jaw Worm","floor":1,"turns":4},{"damage":4,"enemies":"Small Slimes","floor":4,"turns":4},{"damage":0,"enemies":"Cultist","floor":5,"turns":2},{"damage":13,"enemies":"3 Louse","floor":7,"turns":5},{"damage":14,"enemies":"Looter","floor":11,"turns":3},{"damage":10,"enemies":"Gremlin Gang","floor":12,"turns":3},{"damage":9,"enemies":"2 Fungi Beasts","floor":14,"turns":3},{"damage":87,"enemies":"Slime Boss","floor":16,"turns":10}],"seed_played":"2955116309444081604","potions_obtained":[{"floor":1,"key":"Regen Potion"},{"floor":5,"key":"DuplicationPotion"}],"is_trial":false,"path_per_floor":["M","?","?","M","M","R","M","R","T","$","M","M","?","M","R","B"],"character_chosen":"IRONCLAD","items_purchased":[],"campfire_rested":0,"item_purchase_floors":[],"current_hp_per_floor":[70,75,75,77,83,83,76,76,76,76,68,64,64,61,61,0,0],"gold":186,"neow_bonus":"RANDOM_COMMON_RELIC","is_daily":false,"chose_seed":false,"campfire_upgraded":3,"win_rate":0.0,"timestamp":1613109236,"path_taken":["M","?","?","M","M","R","M","R","T","$","M","?","?","M","R","BOSS"],"items_purchased_type":[],"build_version":"2020-12-22","purchased_purges":1,"victory":false,"max_hp_per_floor":[80,85,85,85,85,85,85,85,85,85,85,85,85,85,85,85,85],"relic_stats":{"Dream Catcher":0,"counters":[8,34],"Pantograph":24,"PreservedInsect":0,"obtain_stats":[{"Potion Belt":9,"Dream Catcher":0,"Pantograph":13,"PreservedInsect":3,"Burning Blood":0},{"Potion Belt":4,"Dream Catcher":0,"Pantograph":6,"PreservedInsect":1,"Burning Blood":0},{"Potion Belt":15,"Dream Catcher":0,"Pantograph":21,"PreservedInsect":4,"Burning Blood":0}],"Burning Blood":42},"card_choices":[{"not_picked":["Clothesline","Armaments"],"picked":"Searing Blow","floor":1},{"not_picked":["Seeing Red","Sword Boomerang"],"picked":"Infernal Blade","floor":4},{"not_picked":["Burning Pact","Havoc","Iron Wave"],"picked":"SKIP","floor":5},{"not_picked":["Iron Wave","Flex"],"picked":"Cleave","floor":7},{"not_picked":["Cleave","Armaments"],"picked":"Seeing Red","floor":11},{"not_picked":["Dropkick","True Grit","Second Wind"],"picked":"SKIP","floor":12},{"not_picked":["Armaments","Sentinel"],"picked":"Juggernaut","floor":14}],"player_experience":1493668,"relics_obtained":[{"floor":9,"key":"Potion Belt"}],"event_choices":[{"damage_healed":0,"gold_gain":0,"player_choice":"Donut","damage_taken":0,"max_hp_gain":5,"max_hp_loss":0,"event_name":"Big Fish","floor":2,"gold_loss":0},{"damage_healed":0,"gold_gain":0,"player_choice":"Gave Potion","damage_taken":0,"relics_obtained":["PreservedInsect"],"max_hp_gain":0,"max_hp_loss":0,"event_name":"WeMeetAgain","floor":3,"gold_loss":0},{"damage_healed":0,"gold_gain":30,"player_choice":"Searched \u00272\u0027 times","damage_taken":0,"relics_obtained":["Pantograph"],"max_hp_gain":0,"max_hp_loss":0,"event_name":"Dead Adventurer","floor":13,"gold_loss":0}],"is_beta":false,"boss_relics":[],"items_purged_floors":[10],"is_endless":false,"potions_floor_spawned":[1,5],"killed_by":"Slime Boss","ascension_level":10}}