{"host":"c6u7e77myxvw4d0m","time":1613088288,"event":{"mods":["AchievementEnabler","BaseMod","Bestiary","Colored Map","Colored Powertips","Minty Spire (QoL Compilation)","Rare Cards Sparkle","Relic Stats","everything is the same but u backflip on backflip"],"gold_per_floor":[117,127,146,221,239,239,239,267,292,292,52,52,52,69,69,143,143,154,171,182,3,3,3,14,14,14,25,42,42,56,19,19,93,93,106,106,124,124,135,135,135,135],"floor_reached":41,"language":"ENG","playtime":2519,"items_purged":["Strike_G"],"score":790,"play_id":"6fdb534f-2b89-4a56-8e26-9f1f7baddc82","local_time":"20210212020448","is_ascension_mode":true,"campfire_choices":[{"data":"Eviscerate","floor":7.0,"key":"SMITH"},{"data":"Footwork","floor":10.0,"key":"SMITH"},{"data":"Neutralize","floor":13.0,"key":"SMITH"},{"data":"Caltrops","floor":15,"key":"SMITH"},{"floor":23,"key":"REST"},{"floor":25,"key":"REST"},{"floor":29,"key":"REST"},{"floor":32,"key":"REST"},{"floor":40,"key":"REST"}],"circlet_count":0,"master_deck":["AscendersBane","Strike_G","Defend_G","Defend_G","Defend_G","Defend_G","Defend_G","Survivor","Neutralize+1","Sucker Punch","Dagger Throw+1","Poisoned Stab","Eviscerate+1","Footwork+1","Infinite Blades","Terror","Caltrops+1","Tools of the Trade","Underhanded Strike","Caltrops+1","Apotheosis","Backstab","All Out Attack","Outmaneuver","PiercingWail","Escape Plan","Footwork","A Thousand Cuts","Writhe","Dash+1"],"relics":["HoveringKite","Oddly Smooth Stone","Orichalcum","Runic Pyramid","Bag of Preparation","Empty Cage"],"acts_visited":["Exordium","TheCity","TheBeyond"],"potions_floor_usage":[18,19,28,33,35,41],"damage_taken":[{"damage":6.0,"enemies":"2 Louse","floor":1.0,"turns":5.0},{"damage":4.0,"enemies":"Small Slimes","floor":2.0,"turns":4.0},{"damage":0.0,"enemies":"Cultist","floor":3.0,"turns":5.0},{"damage":15.0,"enemies":"Gremlin Gang","floor":5.0,"turns":5.0},{"damage":20.0,"enemies":"3 Sentries","floor":8.0,"turns":10.0},{"damage":2,"enemies":"Red Slaver","floor":14,"turns":3},{"damage":12,"enemies":"The Guardian","floor":16,"turns":11},{"damage":0,"enemies":"Chosen","floor":18,"turns":5},{"damage":6,"enemies":"Spheric Guardian","floor":19,"turns":5},{"damage":45,"enemies":"Snecko","floor":20,"turns":7},{"damage":11,"enemies":"Centurion and Healer","floor":24,"turns":4},{"damage":15,"enemies":"Snake Plant","floor":27,"turns":2},{"damage":1,"enemies":"Cultist and Chosen","floor":28,"turns":5},{"damage":6,"enemies":"Centurion and Healer","floor":30,"turns":6},{"damage":20,"enemies":"Collector","floor":33,"turns":11},{"damage":49,"enemies":"3 Darklings","floor":35,"turns":4},{"damage":6,"enemies":"3 Shapes","floor":37,"turns":3},{"damage":36,"enemies":"3 Darklings","floor":39,"turns":7},{"damage":38,"enemies":"Giant Head","floor":41,"turns":6}],"seed_played":"-7645595985324904210","potions_obtained":[{"floor":2.0,"key":"Strength Potion"},{"floor":5.0,"key":"BlessingOfTheForge"},{"floor":14,"key":"LiquidMemories"},{"floor":20,"key":"Explosive Potion"},{"floor":24,"key":"BlessingOfTheForge"},{"floor":28,"key":"Explosive Potion"},{"floor":30,"key":"DuplicationPotion"},{"floor":37,"key":"Energy Potion"}],"is_trial":false,"path_per_floor":["M","M","M","?","M","?","R","E","T","R","$","?","R","M","R","B",null,"M","M","M","$","?","R","M","R","T","M","M","R","M","$","R","B",null,"M","?","M","?","M","R","E"],"character_chosen":"THE_SILENT","items_purchased":["Infinite Blades","Terror","Apotheosis","Footwork"],"campfire_rested":5,"item_purchase_floors":[11,11,21,31],"current_hp_per_floor":[53,49,49,38,23,45,45,25,25,25,25,25,25,23,23,11,52,52,46,1,1,1,20,9,28,28,13,12,31,25,25,44,24,56,7,20,14,54,18,34,0,0],"gold":135,"neow_bonus":"BOSS_RELIC","is_daily":false,"chose_seed":false,"campfire_upgraded":4,"win_rate":0.0,"timestamp":1613088288,"path_taken":["M","M","M","?","M","?","R","E","T","R","$","?","R","M","R","BOSS","M","M","M","$","?","R","?","R","T","?","M","R","M","?","R","BOSS","M","?","M","?","M","R","E"],"items_purchased_type":["Card","Card","Card","Card"],"build_version":"2020-12-22","purchased_purges":1,"victory":false,"max_hp_per_floor":[66,66,66,66,66,66,66,66,66,66,66,66,66,66,66,66,66,66,66,66,66,66,66,66,66,66,66,66,66,66,66,66,66,66,66,66,66,54,54,54,54,54],"relic_stats":{"counters":[19,108],"HoveringKite":[64],"Bag of Preparation":[16],"Orichalcum":[162],"obtain_stats":[{"HoveringKite":0,"Oddly Smooth Stone":8,"Bag of Preparation":26,"Orichalcum":9,"Empty Cage":34,"Ring of the Snake":0,"Runic Pyramid":17},{"HoveringKite":0,"Oddly Smooth Stone":5,"Bag of Preparation":11,"Orichalcum":5,"Empty Cage":15,"Ring of the Snake":0,"Runic Pyramid":7},{"HoveringKite":0,"Oddly Smooth Stone":29,"Bag of Preparation":64,"Orichalcum":29,"Empty Cage":88,"Ring of the Snake":0,"Runic Pyramid":43}]},"card_choices":[{"not_picked":["Slice","Setup"],"picked":"Sucker Punch","floor":1.0},{"not_picked":["Cloak And Dagger","Riddle With Holes"],"picked":"Dagger Throw","floor":2.0},{"not_picked":["Setup","Dagger Throw"],"picked":"Poisoned Stab","floor":3.0},{"not_picked":["Deadly Poison","Dagger Throw"],"picked":"Eviscerate","floor":5.0},{"not_picked":["Escape Plan","Slice"],"picked":"Footwork","floor":8.0},{"not_picked":["Setup","Finisher"],"picked":"Caltrops","floor":14},{"not_picked":["After Image","Phantasmal Killer"],"picked":"Tools of the Trade","floor":16},{"not_picked":["Flechettes","Heel Hook"],"picked":"Underhanded Strike","floor":18},{"not_picked":["Distraction","Cloak And Dagger"],"picked":"Caltrops+1","floor":19},{"not_picked":["Expertise","Flying Knee","Predator"],"picked":"SKIP","floor":20},{"not_picked":["Slice","Predator"],"picked":"All Out Attack","floor":24},{"not_picked":["Outmaneuver","Prepared","Heel Hook"],"picked":"SKIP","floor":27},{"not_picked":["Prepared","Heel Hook"],"picked":"Outmaneuver","floor":27},{"not_picked":["Cloak And Dagger","Sucker Punch"],"picked":"PiercingWail","floor":28},{"not_picked":["Blade Dance","Backflip"],"picked":"Escape Plan","floor":30},{"not_picked":["Adrenaline","Tools of the Trade"],"picked":"A Thousand Cuts","floor":33},{"not_picked":["Poisoned Stab","Finisher","Outmaneuver"],"picked":"SKIP","floor":35},{"not_picked":["Bane","Acrobatics"],"picked":"Dash+1","floor":37},{"not_picked":["Prepared","Well Laid Plans+1","Bane+1"],"picked":"SKIP","floor":39}],"player_experience":800302,"relics_obtained":[{"floor":8.0,"key":"Oddly Smooth Stone"},{"floor":9.0,"key":"Orichalcum"},{"floor":26,"key":"Bag of Preparation"}],"event_choices":[{"damage_healed":0.0,"max_hp_gain":0.0,"max_hp_loss":0.0,"gold_gain":75.0,"event_name":"World of Goop","player_choice":"Gather Gold","floor":4.0,"gold_loss":0.0,"damage_taken":11.0},{"damage_healed":22.0,"max_hp_gain":0.0,"max_hp_loss":0.0,"gold_gain":0.0,"event_name":"Big Fish","player_choice":"Banana","floor":6.0,"gold_loss":0.0,"damage_taken":0.0},{"damage_healed":0.0,"max_hp_gain":0.0,"max_hp_loss":0.0,"gold_gain":0.0,"event_name":"Living Wall","player_choice":"Grow","floor":12.0,"gold_loss":0.0,"damage_taken":0.0,"cards_upgraded":["Dagger Throw"]},{"damage_healed":0,"gold_gain":0,"cards_transformed":["Strike_G"],"player_choice":"Transformed","damage_taken":0,"max_hp_gain":0,"max_hp_loss":0,"event_name":"Transmorgrifier","floor":22,"gold_loss":0,"cards_obtained":["Backstab"]},{"damage_healed":13,"gold_gain":0,"player_choice":"Writhe","damage_taken":0,"max_hp_gain":0,"max_hp_loss":0,"event_name":"Winding Halls","floor":36,"gold_loss":0,"cards_obtained":["Writhe"]},{"damage_healed":54,"gold_gain":0,"player_choice":"Heal","damage_taken":0,"max_hp_gain":0,"max_hp_loss":12,"event_name":"The Moai Head","floor":38,"gold_loss":0}],"is_beta":false,"boss_relics":[{"not_picked":["Runic Dome","Astrolabe"],"picked":"Runic Pyramid"},{"not_picked":["SacredBark","SlaversCollar"],"picked":"Empty Cage"}],"items_purged_floors":[11],"is_endless":false,"potions_floor_spawned":[2,5,14,20,24,28,30,37],"killed_by":"Giant Head","ascension_level":20}}