{"host":"ymw71f7rc9ndansy","time":1613104483,"event":{"mods":["ATMod(阿瑾Mod)","Act Like it!","Arknights","Aspiration","BaseMod","DeckTracker","Hubris","Library of Ruina","Library of Ruina Extra","Minty Spire (QoL Compilation)","MostiFishMod","NanayaShiki（七夜志贵）","Relic Filter Mod","Remove Card Discount Mod","Replay The Spire","RumiaBox-露米娅的神秘盒子","StSLib","TestMod","【功能Mod】精心准备","【遗物卡牌】REMEMod"],"gold_per_floor":[369,383,200,217,217,217,217],"floor_reached":6,"language":"ZHS","playtime":243,"items_purged":["LightAttack","LightAttack","LightAttack","Dodge","LightDefense","ChargeAndCover","FocusedStrikes"],"score":72,"play_id":"21ce8c2d-165d-4e59-b69e-789673492905","local_time":"20210212123443","is_ascension_mode":true,"campfire_choices":[],"circlet_count":0,"master_deck":["AscendersBane","LightDefense","LightDefense","LightDefense","AT_FamilyPortrait+1","MostiFishMod:WinterMarkForm","DegradedFairy","ats:Emotion Absorption","BiAn","TieShanKao","GrazeTheGrass+1"],"relics":["PageOfLibrarian","testmod-TestBox","DaveBox","REME_ComplimentaryCards","AT_ATBox","SynthV:TestCard","DiscerningMonocle","PageOfTheQueenOfHatred"],"acts_visited":["Exordium"],"potions_floor_usage":[6],"damage_taken":[{"damage":0.0,"enemies":"Cultist","floor":1.0,"turns":2.0},{"damage":0.0,"enemies":"Jaw Worm","floor":2.0,"turns":2.0},{"damage":0.0,"enemies":"2 Louse","floor":4.0,"turns":4.0},{"damage":26,"enemies":"3 Sentries","floor":6,"turns":4}],"seed_played":"3830546777157373347","potions_obtained":[{"floor":1.0,"key":"Explosive Potion"}],"is_trial":false,"path_per_floor":["M","M","$","M","?","E"],"character_chosen":"Librarian","items_purchased":["DiscerningMonocle","PageOfTheQueenOfHatred","GrazeTheGrass","BlessingOfTheForge"],"campfire_rested":0,"item_purchase_floors":[3,3,3,3],"current_hp_per_floor":[54,54,54,54,33,7,7],"gold":217,"neow_bonus":"TWO_FIFTY_GOLD","is_daily":false,"chose_seed":false,"campfire_upgraded":0,"win_rate":0.0,"timestamp":1613104483,"path_taken":["M","M","$","?","?","E"],"items_purchased_type":["Relic","Relic","Card","Potion"],"build_version":"2020-12-22","purchased_purges":7,"victory":false,"max_hp_per_floor":[70,70,70,70,70,70,70],"card_choices":[{"not_picked":["SmokingPipe","FervidEmotions","AssaultOrder","FleetFootsteps","DestructiveImpact","HandleRequest","SnakesPrey","EnergyCycle"],"picked":"BiAn","floor":1.0},{"not_picked":["Standoff","Quickness","QuickSuppression","Guardian_lor","DarkCloud","GuardingStance","SuppressingShot","BiAn","NightInTheBackstreets","PinpointShot"],"picked":"TieShanKao","floor":2.0}],"player_experience":1084244,"relics_obtained":[{"floor":1.0,"key":"SynthV:TestCard"}],"event_choices":[{"damage_healed":0.0,"max_hp_gain":0.0,"max_hp_loss":0.0,"gold_gain":0.0,"event_name":"Shining Light","player_choice":"Entered Light","floor":5.0,"gold_loss":0.0,"damage_taken":21.0,"cards_upgraded":["GrazeTheGrass","AT_FamilyPortrait"]}],"is_beta":false,"boss_relics":[],"items_purged_floors":[3,3,3,3,3,3,3],"is_endless":false,"potions_floor_spawned":[1],"killed_by":"3 Sentries","ascension_level":20}}