{"host":"ifd7sfhtlbe34qll","time":1613160839,"event":{"mods":["2.2 Compatiblity","Act Like it!","Ascension Unlocker","BaseMod","Block Reminder","Colored Map","Curses Come First","Downfall","Highlight Path","Minty Spire (QoL Compilation)","Potion Indicator Mod","Quick Restart","Random Character Button","Relic Stats","StSLib","SuperFastMode"],"gold_per_floor":[99,109,109,122,137,169,169,169],"floor_reached":6,"language":"ENG","playtime":261,"items_purged":[],"score":48,"play_id":"ef218d5f-32e6-411c-b0d5-280de53eff60","local_time":"20210212141359","is_ascension_mode":true,"campfire_choices":[{"data":"Slimebound:Split","floor":1,"key":"SMITH"}],"circlet_count":0,"master_deck":["Slimebound:Strike_Slimebound","Slimebound:Strike_Slimebound","Slimebound:Strike_Slimebound","Slimebound:Tackle","Slimebound:Defend_Slimebound","Slimebound:Defend_Slimebound","Slimebound:Defend_Slimebound","Slimebound:Defend_Slimebound","Slimebound:Split+1","Slimebound:CorrosiveSpit","Slimebound:Nibble","Slimebound:RollThrough","Slimebound:SplitBruiser","Slimebound:LeadByExample"],"relics":["Slimebound:AbsorbEndCombat","downfall:ShatteredFragment","MealTicket"],"acts_visited":["Exordium"],"potions_floor_usage":[],"damage_taken":[{"damage":5,"enemies":"2 Louse","floor":2,"turns":4},{"damage":11,"enemies":"Jaw Worm","floor":4,"turns":3},{"damage":0,"enemies":"Small Slimes","floor":5,"turns":3},{"damage":1,"enemies":"Gremlin Nob","floor":6,"turns":3}],"seed_played":"710815533174101601","potions_obtained":[{"floor":2,"key":"Block Potion"},{"floor":5,"key":"FairyPotion"},{"floor":6,"key":"DistilledChaos"}],"is_trial":false,"path_per_floor":["R","M","?","M","M","E"],"character_chosen":"SLIMEBOUND","items_purchased":[],"campfire_rested":0,"item_purchase_floors":[],"current_hp_per_floor":[71,70,52,47,53,60,60,60],"gold":169,"neow_bonus":"TEN_PERCENT_HP_BONUS","is_daily":false,"chose_seed":false,"campfire_upgraded":1,"win_rate":0.0,"timestamp":1613160839,"path_taken":["R","M","?","M","M","E"],"items_purchased_type":[],"build_version":"2020-12-22","purchased_purges":0,"victory":false,"max_hp_per_floor":[71,71,71,71,71,71,71,71],"relic_stats":{"counters":[4,13],"MealTicket":0,"obtain_stats":[{"downfall:ShatteredFragment":3,"MealTicket":6,"Slimebound:AbsorbEndCombat":0},{"downfall:ShatteredFragment":1,"MealTicket":4,"Slimebound:AbsorbEndCombat":0},{"downfall:ShatteredFragment":4,"MealTicket":13,"Slimebound:AbsorbEndCombat":0}]},"card_choices":[{"not_picked":["Slimebound:PressTheAttack","Slimebound:HauntingLick"],"picked":"Slimebound:Nibble","floor":2},{"not_picked":["Slimebound:ItLooksTasty","Slimebound:HauntingLick"],"picked":"Slimebound:RollThrough","floor":4},{"not_picked":["Slimebound:RejuvenatingLick","Slimebound:LevelUp"],"picked":"Slimebound:SplitBruiser","floor":5},{"not_picked":["Slimebound:Prepare","Slimebound:LivingWall"],"picked":"Slimebound:LeadByExample","floor":6}],"player_experience":1726627,"relics_obtained":[{"floor":6,"key":"MealTicket"}],"event_choices":[],"is_beta":false,"boss_relics":[],"items_purged_floors":[],"is_endless":false,"potions_floor_spawned":[2,5,6],"killed_by":"Gremlin Nob","ascension_level":1}}