{"host":"avjwtc49fhlk6kym","time":1613102078,"event":{"mods":["AchievementEnabler","BaseMod","Better Match","Better Note","Better Third Choice","Colored Map","Colored Powertips","Displayed Cursed Tome","Highlight Path","Minty Spire (QoL Compilation)","Permanent Neow","Quick Restart","StSLib"],"gold_per_floor":[112,36,48,48,62,89,89,115,115,115,135,135,135],"floor_reached":12,"language":"ENG","playtime":520,"items_purged":[],"score":92,"play_id":"bb32b802-6d7f-44d8-a1e3-28a9be1abc37","local_time":"20210211225438","is_ascension_mode":true,"campfire_choices":[{"data":"Eruption","floor":7,"key":"SMITH"},{"data":"LikeWater","floor":10,"key":"SMITH"}],"circlet_count":0,"master_deck":["Strike_P","Strike_P","Strike_P","Strike_P","Defend_P","Defend_P","Defend_P","Defend_P","Eruption+1","Vigilance","Establishment","CutThroughFate","LikeWater+1","ThirdEye","PathToVictory","Protect","ThirdEye"],"relics":["PureWater","Pear","Letter Opener","Eternal Feather"],"acts_visited":["Exordium"],"potions_floor_usage":[3,11],"damage_taken":[{"damage":0,"enemies":"2 Louse","floor":1,"turns":2},{"damage":0,"enemies":"Cultist","floor":3,"turns":2},{"damage":4,"enemies":"Small Slimes","floor":5,"turns":5},{"damage":22,"enemies":"3 Sentries","floor":6,"turns":11},{"damage":25,"enemies":"Lagavulin","floor":8,"turns":8},{"damage":10,"enemies":"Looter","floor":11,"turns":2},{"damage":30,"enemies":"3 Sentries","floor":12,"turns":6}],"seed_played":"-9206057369493197464","potions_obtained":[{"floor":1,"key":"DuplicationPotion"},{"floor":6,"key":"Explosive Potion"},{"floor":11,"key":"Ancient Potion"}],"is_trial":false,"path_per_floor":["M","$","M","?","M","E","R","E","T","R","M","E"],"character_chosen":"WATCHER","items_purchased":["LikeWater"],"campfire_rested":0,"item_purchase_floors":[2],"current_hp_per_floor":[65,65,65,65,61,49,49,24,24,33,23,0,0],"gold":135,"neow_bonus":"THREE_RARE_CARDS","is_daily":false,"chose_seed":false,"campfire_upgraded":2,"win_rate":0.0,"timestamp":1613102078,"path_taken":["M","$","M","?","M","E","R","E","T","R","M","E"],"items_purchased_type":["Card"],"build_version":"2020-12-22","purchased_purges":0,"victory":false,"max_hp_per_floor":[65,65,65,65,65,75,75,75,75,75,75,75,75],"card_choices":[{"not_picked":["Alpha","Vault"],"picked":"Establishment","floor":0},{"not_picked":["DeceiveReality","ThirdEye"],"picked":"CutThroughFate","floor":1},{"not_picked":["WreathOfFlame","FlyingSleeves"],"picked":"ThirdEye","floor":3},{"not_picked":["EmptyBody","Fasting2"],"picked":"ThirdEye","floor":5},{"not_picked":["Wallop","Pray"],"picked":"PathToVictory","floor":6},{"not_picked":["PathToVictory","Halt"],"picked":"Protect","floor":8},{"not_picked":["InnerPeace","Crescendo"],"picked":"ThirdEye","floor":11}],"player_experience":444850,"relics_obtained":[{"floor":6,"key":"Pear"},{"floor":8,"key":"Letter Opener"},{"floor":9,"key":"Eternal Feather"}],"event_choices":[{"cards_removed":["ThirdEye"],"damage_healed":5,"gold_gain":0,"player_choice":"Offered Common","damage_taken":0,"max_hp_gain":0,"max_hp_loss":0,"event_name":"Bonfire Elementals","floor":4,"gold_loss":0},{"cards_removed":["ThirdEye"],"damage_healed":5,"gold_gain":0,"player_choice":"Offered Special","damage_taken":0,"max_hp_gain":0,"max_hp_loss":0,"event_name":"Bonfire Elementals","floor":4,"gold_loss":0}],"is_beta":false,"boss_relics":[],"items_purged_floors":[],"is_endless":false,"potions_floor_spawned":[1,6,11],"killed_by":"3 Sentries","ascension_level":1}}