{"host":"cr9rpoy6dx9riis3","time":1607861537,"event":{"mods":["AchievementEnabler","BaseMod","Better Altar","Better Note","Better Sensory Stone","Better Skull","Better Third Choice","Better-Laid Plans","BetterRewards","Block Reminder","Curses Come First","Displayed Cursed Tome","Emptier Cage","Marked Mod","Minty Spire (QoL Compilation)","Permanent Neow","Relic Sorter","StSLib","The Blue Laboratory","Transform Curses"],"gold_per_floor":[114,132,44,62,62,62,92,92,144,162,162,162,176,191,191,287,337,348,359,466,479,479,479,510,510,510,510,510],"floor_reached":27,"playtime":842,"items_purged":["Strike_R"],"score":366,"play_id":"b0efecfa-1ab1-4ddd-9b7a-e5d9cc4f794f","local_time":"20201213131217","is_ascension_mode":true,"campfire_choices":[{"data":"Rampage","floor":6,"key":"SMITH"},{"data":"Bandage Up","floor":8,"key":"SMITH"},{"data":"Rampage","floor":12,"key":"SMITH"},{"data":"Heavy Blade","floor":15,"key":"SMITH"},{"data":"Berserk","floor":23,"key":"SMITH"},{"data":"Disarm","floor":25,"key":"SMITH"}],"circlet_count":0,"master_deck":["Strike_R+1","Strike_R","Strike_R","Strike_R","Defend_R","Defend_R+1","Defend_R","Defend_R","Bash","Rampage+1","Bandage Up+1","Rampage+1","Heavy Blade+1","Berserk+1","Impervious+1","Spot Weakness+1","Disarm+1"],"relics":["Burning Blood","Smiling Mask","Bag of Preparation","Vajra","Brimstone"],"acts_visited":["Exordium","TheCity"],"potions_floor_usage":[21,21,24,27],"damage_taken":[{"damage":8,"enemies":"2 Louse","floor":1,"turns":3},{"damage":3,"enemies":"Cultist","floor":2,"turns":3},{"damage":0,"enemies":"Small Slimes","floor":4,"turns":2},{"damage":31,"enemies":"Lagavulin","floor":7,"turns":5},{"damage":9,"enemies":"Blue Slaver","floor":10,"turns":3},{"damage":0,"enemies":"Large Slime","floor":13,"turns":3},{"damage":24,"enemies":"Exordium Thugs","floor":14,"turns":5},{"damage":35,"enemies":"The Guardian","floor":16,"turns":7},{"damage":15,"enemies":"Chosen","floor":18,"turns":3},{"damage":47,"enemies":"2 Thieves","floor":19,"turns":4},{"damage":24,"enemies":"Snake Plant","floor":21,"turns":4},{"damage":36,"enemies":"Gremlin Leader","floor":24,"turns":5},{"damage":33,"enemies":"Slavers","floor":27,"turns":3}],"seed_played":"8026890688991538801","potions_obtained":[{"floor":1,"key":"blueLaboratory:Moonshine"},{"floor":4,"key":"blueLaboratory:StoneskinPotion"},{"floor":7,"key":"FairyPotion"},{"floor":21,"key":"BloodPotion"},{"floor":24,"key":"blueLaboratory:HummingbirdPotion"}],"is_trial":false,"path_per_floor":["M","M","$","M","?","R","E","R","T","M","?","R","M","M","R","B",null,"M","M","?","M","?","R","E","R","T","E"],"character_chosen":"IRONCLAD","items_purchased":["Brimstone","Rampage","Bandage Up"],"campfire_rested":0,"item_purchase_floors":[0,0,3],"current_hp_per_floor":[67,70,70,80,80,80,59,59,59,62,62,62,74,62,62,39,85,82,47,9,31,31,31,24,24,24,0,0],"gold":510,"neow_bonus":"","is_daily":false,"chose_seed":false,"campfire_upgraded":6,"win_rate":0.0,"timestamp":1607861537,"path_taken":["M","M","$","M","?","R","E","R","T","?","?","R","M","M","R","BOSS","M","?","?","M","?","R","E","R","T","E"],"items_purchased_type":["Relic","Card","Card"],"build_version":"2020-11-30","purchased_purges":1,"victory":false,"max_hp_per_floor":[80,80,80,80,80,80,80,80,80,80,80,80,80,80,80,80,85,85,85,85,85,85,85,85,85,85,85,85],"card_choices":[{"not_picked":["Armaments","Wild Strike","Dual Wield"],"picked":"SKIP","floor":1},{"not_picked":["Sever Soul","True Grit","Shockwave"],"picked":"SKIP","floor":2},{"not_picked":["Anger","Pummel","True Grit"],"picked":"SKIP","floor":4},{"not_picked":["Clash","Havoc"],"picked":"Rampage","floor":7},{"not_picked":["Iron Wave","Flame Barrier","Armaments"],"picked":"SKIP","floor":10},{"not_picked":["Shrug It Off","Clash","Flex"],"picked":"SKIP","floor":13},{"not_picked":["Clash","Disarm"],"picked":"Heavy Blade","floor":14},{"not_picked":["Impervious","Fiend Fire"],"picked":"Berserk","floor":16},{"not_picked":["Headbutt","True Grit+1","Cleave"],"picked":"SKIP","floor":18},{"not_picked":["Body Slam","Cleave"],"picked":"Impervious","floor":19},{"not_picked":["Dropkick","Battle Trance","Twin Strike+1"],"picked":"SKIP","floor":21},{"not_picked":["Warcry+1","Iron Wave"],"picked":"Disarm","floor":24}],"player_experience":691450,"relics_obtained":[{"floor":7,"key":"Bag of Preparation"},{"floor":9,"key":"Smiling Mask"},{"floor":24,"key":"Vajra"}],"event_choices":[{"damage_healed":0,"gold_gain":0,"player_choice":"0 cards matched","damage_taken":0,"max_hp_gain":0,"max_hp_loss":0,"event_name":"Match and Keep!","floor":5,"gold_loss":0,"cards_obtained":[]},{"damage_healed":0,"gold_gain":0,"player_choice":"Bought 0 Potions","damage_taken":0,"max_hp_gain":0,"max_hp_loss":0,"event_name":"The Woman in Blue","floor":11,"gold_loss":0},{"damage_healed":0,"gold_gain":107,"player_choice":"GO UP UP ","damage_taken":43,"relics_obtained":[],"max_hp_gain":0,"max_hp_loss":0,"event_name":"betterSkull:BetterSkull","floor":20,"gold_loss":0,"cards_upgraded":["Impervious","Defend_R"]},{"cards_removed":["Bandage Up"],"damage_healed":0,"gold_gain":0,"player_choice":"Take \u0026 Give","damage_taken":0,"max_hp_gain":0,"max_hp_loss":0,"event_name":"betterNote:BetterNote","floor":22,"gold_loss":0,"cards_obtained":["Spot Weakness"]}],"is_beta":false,"boss_relics":[{"not_picked":["SacredBark","Coffee Dripper"],"picked":"Tiny House"}],"items_purged_floors":[0],"is_endless":false,"potions_floor_spawned":[1,4,7,13,21,24],"killed_by":"Slavers","ascension_level":2}}