{"host":"jl0xsbhxou23hcu6","time":1607848812,"event":{"mods":["AchievementEnabler","BaseMod","Highlight Path","Minty Spire (QoL Compilation)","Random Character Button"],"gold_per_floor":[112,112,123,123,23,23,54,92,92,106,137,137,56,70,70,189,189,207,207,17,17,17,17,17],"floor_reached":23,"playtime":787,"items_purged":[],"score":249,"play_id":"a29b1cd5-f09b-4e7e-a559-d331890e10ae","local_time":"20201213194012","is_ascension_mode":true,"campfire_choices":[{"floor":6,"key":"REST"},{"floor":12,"key":"REST"},{"floor":15,"key":"REST"}],"circlet_count":0,"master_deck":["Strike_R","Strike_R","Strike_R","Strike_R","Defend_R","Defend_R","Defend_R","Defend_R","Bash","Pommel Strike","Cleave","Flex","Armaments","Thunderclap","Dual Wield","Dark Embrace","Intimidate","Combust","Shockwave","Reaper","Cleave+1","Inflame","Feel No Pain"],"relics":["Burning Blood","Golden Idol","Odd Mushroom","Blue Candle","Red Skull","Anchor","SlaversCollar","Membership Card"],"acts_visited":["Exordium","TheCity"],"potions_floor_usage":[23],"damage_taken":[{"damage":9,"enemies":"2 Louse","floor":1,"turns":3},{"damage":4,"enemies":"Small Slimes","floor":3,"turns":4},{"damage":35,"enemies":"The Mushroom Lair","floor":7,"turns":4},{"damage":32,"enemies":"3 Sentries","floor":8,"turns":8},{"damage":2,"enemies":"Jaw Worm","floor":10,"turns":3},{"damage":22,"enemies":"Gremlin Nob","floor":11,"turns":4},{"damage":3,"enemies":"Blue Slaver","floor":14,"turns":2},{"damage":33,"enemies":"Slime Boss","floor":16,"turns":8},{"damage":62,"enemies":"Shell Parasite","floor":18,"turns":7},{"damage":55,"enemies":"Book of Stabbing","floor":23,"turns":4}],"seed_played":"255605785479945056","potions_obtained":[{"floor":7,"key":"GamblersBrew"},{"floor":8,"key":"SpeedPotion"},{"floor":16,"key":"BloodPotion"},{"floor":18,"key":"SkillPotion"}],"is_trial":false,"path_per_floor":["M","?","M","?","$","R","?","E","T","M","E","R","$","M","R","B",null,"M","?","$","?","?","E"],"character_chosen":"IRONCLAD","items_purchased":["Flex","Armaments","Combust","Membership Card","Feel No Pain"],"campfire_rested":3,"item_purchase_floors":[5,5,13,20,20],"current_hp_per_floor":[69,69,71,47,47,75,46,20,20,24,8,36,36,39,67,40,96,41,41,41,41,41,0,0],"gold":17,"neow_bonus":"TWENTY_PERCENT_HP_BONUS","is_daily":false,"chose_seed":false,"campfire_upgraded":0,"win_rate":0.0,"timestamp":1607848812,"path_taken":["M","?","M","?","$","R","?","E","T","M","E","R","?","?","R","BOSS","M","?","?","?","?","E"],"items_purchased_type":["Card","Card","Card","Relic","Card"],"build_version":"2020-11-30","purchased_purges":0,"victory":false,"max_hp_per_floor":[96,96,96,96,96,96,96,96,96,96,96,96,96,96,96,96,96,96,96,96,96,96,96,96],"card_choices":[{"not_picked":["Havoc","Sword Boomerang"],"picked":"Pommel Strike","floor":1},{"not_picked":["Body Slam","Entrench"],"picked":"Cleave","floor":3},{"not_picked":["Headbutt","Sever Soul"],"picked":"Thunderclap","floor":7},{"not_picked":["Havoc","Warcry"],"picked":"Dual Wield","floor":8},{"not_picked":["Searing Blow","Cleave"],"picked":"Dark Embrace","floor":10},{"not_picked":["Barricade","Body Slam"],"picked":"Intimidate","floor":11},{"not_picked":["Perfected Strike","Entrench"],"picked":"Shockwave","floor":14},{"not_picked":["Offering","Brutality"],"picked":"Reaper","floor":16},{"not_picked":["Flex","Reckless Charge"],"picked":"Cleave+1","floor":18}],"player_experience":237162,"relics_obtained":[{"floor":7,"key":"Odd Mushroom"},{"floor":8,"key":"Blue Candle"},{"floor":9,"key":"Red Skull"},{"floor":11,"key":"Anchor"}],"event_choices":[{"damage_healed":0,"gold_gain":0,"player_choice":"Ignored","damage_taken":0,"max_hp_gain":0,"max_hp_loss":0,"event_name":"Golden Wing","floor":2,"gold_loss":0},{"damage_healed":0,"gold_gain":0,"player_choice":"Take Damage","damage_taken":24,"relics_obtained":["Golden Idol"],"max_hp_gain":0,"max_hp_loss":0,"event_name":"Golden Idol","floor":4,"gold_loss":0},{"damage_healed":0,"gold_gain":0,"player_choice":"Fought Mushrooms","damage_taken":0,"max_hp_gain":0,"max_hp_loss":0,"event_name":"Mushrooms","floor":7,"gold_loss":0},{"damage_healed":0,"gold_gain":0,"cards_transformed":["Strike_R"],"player_choice":"Transformed","damage_taken":0,"max_hp_gain":0,"max_hp_loss":0,"event_name":"Transmorgrifier","floor":19,"gold_loss":0,"cards_obtained":["Inflame"]},{"damage_healed":0,"gold_gain":0,"player_choice":"Ignored","damage_taken":0,"max_hp_gain":0,"max_hp_loss":0,"event_name":"Vampires","floor":21,"gold_loss":0},{"damage_healed":0,"gold_gain":0,"player_choice":"Ignored","damage_taken":0,"max_hp_gain":0,"max_hp_loss":0,"event_name":"Ghosts","floor":22,"gold_loss":0}],"is_beta":false,"boss_relics":[{"not_picked":["Ectoplasm","Runic Pyramid"],"picked":"SlaversCollar"}],"items_purged_floors":[],"is_endless":false,"potions_floor_spawned":[7,8,16,18],"killed_by":"Book of Stabbing","ascension_level":3}}