{"host":"9z9bilz90zy1bfdt","time":1607847354,"event":{"mods":["BaseMod","Minty Spire (QoL Compilation)","StSLib","SuperFastMode"],"gold_per_floor":[119,131,145,145,159,186,204,215,292,318,332,393,406,406,406,503,503,513,533,155,166,183,195,228,245,324,324,357,357,375,395,395,490,490,505,505,505,521,521,551,551,578,578,589,569,588,607,58,58,58],"floor_reached":51,"playtime":1944,"items_purged":["Defend_R"],"score":1357,"play_id":"fb934b59-b212-4da9-a17d-695a78486941","local_time":"20201213171554","is_ascension_mode":true,"campfire_choices":[{"floor":15.0,"key":"REST"},{"data":"Perfected Strike","floor":27,"key":"SMITH"},{"data":"Barricade","floor":32,"key":"SMITH"},{"data":"Madness","floor":41,"key":"SMITH"},{"data":"Madness","floor":49,"key":"SMITH"}],"circlet_count":1,"master_deck":["Defend_R+1","Defend_R+1","Bash+1","Perfected Strike+1","Perfected Strike+1","Perfected Strike+1","Perfected Strike+1","Perfected Strike+1","Pommel Strike+1","Perfected Strike+1","Power Through+1","Dark Embrace+1","Second Wind+1","Evolve+1","Barricade+1","Shrug It Off+1","Pommel Strike+1","Twin Strike+1","Feel No Pain+1","Pommel Strike+1","Sentinel+1","Double Tap+1","Madness+1","Shrug It Off+1","Impervious","Wild Strike+1","Pommel Strike+1","Finesse","Madness+1","Sentinel","Warcry","Warcry"],"relics":["Philosopher\u0027s Stone","Circlet","Nuclear Battery","Regal Pillow","Paper Frog","Oddly Smooth Stone","Bird Faced Urn","Black Star","Anchor","Centennial Puzzle","Akabeko","Molten Egg 2","HornCleat","Vajra","The Courier","Mark of Pain","Mark of the Bloom","Whetstone","Lantern","Darkstone Periapt","Lizard Tail","InkBottle","Bag of Marbles","TheAbacus"],"acts_visited":["Exordium","TheCity","TheBeyond"],"potions_floor_usage":[18,22,42,46,50],"damage_taken":[{"damage":8.0,"enemies":"Jaw Worm","floor":1.0,"turns":2.0},{"damage":2.0,"enemies":"2 Louse","floor":2.0,"turns":2.0},{"damage":0.0,"enemies":"Cultist","floor":3.0,"turns":2.0},{"damage":6.0,"enemies":"Large Slime","floor":5.0,"turns":3.0},{"damage":0.0,"enemies":"Gremlin Nob","floor":6.0,"turns":2.0},{"damage":7.0,"enemies":"Lots of Slimes","floor":7.0,"turns":3.0},{"damage":7.0,"enemies":"Exordium Wildlife","floor":8.0,"turns":3.0},{"damage":19.0,"enemies":"3 Sentries","floor":10.0,"turns":6.0},{"damage":0.0,"enemies":"Large Slime","floor":11.0,"turns":2.0},{"damage":0.0,"enemies":"Gremlin Nob","floor":12.0,"turns":2.0},{"damage":0.0,"enemies":"3 Louse","floor":13.0,"turns":3.0},{"damage":16.0,"enemies":"The Guardian","floor":16.0,"turns":6.0},{"damage":6,"enemies":"3 Byrds","floor":18,"turns":3},{"damage":0,"enemies":"Spheric Guardian","floor":19,"turns":3},{"damage":10,"enemies":"3 Cultists","floor":21,"turns":5},{"damage":17,"enemies":"Snake Plant","floor":22,"turns":2},{"damage":7,"enemies":"Shelled Parasite and Fungi","floor":23,"turns":4},{"damage":15,"enemies":"Book of Stabbing","floor":24,"turns":4},{"damage":4,"enemies":"Cultist and Chosen","floor":25,"turns":3},{"damage":0,"enemies":"Gremlin Leader","floor":28,"turns":9},{"damage":0,"enemies":"Centurion and Healer","floor":30,"turns":4},{"damage":0,"enemies":"Sentry and Sphere","floor":31,"turns":3},{"damage":14,"enemies":"Automaton","floor":33,"turns":10},{"damage":0,"enemies":"Orb Walker","floor":35,"turns":1},{"damage":0,"enemies":"3 Shapes","floor":38,"turns":3},{"damage":0,"enemies":"Giant Head","floor":40,"turns":5},{"damage":0,"enemies":"Nemesis","floor":42,"turns":3},{"damage":7,"enemies":"3 Darklings","floor":44,"turns":2},{"damage":9,"enemies":"Maw","floor":46,"turns":5},{"damage":0,"enemies":"Sphere and 2 Shapes","floor":47,"turns":3},{"damage":0,"enemies":"Donu and Deca","floor":50,"turns":7}],"seed_played":"5661654015230010173","potions_obtained":[{"floor":1.0,"key":"ColorlessPotion"},{"floor":3.0,"key":"FearPotion"},{"floor":7.0,"key":"LiquidBronze"},{"floor":13.0,"key":"FairyPotion"},{"floor":19,"key":"Explosive Potion"},{"floor":22,"key":"Weak Potion"},{"floor":24,"key":"Block Potion"},{"floor":33,"key":"DistilledChaos"},{"floor":45,"key":"Ancient Potion"},{"floor":46,"key":"SteroidPotion"},{"floor":47,"key":"Block Potion"}],"is_trial":false,"path_per_floor":["M","M","M","?","M","E","M","M","T","E","M","?","M","?","R","B",null,"M","M","$","M","M","M","E","M","T","R","E","?","M","M","R","B",null,"M","?","?","M","?","E","R","E","T","M","?","M","M","$","R","B",null],"character_chosen":"IRONCLAD","items_purchased":["Anchor","Centennial Puzzle","Pommel Strike+1","Finesse","Madness","Sentinel","Bag of Marbles","TheAbacus","Warcry","Warcry"],"campfire_rested":1,"item_purchase_floors":[20,20,48,48,48,48,48,48,48,48],"current_hp_per_floor":[64,62,62,46,40,40,33,26,26,7,7,7,7,7,46,34,69,63,63,63,55,38,35,24,22,22,22,30,30,36,40,40,34,69,69,69,69,69,69,69,69,69,69,62,62,53,53,53,53,53],"gold":58,"neow_bonus":"BOSS_RELIC","is_daily":false,"chose_seed":false,"campfire_upgraded":4,"win_rate":0.0,"timestamp":1607847354,"path_taken":["M","M","M","?","M","E","M","M","T","E","M","?","M","?","R","BOSS","M","M","$","M","?","M","E","M","T","R","E","?","M","?","R","BOSS","M","?","?","M","?","E","R","E","T","M","?","?","M","$","R","BOSS"],"items_purchased_type":["Relic","Relic","Card","Card","Card","Card","Relic","Relic","Card","Card"],"build_version":"2020-11-30","purchased_purges":1,"victory":true,"max_hp_per_floor":[80,80,80,80,80,80,80,80,80,80,80,80,80,80,80,80,80,80,80,80,80,80,80,80,80,80,80,80,80,80,80,80,80,80,80,80,80,80,80,80,80,80,80,80,80,80,80,80,80,80],"card_choices":[{"not_picked":["Hemokinesis","Clothesline","True Grit"],"picked":"SKIP","floor":1.0},{"not_picked":["Cleave","Twin Strike","Flex"],"picked":"SKIP","floor":2.0},{"not_picked":["Heavy Blade","Body Slam"],"picked":"Pommel Strike","floor":3.0},{"not_picked":["Clothesline","Hemokinesis"],"picked":"Perfected Strike","floor":5.0},{"not_picked":["Pummel","Clash"],"picked":"Power Through","floor":6.0},{"not_picked":["Dropkick","Headbutt"],"picked":"Dark Embrace","floor":7.0},{"not_picked":["Sword Boomerang","Clash"],"picked":"Second Wind","floor":8.0},{"not_picked":["Iron Wave","Rage"],"picked":"Evolve","floor":10.0},{"not_picked":["Headbutt","Fiend Fire","Warcry"],"picked":"SKIP","floor":11.0},{"not_picked":["Entrench","Ghostly Armor","Heavy Blade"],"picked":"SKIP","floor":13.0},{"not_picked":["Juggernaut","Impervious"],"picked":"Barricade","floor":16.0},{"not_picked":["Cleave","Second Wind"],"picked":"Shrug It Off","floor":18},{"not_picked":["Dropkick","Armaments","Evolve+1"],"picked":"SKIP","floor":19},{"not_picked":["Flex","Anger+1"],"picked":"Pommel Strike","floor":21},{"not_picked":["Inflame","True Grit+1"],"picked":"Twin Strike+1","floor":22},{"not_picked":["Havoc+1","Sword Boomerang"],"picked":"Feel No Pain","floor":23},{"not_picked":["Clothesline+1","Reaper+1","Fire Breathing"],"picked":"SKIP","floor":24},{"not_picked":["Reckless Charge+1","Headbutt+1","Warcry"],"picked":"SKIP","floor":25},{"not_picked":["Flex","Corruption"],"picked":"Pommel Strike+1","floor":28},{"not_picked":["Body Slam+1","Spot Weakness","Havoc"],"picked":"SKIP","floor":30},{"not_picked":["Wild Strike+1","Body Slam+1"],"picked":"Sentinel+1","floor":31},{"not_picked":["Corruption","Exhume"],"picked":"Double Tap","floor":33},{"not_picked":["Heavy Blade+1","Havoc+1"],"picked":"Warcry+1","floor":35},{"not_picked":["True Grit+1","Evolve","Flex"],"picked":"SKIP","floor":38},{"not_picked":["Dramatic Entrance+1","Blind"],"picked":"Madness","floor":39},{"not_picked":["Searing Blow+1","Thunderclap+1"],"picked":"Shrug It Off+1","floor":40},{"not_picked":["Armaments","Sword Boomerang+1"],"picked":"Impervious","floor":42},{"not_picked":["Thunderclap+1","Flex+1","Clothesline+1"],"picked":"SKIP","floor":44},{"not_picked":["Hemokinesis+1","Warcry","True Grit"],"picked":"SKIP","floor":46},{"not_picked":["Havoc+1","Armaments"],"picked":"Wild Strike+1","floor":47}],"player_experience":321684,"relics_obtained":[{"floor":6.0,"key":"Regal Pillow"},{"floor":9.0,"key":"Paper Frog"},{"floor":10.0,"key":"Oddly Smooth Stone"},{"floor":12.0,"key":"Bird Faced Urn"},{"floor":24,"key":"Akabeko"},{"floor":24,"key":"Molten Egg 2"},{"floor":26,"key":"HornCleat"},{"floor":28,"key":"Vajra"},{"floor":28,"key":"The Courier"},{"floor":40,"key":"Whetstone"},{"floor":40,"key":"Lantern"},{"floor":42,"key":"Darkstone Periapt"},{"floor":42,"key":"Lizard Tail"},{"floor":43,"key":"InkBottle"}],"event_choices":[{"damage_healed":0.0,"max_hp_gain":0.0,"max_hp_loss":0.0,"gold_gain":0.0,"event_name":"Shining Light","player_choice":"Entered Light","floor":4.0,"gold_loss":0.0,"damage_taken":16.0,"cards_upgraded":["Perfected Strike","Bash"]},{"damage_healed":0.0,"max_hp_gain":0.0,"max_hp_loss":0.0,"gold_gain":30.0,"event_name":"Dead Adventurer","player_choice":"Searched \u00272\u0027 times","floor":12.0,"gold_loss":0.0,"damage_taken":0.0},{"cards_removed":["Defend_R"],"damage_healed":0.0,"max_hp_gain":0.0,"max_hp_loss":0.0,"gold_gain":0.0,"event_name":"Purifier","player_choice":"Purged","floor":14.0,"gold_loss":0.0,"damage_taken":0.0},{"damage_healed":0,"gold_gain":0,"player_choice":"Upgraded","damage_taken":0,"max_hp_gain":0,"max_hp_loss":0,"event_name":"Upgrade Shrine","floor":29,"gold_loss":0,"cards_upgraded":["Perfected Strike"]},{"cards_removed":["Warcry"],"damage_healed":0,"gold_gain":0,"player_choice":"Removed Skill","damage_taken":0,"max_hp_gain":0,"max_hp_loss":0,"event_name":"Falling","floor":36,"gold_loss":0},{"damage_healed":0,"gold_gain":0,"player_choice":"Upgrade","damage_taken":0,"relics_obtained":["Mark of the Bloom"],"max_hp_gain":0,"max_hp_loss":0,"event_name":"MindBloom","floor":37,"gold_loss":0,"cards_upgraded":["Defend_R","Defend_R","Perfected Strike","Perfected Strike","Pommel Strike","Perfected Strike","Power Through","Dark Embrace","Second Wind","Evolve","Shrug It Off","Pommel Strike","Feel No Pain","Double Tap"]},{"damage_healed":0,"gold_gain":0,"player_choice":"Memory 1","damage_taken":0,"max_hp_gain":0,"max_hp_loss":0,"event_name":"SensoryStone","floor":39,"gold_loss":0},{"damage_healed":0,"gold_gain":0,"player_choice":"Bought 1 Potion","damage_taken":0,"max_hp_gain":0,"max_hp_loss":0,"event_name":"The Woman in Blue","floor":45,"gold_loss":0}],"is_beta":false,"boss_relics":[{"not_picked":["SacredBark","Ectoplasm"],"picked":"Black Star"},{"not_picked":["Sozu","Snecko Eye"],"picked":"Mark of Pain"}],"items_purged_floors":[20],"is_endless":false,"potions_floor_spawned":[1,3,7,13,19,22,24,25,33,35,40,46,47],"ascension_level":9}}