{"host":"m7puq4mk16tgc6yn","time":1607851057,"event":{"mods":["AchievementEnabler","BaseMod","Colored Map","Colored Powertips","Minty Spire (QoL Compilation)","Relic Stats"],"gold_per_floor":[115,127,137,26,26,56,70,96,96,110,110,129,129,29,29,133,133,148,161,171,14,14,46,63,82,82,82,113,166,166,22,22,125,125,145,195,19,368,328,357,376,389,389,84,99,99,99,114,114,114,114,114,37,65,65],"floor_reached":56,"playtime":3195,"items_purged":["Strike_G","Strike_G","Acrobatics+1"],"score":1395,"play_id":"ce931230-f89c-4aca-95a2-de45915068f4","local_time":"20201213011737","is_ascension_mode":true,"campfire_choices":[{"data":"Noxious Fumes","floor":11,"key":"SMITH"},{"data":"Bouncing Flask","floor":13,"key":"SMITH"},{"data":"Blur","floor":15,"key":"SMITH"},{"data":"Leg Sweep","floor":27,"key":"SMITH"},{"data":"Corpse Explosion","floor":32,"key":"SMITH"},{"data":"Well Laid Plans","floor":46,"key":"SMITH"},{"floor":49,"key":"RECALL"},{"data":"Neutralize","floor":52,"key":"SMITH"}],"circlet_count":0,"master_deck":["Defend_G+1","Defend_G+1","Defend_G+1","Defend_G+1","Survivor+1","Neutralize+1","Bouncing Flask+1","Deadly Poison+1","Sucker Punch","Noxious Fumes+1","Blur+1","Leg Sweep+1","Corpse Explosion+1","Bane+1","Backstab+1","Deadly Poison+1","Bouncing Flask+1","Dagger Throw+1","Dodge and Roll","Burst+1","Blur+1","Well Laid Plans+1","Caltrops+1","Footwork"],"relics":["Ring of the Snake","MealTicket","Pocketwatch","Orichalcum","Sundial","Astrolabe","Toy Ornithopter","Ice Cream","Ancient Tea Set","Omamori","CultistMask","TwistedFunnel","Calling Bell","Lantern","Molten Egg 2","Thread and Needle","Torii","Old Coin","Mummified Hand","Eternal Feather","War Paint","Strawberry","Gremlin Horn"],"acts_visited":["Exordium","TheCity","TheBeyond","TheEnding"],"potions_floor_usage":[7,25,28,38,50,55,55],"damage_taken":[{"damage":3,"enemies":"2 Louse","floor":1,"turns":4},{"damage":12,"enemies":"Jaw Worm","floor":2,"turns":7},{"damage":1,"enemies":"Cultist","floor":3,"turns":4},{"damage":15,"enemies":"Lagavulin","floor":6,"turns":6},{"damage":9,"enemies":"Exordium Wildlife","floor":7,"turns":4},{"damage":9,"enemies":"3 Sentries","floor":8,"turns":9},{"damage":0,"enemies":"Blue Slaver","floor":10,"turns":4},{"damage":7,"enemies":"Red Slaver","floor":12,"turns":5},{"damage":20,"enemies":"Slime Boss","floor":16,"turns":11},{"damage":20,"enemies":"2 Thieves","floor":18,"turns":3},{"damage":0,"enemies":"Spheric Guardian","floor":19,"turns":3},{"damage":5,"enemies":"Snake Plant","floor":20,"turns":4},{"damage":0,"enemies":"Gremlin Leader","floor":23,"turns":6},{"damage":0,"enemies":"Centurion and Healer","floor":24,"turns":5},{"damage":12,"enemies":"Shelled Parasite and Fungi","floor":25,"turns":4},{"damage":1,"enemies":"Slavers","floor":28,"turns":3},{"damage":56,"enemies":"Collector","floor":33,"turns":8},{"damage":0,"enemies":"3 Darklings","floor":35,"turns":2},{"damage":11,"enemies":"Mind Bloom Boss Battle","floor":36,"turns":7},{"damage":51,"enemies":"2 Orb Walkers","floor":38,"turns":5},{"damage":8,"enemies":"Reptomancer","floor":40,"turns":8},{"damage":0,"enemies":"3 Shapes","floor":41,"turns":2},{"damage":0,"enemies":"Maw","floor":42,"turns":7},{"damage":1,"enemies":"Transient","floor":45,"turns":5},{"damage":0,"enemies":"Jaw Worm Horde","floor":48,"turns":2},{"damage":15,"enemies":"Time Eater","floor":50,"turns":10},{"damage":43,"enemies":"Shield and Spear","floor":54,"turns":5},{"damage":46,"enemies":"The Heart","floor":55,"turns":9}],"seed_played":"4298182029614908475","potions_obtained":[{"floor":1,"key":"CultistPotion"},{"floor":6,"key":"Explosive Potion"},{"floor":8,"key":"Swift Potion"},{"floor":16,"key":"Fire Potion"},{"floor":25,"key":"Energy Potion"},{"floor":35,"key":"SpeedPotion"},{"floor":40,"key":"PowerPotion"},{"floor":48,"key":"FairyPotion"},{"floor":54,"key":"PowerPotion"}],"is_trial":false,"path_per_floor":["M","M","M","$","?","E","M","E","T","M","R","M","R","$","R","B",null,"M","M","M","$","?","E","M","M","T","R","E","T","?","$","R","B",null,"M","?","$","?","?","E","M","M","T","$","M","R","$","M","R","B",null,"R","$","E","B",null],"character_chosen":"THE_SILENT","items_purchased":["Noxious Fumes","Toy Ornithopter","TwistedFunnel","Poison Potion","War Paint","Strawberry","Footwork"],"campfire_rested":0,"item_purchase_floors":[4,21,31,37,44,44,53],"current_hp_per_floor":[67,55,54,69,62,47,38,29,29,29,29,22,22,37,37,17,70,50,50,45,60,60,60,60,53,53,53,57,57,57,70,70,14,70,70,59,70,24,24,16,16,16,16,38,37,49,64,64,76,66,77,77,77,34,21],"gold":65,"neow_bonus":"RANDOM_COMMON_RELIC","is_daily":false,"chose_seed":false,"campfire_upgraded":7,"win_rate":0.0,"timestamp":1607851057,"path_taken":["M","M","M","$","?","E","M","E","T","M","R","M","R","?","R","BOSS","M","?","M","$","?","E","M","M","T","R","E","?","?","$","R","BOSS","M","?","$","?","?","E","M","?","T","?","?","R","$","M","R","BOSS","R","$","E","BOSS"],"items_purchased_type":["Card","Relic","Relic","Potion","Relic","Relic","Card"],"build_version":"2020-11-30","purchased_purges":3,"victory":true,"max_hp_per_floor":[70,70,70,70,70,70,70,70,70,70,70,70,70,70,70,70,70,70,70,70,70,70,70,70,70,70,70,70,70,70,70,70,70,70,70,70,70,70,70,70,70,70,70,77,77,77,77,77,77,77,77,77,77,77,77],"relic_stats":{"Torii":8,"Gremlin Horn":[0,0],"counters":[28,152],"Astrolabe":["Bane","Backstab","Acrobatics"],"Eternal Feather":24,"Orichalcum":[198],"War Paint":["Deadly Poison","Deadly Poison"],"Sundial":[22],"Mummified Hand":[18],"MealTicket":99,"obtain_stats":[{"Ice Cream":23,"TwistedFunnel":31,"Lantern":34,"Torii":36,"Gremlin Horn":54,"Astrolabe":17,"Thread and Needle":34,"Eternal Feather":43,"Omamori":28,"Orichalcum":8,"War Paint":44,"Ancient Tea Set":26,"Old Coin":38,"Calling Bell":34,"Sundial":9,"Mummified Hand":40,"Strawberry":44,"MealTicket":0,"Molten Egg 2":34,"CultistMask":30,"Toy Ornithopter":21,"Ring of the Snake":0,"Pocketwatch":6},{"Ice Cream":13,"TwistedFunnel":16,"Lantern":17,"Torii":19,"Gremlin Horn":27,"Astrolabe":9,"Thread and Needle":17,"Eternal Feather":23,"Omamori":16,"Orichalcum":6,"War Paint":23,"Ancient Tea Set":15,"Old Coin":20,"Calling Bell":17,"Sundial":6,"Mummified Hand":21,"Strawberry":23,"MealTicket":0,"Molten Egg 2":17,"CultistMask":16,"Toy Ornithopter":12,"Ring of the Snake":0,"Pocketwatch":4},{"Ice Cream":70,"TwistedFunnel":82,"Lantern":90,"Torii":99,"Gremlin Horn":143,"Astrolabe":54,"Thread and Needle":90,"Eternal Feather":121,"Omamori":82,"Orichalcum":34,"War Paint":121,"Ancient Tea Set":79,"Old Coin":104,"Calling Bell":90,"Sundial":34,"Mummified Hand":112,"Strawberry":121,"MealTicket":0,"Molten Egg 2":90,"CultistMask":82,"Toy Ornithopter":64,"Ring of the Snake":0,"Pocketwatch":21}],"Toy Ornithopter":25,"Ring of the Snake":[56],"Pocketwatch":[207]},"card_choices":[{"not_picked":["Masterful Stab","Sucker Punch"],"picked":"Bouncing Flask","floor":1},{"not_picked":["Prepared","Backflip"],"picked":"Deadly Poison","floor":2},{"not_picked":["Eviscerate","Endless Agony"],"picked":"Sucker Punch","floor":3},{"not_picked":["Doppelganger","Underhanded Strike"],"picked":"Blur","floor":6},{"not_picked":["Quick Slash","Outmaneuver","Prepared"],"picked":"SKIP","floor":7},{"not_picked":["Deflect","Caltrops"],"picked":"Leg Sweep","floor":8},{"not_picked":["Choke","Quick Slash","Underhanded Strike"],"picked":"SKIP","floor":10},{"not_picked":["Dagger Throw","PiercingWail","Bane"],"picked":"SKIP","floor":12},{"not_picked":["Doppelganger","Unload"],"picked":"Corpse Explosion","floor":16},{"not_picked":["Eviscerate+1","Bane"],"picked":"Deadly Poison","floor":18},{"not_picked":["Predator","Acrobatics+1","Flechettes"],"picked":"SKIP","floor":19},{"not_picked":["Dagger Spray","Reflex","Underhanded Strike"],"picked":"SKIP","floor":20},{"not_picked":["Phantasmal Killer","Masterful Stab"],"picked":"Bouncing Flask+1","floor":23},{"not_picked":["Quick Slash","Cloak And Dagger"],"picked":"Dagger Throw+1","floor":24},{"not_picked":["Bane","Distraction"],"picked":"Dodge and Roll","floor":25},{"not_picked":["Dagger Spray+1","PiercingWail","Prepared"],"picked":"SKIP","floor":28},{"not_picked":["Night Terror","After Image"],"picked":"Burst","floor":33},{"not_picked":["Quick Slash+1","Flying Knee+1","Outmaneuver+1"],"picked":"SKIP","floor":35},{"not_picked":["Prepared","Slice+1"],"picked":"Blur+1","floor":38},{"not_picked":["Quick Slash+1","Dagger Spray+1","Acrobatics+1"],"picked":"SKIP","floor":40},{"not_picked":["Doppelganger","Acrobatics"],"picked":"Well Laid Plans","floor":41},{"not_picked":["Riddle With Holes+1","Masterful Stab+1","Sucker Punch+1"],"picked":"SKIP","floor":42},{"not_picked":["Flechettes+1","Dagger Throw+1","Slice+1"],"picked":"SKIP","floor":45},{"not_picked":["Bane+1","Underhanded Strike+1"],"picked":"Caltrops+1","floor":48},{"not_picked":["Accuracy","All Out Attack+1","Infinite Blades"],"picked":"SKIP","floor":54}],"player_experience":54221,"relics_obtained":[{"floor":6,"key":"Pocketwatch"},{"floor":8,"key":"Orichalcum"},{"floor":9,"key":"Sundial"},{"floor":23,"key":"Ice Cream"},{"floor":26,"key":"Ancient Tea Set"},{"floor":28,"key":"Omamori"},{"floor":34,"key":"Lantern"},{"floor":34,"key":"Molten Egg 2"},{"floor":34,"key":"Thread and Needle"},{"floor":36,"key":"Torii"},{"floor":38,"key":"Old Coin"},{"floor":40,"key":"Mummified Hand"},{"floor":43,"key":"Eternal Feather"},{"floor":54,"key":"Gremlin Horn"}],"event_choices":[{"cards_removed":["Strike_G"],"damage_healed":0,"gold_gain":0,"player_choice":"Card Removal","damage_taken":7,"max_hp_gain":0,"max_hp_loss":0,"event_name":"Golden Wing","floor":5,"gold_loss":0},{"damage_healed":0,"gold_gain":0,"player_choice":"Simplicity","damage_taken":0,"max_hp_gain":0,"max_hp_loss":0,"event_name":"Back to Basics","floor":22,"gold_loss":0,"cards_upgraded":["Defend_G","Defend_G","Defend_G","Defend_G"]},{"damage_healed":0,"gold_gain":0,"player_choice":"Trade","damage_taken":0,"relics_obtained":["CultistMask"],"max_hp_gain":0,"max_hp_loss":0,"event_name":"FaceTrader","floor":30,"gold_loss":0},{"damage_healed":0,"gold_gain":0,"player_choice":"Fight","damage_taken":0,"max_hp_gain":0,"max_hp_loss":0,"event_name":"MindBloom","floor":36,"gold_loss":0},{"damage_healed":0,"gold_gain":0,"player_choice":"Fight","damage_taken":0,"max_hp_gain":0,"max_hp_loss":0,"event_name":"Mysterious Sphere","floor":38,"gold_loss":0},{"damage_healed":0,"gold_gain":0,"player_choice":"Upgraded Two","damage_taken":0,"max_hp_gain":0,"max_hp_loss":0,"event_name":"Designer","floor":39,"gold_loss":40,"cards_upgraded":["Survivor","Burst"]}],"is_beta":false,"boss_relics":[{"not_picked":["Runic Pyramid","Pandora\u0027s Box"],"picked":"Astrolabe"},{"not_picked":["WristBlade","Black Star"],"picked":"Calling Bell"}],"items_purged_floors":[4,14,37],"is_endless":false,"potions_floor_spawned":[1,6,8,16,19,23,25,35,40,48,54],"ascension_level":3}}