{"host":"hszimsrtxxc2k25w","time":1607887478,"event":{"mods":["AchievementEnabler","BaseMod","Colored Map","DeckTracker","Minty Spire (QoL Compilation)","Rare Cards Sparkle","SuperFastMode"],"gold_per_floor":[119,44,44,21,35,35,35,51,51,61,75,75,75,119,119,249,249,316,383,243,243,278,278,355,355,355,429,429,459,459],"floor_reached":29,"playtime":764,"items_purged":["Defend_P","Strike_P"],"score":315,"play_id":"1b603d28-7e60-4f68-b5a6-aca121e209de","local_time":"20201214042438","is_ascension_mode":true,"campfire_choices":[{"data":"Eruption","floor":6.0,"key":"SMITH"},{"data":"Wish","floor":12.0,"key":"SMITH"},{"data":"ForeignInfluence","floor":15.0,"key":"SMITH"},{"data":"Wish","floor":23.0,"key":"SMITH"},{"data":"Meditate","floor":25.0,"key":"SMITH"},{"data":"Adaptation","floor":28,"key":"SMITH"}],"circlet_count":0,"master_deck":["Strike_P+1","Defend_P","Defend_P","Eruption+1","Vigilance+1","FlurryOfBlows","Meditate+1","Wish+1","ForeignInfluence+1","Wish+1","WreathOfFlame+1","Wallop","Halt","Adaptation+1"],"relics":["PureWater","Meat on the Bone","Cursed Key"],"acts_visited":["Exordium","TheCity"],"potions_floor_usage":[],"damage_taken":[{"damage":0.0,"enemies":"Cultist","floor":1.0,"turns":4.0},{"damage":0.0,"enemies":"Jaw Worm","floor":5.0,"turns":2.0},{"damage":0.0,"enemies":"2 Louse","floor":8.0,"turns":2.0},{"damage":14.0,"enemies":"Red Slaver","floor":10.0,"turns":2.0},{"damage":2.0,"enemies":"2 Fungi Beasts","floor":11.0,"turns":2.0},{"damage":0.0,"enemies":"3 Louse","floor":14.0,"turns":3.0},{"damage":5.0,"enemies":"Slime Boss","floor":16.0,"turns":8.0},{"damage":40.0,"enemies":"3 Byrds","floor":18.0,"turns":6.0},{"damage":1.0,"enemies":"Spheric Guardian","floor":19.0,"turns":3.0},{"damage":7.0,"enemies":"Centurion and Healer","floor":22.0,"turns":8.0},{"damage":9.0,"enemies":"Snecko","floor":24.0,"turns":4.0},{"damage":2,"enemies":"Snake Plant","floor":27,"turns":4},{"damage":73,"enemies":"Book of Stabbing","floor":29,"turns":5}],"seed_played":"-3616033418978507394","potions_obtained":[{"floor":8.0,"key":"AttackPotion"},{"floor":10.0,"key":"EssenceOfSteel"},{"floor":11.0,"key":"PowerPotion"},{"floor":14.0,"key":"Energy Potion"},{"floor":16.0,"key":"PowerPotion"},{"floor":18.0,"key":"LiquidMemories"},{"floor":24.0,"key":"FairyPotion"}],"is_trial":false,"path_per_floor":["M","$","?","$","M","R","$","M","T","M","M","R","?","M","R","B",null,"M","M","$","?","M","R","M","R","T","M","R","E"],"character_chosen":"WATCHER","items_purchased":["FlurryOfBlows","Wallop"],"campfire_rested":0,"item_purchase_floors":[4,20],"current_hp_per_floor":[47,47,33,33,33,33,33,33,33,31,41,41,41,41,41,48,66,38,37,37,37,42,42,45,45,45,43,43,0,0],"gold":459,"neow_bonus":"REMOVE_TWO","is_daily":false,"chose_seed":false,"campfire_upgraded":6,"win_rate":0.0,"timestamp":1607887478,"path_taken":["M","?","?","?","M","R","$","?","T","?","M","R","?","M","R","BOSS","M","M","$","?","M","R","M","R","T","?","R","E"],"items_purchased_type":["Card","Card"],"build_version":"2020-11-30","purchased_purges":2,"victory":false,"max_hp_per_floor":[72,72,72,72,72,72,72,72,72,72,72,72,72,72,72,72,72,72,72,72,72,72,72,72,72,72,72,72,72,72],"card_choices":[{"not_picked":["JustLucky","WaveOfTheHand","CutThroughFate"],"picked":"SKIP","floor":1.0},{"not_picked":["CutThroughFate","Sanctity","Consecrate"],"picked":"SKIP","floor":5.0},{"not_picked":["FlyingSleeves","BattleHymn"],"picked":"Meditate","floor":8.0},{"not_picked":["EmptyMind","FlyingSleeves"],"picked":"Wish","floor":10.0},{"not_picked":["FollowUp","Collect","PathToVictory"],"picked":"SKIP","floor":11.0},{"not_picked":["CrushJoints","Weave"],"picked":"ForeignInfluence","floor":14.0},{"not_picked":["Blasphemy","ConjureBlade"],"picked":"Wish","floor":16.0},{"not_picked":["BowlingBash","Crescendo+1","FollowUp"],"picked":"SKIP","floor":18.0},{"not_picked":["Evaluate","InnerPeace"],"picked":"WreathOfFlame+1","floor":19.0},{"not_picked":["BattleHymn","CutThroughFate"],"picked":"Halt","floor":22.0},{"not_picked":["Halt+1","SashWhip","Conclude"],"picked":"SKIP","floor":24.0},{"not_picked":["Halt+1","SashWhip","Conclude"],"picked":"SKIP","floor":24.0},{"not_picked":["WindmillStrike","Consecrate"],"picked":"Adaptation","floor":27}],"player_experience":582751,"relics_obtained":[{"floor":9.0,"key":"Meat on the Bone"}],"event_choices":[{"damage_healed":0.0,"max_hp_gain":0.0,"max_hp_loss":0.0,"gold_gain":0.0,"event_name":"Shining Light","player_choice":"Entered Light","floor":3.0,"gold_loss":0.0,"damage_taken":14.0,"cards_upgraded":["Vigilance","Strike_P"]},{"cards_removed":["Strike_P"],"damage_healed":0.0,"max_hp_gain":0.0,"max_hp_loss":0.0,"gold_gain":0.0,"event_name":"Bonfire Elementals","player_choice":"Offered Basic","floor":13.0,"gold_loss":0.0,"damage_taken":0.0},{"damage_healed":0.0,"max_hp_gain":0.0,"max_hp_loss":0.0,"gold_gain":0.0,"event_name":"N\u0027loth","player_choice":"Ignored","floor":21.0,"gold_loss":0.0,"damage_taken":0.0}],"is_beta":false,"boss_relics":[{"not_picked":["HolyWater","Runic Dome"],"picked":"Cursed Key"}],"items_purged_floors":[2,20],"is_endless":false,"potions_floor_spawned":[8,10,11,14,16,18,24,27],"killed_by":"Book of Stabbing","ascension_level":9}}