{"host":"erulnpr9qdnrfj6h","time":1607872945,"event":{"mods":["AchievementEnabler","BaseMod","Colored Map","Minty Spire (QoL Compilation)","Rare Cards Sparkle","SuperFastMode"],"gold_per_floor":[112,112,136,155,155,196,216,254,277,316,346,346,360,383,383,508,508,528,544,544,459,0,35,35,68,68,109,109,124,167,211,211,341,341,364,364,387,11,74,114,114,153,153,182,205,205,247,247,247,247],"floor_reached":51,"playtime":3062,"items_purged":["All Out Attack"],"score":1348,"play_id":"f5d5bcac-8bc6-45e9-ad67-adad45adc32a","local_time":"20201214002225","is_ascension_mode":true,"campfire_choices":[{"floor":15.0,"key":"REST"},{"data":"Ghostly","floor":24.0,"key":"SMITH"},{"floor":28.0,"key":"REST"},{"floor":32.0,"key":"REST"},{"data":"Ghostly","floor":41.0,"key":"SMITH"},{"floor":49.0,"key":"REST"}],"circlet_count":0,"master_deck":["Survivor","Neutralize","Cloak And Dagger","A Thousand Cuts","Backflip","Reflex","Noxious Fumes","Blade Dance","Backflip","Accuracy","Masterful Stab","Cloak And Dagger","A Thousand Cuts","Expertise","Eviscerate","Quick Slash","Footwork","Reflex","Corpse Explosion","Unload","Outmaneuver","Dagger Throw","Masterful Stab+1","Ghostly+1","Ghostly+1","Ghostly","Ghostly","Ghostly","Noxious Fumes+1","Footwork+1","Prepared+1","Venomology","Blade Dance","Blade Dance","Accuracy+1","A Thousand Cuts+1","CurseOfTheBell","Accuracy+1","Flash of Steel","Well Laid Plans+1","Acrobatics+1","Bullet Time"],"relics":["SacredBark","Golden Idol","Dream Catcher","Boot","Centennial Puzzle","Bag of Marbles","HornCleat","Pandora\u0027s Box","Lantern","Snake Skull","Frozen Egg 2","Oddly Smooth Stone","Pantograph","WingedGreaves","Happy Flower","Regal Pillow","Mercury Hourglass","Calling Bell","Pen Nib","Ornamental Fan","Ginger","Turnip","Dead Branch","Blood Vial","Question Card","CeramicFish","White Beast Statue","Paper Crane"],"acts_visited":["Exordium","TheCity","TheBeyond"],"potions_floor_usage":[50,50],"damage_taken":[{"damage":0.0,"enemies":"Small Slimes","floor":1.0,"turns":3.0},{"damage":3.0,"enemies":"2 Louse","floor":3.0,"turns":4.0},{"damage":5.0,"enemies":"Cultist","floor":4.0,"turns":5.0},{"damage":38.0,"enemies":"Lagavulin","floor":6.0,"turns":12.0},{"damage":9.0,"enemies":"Blue Slaver","floor":7.0,"turns":6.0},{"damage":13.0,"enemies":"Gremlin Nob","floor":8.0,"turns":4.0},{"damage":9.0,"enemies":"Lagavulin","floor":10.0,"turns":6.0},{"damage":0.0,"enemies":"Large Slime","floor":13.0,"turns":6.0},{"damage":1.0,"enemies":"Exordium Wildlife","floor":14.0,"turns":5.0},{"damage":22.0,"enemies":"Slime Boss","floor":16.0,"turns":10.0},{"damage":16.0,"enemies":"2 Thieves","floor":18.0,"turns":5.0},{"damage":7.0,"enemies":"Chosen","floor":19.0,"turns":5.0},{"damage":4.0,"enemies":"Gremlin Leader","floor":23.0,"turns":5.0},{"damage":10.0,"enemies":"Book of Stabbing","floor":25.0,"turns":7.0},{"damage":6.0,"enemies":"Slavers","floor":27.0,"turns":4.0},{"damage":0.0,"enemies":"Snecko","floor":29.0,"turns":3.0},{"damage":6.0,"enemies":"Book of Stabbing","floor":30.0,"turns":5.0},{"damage":3.0,"enemies":"Gremlin Leader","floor":31.0,"turns":5.0},{"damage":29.0,"enemies":"Champ","floor":33.0,"turns":10.0},{"damage":2.0,"enemies":"Orb Walker","floor":35.0,"turns":4.0},{"damage":4.0,"enemies":"3 Shapes","floor":37.0,"turns":6.0},{"damage":0.0,"enemies":"Mind Bloom Boss Battle","floor":39.0,"turns":8.0},{"damage":5.0,"enemies":"Nemesis","floor":40.0,"turns":7.0},{"damage":0.0,"enemies":"Reptomancer","floor":42.0,"turns":1.0},{"damage":0.0,"enemies":"Spire Growth","floor":44.0,"turns":4.0},{"damage":10.0,"enemies":"Jaw Worm Horde","floor":45.0,"turns":3.0},{"damage":13.0,"enemies":"Giant Head","floor":47.0,"turns":4.0},{"damage":31,"enemies":"Time Eater","floor":50,"turns":10}],"seed_played":"-3053586762387512832","potions_obtained":[{"floor":3.0,"key":"Regen Potion"},{"floor":6.0,"key":"Poison Potion"},{"floor":7.0,"key":"Poison Potion"},{"floor":10.0,"key":"EssenceOfSteel"},{"floor":19.0,"key":"SpeedPotion"},{"floor":27.0,"key":"DistilledChaos"},{"floor":30.0,"key":"Energy Potion"},{"floor":33.0,"key":"Poison Potion"},{"floor":37.0,"key":"AttackPotion"},{"floor":39.0,"key":"Explosive Potion"},{"floor":47.0,"key":"Dexterity Potion"}],"is_trial":false,"path_per_floor":["M","?","M","M","?","E","M","E","T","E","?","T","M","M","R","B",null,"M","M","?","?","$","E","R","E","T","E","R","M","E","E","R","B",null,"M","?","M","$","?","E","R","E","T","M","M","T","E","?","R","B",null],"character_chosen":"THE_SILENT","items_purchased":["Snake Skull","Frozen Egg 2","Noxious Fumes+1","Turnip"],"campfire_rested":4,"item_purchase_floors":[22,22,22,38],"current_hp_per_floor":[63,63,60,55,55,53,44,31,31,22,22,22,22,21,40,18,53,37,30,30,30,30,26,26,16,16,10,19,19,13,10,32,3,25,23,23,19,19,32,27,27,29,29,31,22,22,11,11,32,1],"gold":247,"neow_bonus":"BOSS_RELIC","is_daily":false,"chose_seed":false,"campfire_upgraded":2,"win_rate":0.0,"timestamp":1607872945,"path_taken":["M","?","M","M","?","E","M","E","T","E","?","?","M","?","R","BOSS","M","M","?","?","?","E","R","E","T","E","R","?","E","E","R","BOSS","M","?","?","$","?","E","R","E","T","M","M","?","E","?","R","BOSS"],"items_purchased_type":["Relic","Relic","Card","Relic"],"build_version":"2020-11-30","purchased_purges":1,"victory":true,"max_hp_per_floor":[70,65,65,65,65,65,65,65,65,65,65,65,65,65,65,65,65,65,65,32,32,32,32,32,32,32,32,32,32,32,32,32,32,32,32,32,32,32,32,32,32,32,32,32,32,32,32,32,32,32],"card_choices":[{"not_picked":["Deadly Poison","Flying Knee"],"picked":"Cloak And Dagger","floor":1.0},{"not_picked":["Underhanded Strike","Distraction"],"picked":"A Thousand Cuts","floor":3.0},{"not_picked":["Cloak And Dagger","Eviscerate"],"picked":"Backflip","floor":4.0},{"not_picked":["Underhanded Strike","Endless Agony"],"picked":"Reflex","floor":6.0},{"not_picked":["Slice","Deflect"],"picked":"Noxious Fumes","floor":7.0},{"not_picked":["All Out Attack","Heel Hook"],"picked":"Blade Dance","floor":8.0},{"not_picked":["Predator","Expertise"],"picked":"Backflip","floor":10.0},{"not_picked":["Envenom","Cloak And Dagger"],"picked":"Accuracy","floor":13.0},{"not_picked":["Flechettes","Flying Knee"],"picked":"Masterful Stab","floor":14.0},{"not_picked":["Bouncing Flask","Poisoned Stab"],"picked":"Cloak And Dagger","floor":15.0},{"not_picked":["Malaise","Grand Finale"],"picked":"A Thousand Cuts","floor":16.0},{"not_picked":["All Out Attack","Predator"],"picked":"Masterful Stab+1","floor":18.0},{"not_picked":["Poisoned Stab+1","Setup","Quick Slash"],"picked":"SKIP","floor":19.0},{"not_picked":["Underhanded Strike","Slice"],"picked":"Footwork+1","floor":23.0},{"not_picked":["Outmaneuver","Concentrate","Backflip"],"picked":"SKIP","floor":25.0},{"not_picked":["Flying Knee","Slice"],"picked":"Prepared+1","floor":27.0},{"not_picked":["Outmaneuver","Deflect"],"picked":"Venomology","floor":28.0},{"not_picked":["Heel Hook","Footwork+1"],"picked":"Blade Dance","floor":29.0},{"not_picked":["Underhanded Strike","Caltrops+1","Quick Slash"],"picked":"SKIP","floor":30.0},{"not_picked":["Dodge and Roll+1","Bane+1"],"picked":"Blade Dance","floor":31.0},{"not_picked":["Bane","Prepared+1"],"picked":"Accuracy+1","floor":32.0},{"not_picked":["Corpse Explosion","Die Die Die"],"picked":"A Thousand Cuts+1","floor":33.0},{"not_picked":["Cloak And Dagger","Dagger Throw"],"picked":"Accuracy+1","floor":35.0},{"not_picked":["Underhanded Strike+1","Concentrate+1","Cloak And Dagger+1"],"picked":"SKIP","floor":37.0},{"not_picked":["Venomology","PiercingWail+1","Noxious Fumes+1"],"picked":"SKIP","floor":40.0},{"not_picked":["Flying Knee+1","Eviscerate","Deflect"],"picked":"SKIP","floor":42.0},{"not_picked":["Endless Agony","Quick Slash+1","Well Laid Plans+1"],"picked":"Acrobatics+1","floor":44.0},{"not_picked":["Acrobatics+1","Caltrops+1","Underhanded Strike","Dagger Throw+1"],"picked":"SKIP","floor":45.0},{"not_picked":["Sucker Punch+1","A Thousand Cuts+1","Dagger Throw+1"],"picked":"Bullet Time","floor":47.0}],"player_experience":162967,"relics_obtained":[{"floor":6.0,"key":"Dream Catcher"},{"floor":8.0,"key":"Boot"},{"floor":9.0,"key":"Centennial Puzzle"},{"floor":10.0,"key":"Bag of Marbles"},{"floor":12.0,"key":"HornCleat"},{"floor":23.0,"key":"Oddly Smooth Stone"},{"floor":25.0,"key":"Pantograph"},{"floor":26.0,"key":"WingedGreaves"},{"floor":27.0,"key":"Happy Flower"},{"floor":30.0,"key":"Regal Pillow"},{"floor":31.0,"key":"Mercury Hourglass"},{"floor":34.0,"key":"Pen Nib"},{"floor":34.0,"key":"Ornamental Fan"},{"floor":34.0,"key":"Ginger"},{"floor":39.0,"key":"Dead Branch"},{"floor":40.0,"key":"Blood Vial"},{"floor":42.0,"key":"Question Card"},{"floor":43.0,"key":"CeramicFish"},{"floor":46.0,"key":"White Beast Statue"},{"floor":47.0,"key":"Paper Crane"}],"event_choices":[{"damage_healed":0.0,"max_hp_gain":0.0,"max_hp_loss":5.0,"gold_gain":0.0,"event_name":"Golden Idol","player_choice":"Lose Max HP","floor":2.0,"gold_loss":0.0,"damage_taken":0.0,"relics_obtained":["Golden Idol"]},{"damage_healed":0.0,"max_hp_gain":0.0,"max_hp_loss":0.0,"gold_gain":0.0,"event_name":"The Cleric","player_choice":"Leave","floor":5.0,"gold_loss":0.0,"damage_taken":0.0},{"damage_healed":0.0,"max_hp_gain":0.0,"max_hp_loss":0.0,"gold_gain":30.0,"event_name":"Dead Adventurer","player_choice":"Searched \u00272\u0027 times","floor":11.0,"gold_loss":0.0,"damage_taken":0.0},{"damage_healed":0.0,"max_hp_gain":0.0,"max_hp_loss":33.0,"gold_gain":0.0,"event_name":"Ghosts","player_choice":"Became a Ghost","floor":20.0,"gold_loss":0.0,"damage_taken":0.0,"cards_obtained":["Ghostly","Ghostly","Ghostly","Ghostly","Ghostly"]},{"damage_healed":0.0,"max_hp_gain":0.0,"max_hp_loss":0.0,"gold_gain":0.0,"event_name":"Addict","player_choice":"Obtained Relic","floor":21.0,"gold_loss":85.0,"damage_taken":0.0,"relics_obtained":["Lantern"]},{"damage_healed":0.0,"max_hp_gain":0.0,"max_hp_loss":0.0,"gold_gain":0.0,"event_name":"Match and Keep!","player_choice":"2 cards matched","floor":36.0,"gold_loss":0.0,"damage_taken":0.0,"cards_obtained":["Flash of Steel","Well Laid Plans"]},{"damage_healed":0.0,"max_hp_gain":0.0,"max_hp_loss":0.0,"gold_gain":0.0,"event_name":"MindBloom","player_choice":"Fight","floor":39.0,"gold_loss":0.0,"damage_taken":0.0},{"damage_healed":0.0,"max_hp_gain":0.0,"max_hp_loss":0.0,"gold_gain":0.0,"event_name":"Mysterious Sphere","player_choice":"Ignored","floor":48.0,"gold_loss":0.0,"damage_taken":0.0}],"is_beta":false,"boss_relics":[{"not_picked":["Runic Pyramid","Runic Dome"],"picked":"Pandora\u0027s Box"},{"not_picked":["Snecko Eye","Astrolabe"],"picked":"Calling Bell"}],"items_purged_floors":[38],"is_endless":false,"potions_floor_spawned":[3,6,7,10,19,27,30,33,37,39,47],"ascension_level":9}}