{"host":"mvlqq966zh3ccmv5","time":1607834213,"event":{"mods":["AchievementEnabler","BaseMod","DeckTracker","Minty Spire (QoL Compilation)","SuperFastMode"],"gold_per_floor":[118,129,229,245,258,285,295,295,295,305,38,50,75,87,87,187,187,199,210,210,125,143,143,178,192,269,269,297,297,310,71,71,174,174,192,202,53,65,78,78,112,112,139,149,149,162,172,188,188,188,188],"floor_reached":50,"playtime":1521,"items_purged":[],"score":1005,"play_id":"9a2d4b5d-92e9-4876-991d-aef68eaee889","local_time":"20201213133653","is_ascension_mode":true,"campfire_choices":[{"data":"Eruption","floor":8.0,"key":"SMITH"},{"data":"Adaptation","floor":15.0,"key":"SMITH"},{"data":"Vault","floor":23.0,"key":"SMITH"},{"data":"ClearTheMind","floor":27.0,"key":"SMITH"},{"floor":32.0,"key":"REST"},{"data":"TalkToTheHand","floor":40,"key":"SMITH"},{"data":"Vengeance","floor":42,"key":"SMITH"},{"data":"EmptyMind","floor":45,"key":"SMITH"},{"data":"Tantrum","floor":49,"key":"SMITH"}],"circlet_count":0,"master_deck":["AscendersBane","Strike_P","Strike_P","Strike_P","Strike_P","Defend_P","Defend_P","Defend_P","Defend_P+1","Eruption+1","Vigilance","Vengeance+1","EmptyBody","Tantrum+1","EmptyMind+1","Crescendo","Vault+1","Adaptation+1","FlurryOfBlows","Swivel+1","FlurryOfBlows","TalkToTheHand+1","Brilliance","ClearTheMind+1","DeusExMachina+1","Collect","BattleHymn+1","LessonLearned+1","ClearTheMind+1","CutThroughFate+1","Establishment+1","CrushJoints+1","ClearTheMind+1"],"relics":["PureWater","NeowsBlessing","TeardropLocket","Thread and Needle","Akabeko","Mercury Hourglass","VioletLotus","CaptainsWheel","Dream Catcher","Strawberry","Pear","Darkstone Periapt","Kunai","Philosopher\u0027s Stone","Membership Card","Eternal Feather","Damaru"],"acts_visited":["Exordium","TheCity","TheBeyond"],"potions_floor_usage":[33,39,44],"damage_taken":[{"damage":0.0,"enemies":"Jaw Worm","floor":1.0,"turns":1.0},{"damage":0.0,"enemies":"Cultist","floor":2.0,"turns":1.0},{"damage":0.0,"enemies":"Small Slimes","floor":4.0,"turns":2.0},{"damage":1.0,"enemies":"Looter","floor":5.0,"turns":3.0},{"damage":4.0,"enemies":"3 Sentries","floor":6.0,"turns":5.0},{"damage":10.0,"enemies":"Gremlin Gang","floor":7.0,"turns":4.0},{"damage":1.0,"enemies":"3 Louse","floor":10.0,"turns":3.0},{"damage":0.0,"enemies":"2 Fungi Beasts","floor":12.0,"turns":2.0},{"damage":0.0,"enemies":"Lagavulin","floor":13.0,"turns":4.0},{"damage":0.0,"enemies":"Red Slaver","floor":14.0,"turns":3.0},{"damage":21.0,"enemies":"Hexaghost","floor":16.0,"turns":11.0},{"damage":3.0,"enemies":"Chosen","floor":18.0,"turns":3.0},{"damage":0.0,"enemies":"3 Byrds","floor":19.0,"turns":4.0},{"damage":14.0,"enemies":"Centurion and Healer","floor":22.0,"turns":4.0},{"damage":3.0,"enemies":"Book of Stabbing","floor":24.0,"turns":4.0},{"damage":12.0,"enemies":"Snake Plant","floor":25.0,"turns":4.0},{"damage":25.0,"enemies":"Slavers","floor":28.0,"turns":3.0},{"damage":0.0,"enemies":"3 Cultists","floor":30.0,"turns":3.0},{"damage":0,"enemies":"Automaton","floor":33,"turns":7},{"damage":10,"enemies":"3 Shapes","floor":35,"turns":4},{"damage":0,"enemies":"Orb Walker","floor":36,"turns":4},{"damage":0,"enemies":"Sphere and 2 Shapes","floor":38,"turns":2},{"damage":16,"enemies":"3 Darklings","floor":39,"turns":3},{"damage":12,"enemies":"Reptomancer","floor":41,"turns":6},{"damage":9,"enemies":"Maw","floor":44,"turns":6},{"damage":0,"enemies":"Jaw Worm Horde","floor":46,"turns":3},{"damage":2,"enemies":"Writhing Mass","floor":47,"turns":3},{"damage":0,"enemies":"Maw","floor":48,"turns":6},{"damage":81,"enemies":"Awakened One","floor":50,"turns":6}],"seed_played":"-1638274757067066943","potions_obtained":[{"floor":1.0,"key":"PowerPotion"},{"floor":7.0,"key":"Strength Potion"},{"floor":10.0,"key":"Swift Potion"},{"floor":12.0,"key":"Fruit Juice"},{"floor":13.0,"key":"LiquidMemories"},{"floor":16.0,"key":"Weak Potion"},{"floor":24.0,"key":"CultistPotion"},{"floor":25.0,"key":"SteroidPotion"},{"floor":33,"key":"Ancient Potion"},{"floor":35,"key":"Energy Potion"},{"floor":36,"key":"Swift Potion"},{"floor":41,"key":"Explosive Potion"},{"floor":48,"key":"BottledMiracle"}],"is_trial":false,"path_per_floor":["M","M","?","M","M","E","M","R","T","M","$","M","E","M","R","B",null,"M","M","?","?","M","R","E","M","T","R","E","?","M","$","R","B",null,"M","M","$","M","M","R","E","R","T","M","R","M","M","M","R","B"],"character_chosen":"WATCHER","items_purchased":["Adaptation","FlurryOfBlows","Akabeko","Kunai","Membership Card"],"campfire_rested":1,"item_purchase_floors":[11,11,11,31,37],"current_hp_per_floor":[65,65,65,65,64,60,50,50,50,49,49,54,54,54,54,33,66,63,63,63,63,49,49,53,41,51,51,26,26,26,26,54,54,84,74,74,74,74,58,58,46,64,64,55,73,73,71,71,89,8,8],"gold":188,"neow_bonus":"THREE_ENEMY_KILL","is_daily":false,"chose_seed":false,"campfire_upgraded":8,"win_rate":0.0,"timestamp":1607834213,"path_taken":["M","M","?","M","M","E","M","R","T","?","$","M","E","M","R","BOSS","M","M","?","?","M","R","E","M","T","R","E","?","M","$","R","BOSS","M","M","$","?","M","R","E","R","T","M","R","M","M","M","R","BOSS"],"items_purchased_type":["Card","Card","Relic","Relic","Relic"],"build_version":"2020-11-30","purchased_purges":0,"victory":false,"max_hp_per_floor":[72,72,72,72,72,72,72,72,72,72,72,77,77,77,77,77,77,77,77,77,77,77,77,84,84,94,94,94,94,94,94,94,94,94,94,94,94,94,94,94,94,94,94,94,94,94,94,94,94,94,94],"card_choices":[{"not_picked":["Consecrate","Evaluate"],"picked":"Vengeance","floor":1.0},{"not_picked":["LikeWater","Pray"],"picked":"EmptyBody","floor":2.0},{"not_picked":["BowlingBash","CutThroughFate"],"picked":"Tantrum","floor":4.0},{"not_picked":["Meditate","ThirdEye"],"picked":"EmptyMind","floor":5.0},{"not_picked":["DeceiveReality","Sanctity"],"picked":"Crescendo","floor":6.0},{"not_picked":["CrushJoints","Wireheading","Pray"],"picked":"SKIP","floor":7.0},{"not_picked":["Prostrate","WaveOfTheHand"],"picked":"Vault","floor":10.0},{"not_picked":["Pray","Fasting2"],"picked":"Swivel","floor":12.0},{"not_picked":["Weave","FlyingSleeves"],"picked":"FlurryOfBlows","floor":13.0},{"not_picked":["EmptyFist","Crescendo"],"picked":"TalkToTheHand","floor":14.0},{"not_picked":["Alpha","MasterReality"],"picked":"Brilliance","floor":16.0},{"not_picked":["CutThroughFate","FollowUp"],"picked":"ClearTheMind","floor":18.0},{"not_picked":["CutThroughFate","Halt"],"picked":"DeusExMachina","floor":19.0},{"not_picked":["Protect","Prostrate","FollowUp"],"picked":"SKIP","floor":22.0},{"not_picked":["EmptyMind","EmptyFist","Evaluate+1"],"picked":"SKIP","floor":24.0},{"not_picked":["EmptyBody+1","Devotion","Nirvana+1"],"picked":"SKIP","floor":25.0},{"not_picked":["FollowUp","MasterReality","FlurryOfBlows"],"picked":"SKIP","floor":28.0},{"not_picked":["PathToVictory","Crescendo","EmptyFist"],"picked":"SKIP","floor":30.0},{"not_picked":["FlyingSleeves","BowlingBash+1"],"picked":"BattleHymn+1","floor":32.0},{"not_picked":["DeusExMachina","Ragnarok"],"picked":"LessonLearned","floor":33},{"not_picked":["ClearTheMind","CutThroughFate","SignatureMove+1"],"picked":"SKIP","floor":35},{"not_picked":["Collect+1","FlurryOfBlows+1"],"picked":"ClearTheMind+1","floor":36},{"not_picked":["Sanctity+1","EmptyBody"],"picked":"CutThroughFate+1","floor":38},{"not_picked":["EmptyFist+1","Fasting2+1","LikeWater"],"picked":"SKIP","floor":39},{"not_picked":["EmptyFist+1","WreathOfFlame","FollowUp"],"picked":"SKIP","floor":41},{"not_picked":["EmptyFist","DeceiveReality+1"],"picked":"Establishment","floor":44},{"not_picked":["Consecrate+1","Fasting2"],"picked":"CrushJoints+1","floor":46},{"not_picked":["InnerPeace","Vengeance+1"],"picked":"ClearTheMind+1","floor":47},{"not_picked":["ForeignInfluence","Crescendo+1","Pray+1"],"picked":"SKIP","floor":48}],"player_experience":201693,"relics_obtained":[{"floor":6.0,"key":"TeardropLocket"},{"floor":9.0,"key":"Thread and Needle"},{"floor":13.0,"key":"Mercury Hourglass"},{"floor":24.0,"key":"Strawberry"},{"floor":26.0,"key":"Pear"},{"floor":28.0,"key":"Darkstone Periapt"},{"floor":41,"key":"Eternal Feather"},{"floor":43,"key":"Damaru"}],"event_choices":[{"damage_healed":0.0,"max_hp_gain":0.0,"max_hp_loss":0.0,"gold_gain":100.0,"event_name":"Golden Shrine","player_choice":"Pray","floor":3.0,"gold_loss":0.0,"damage_taken":0.0},{"damage_healed":0.0,"max_hp_gain":0.0,"max_hp_loss":0.0,"gold_gain":0.0,"event_name":"The Mausoleum","player_choice":"Opened","floor":20.0,"gold_loss":0.0,"damage_taken":0.0,"relics_obtained":["CaptainsWheel"]},{"damage_healed":0.0,"max_hp_gain":0.0,"max_hp_loss":0.0,"gold_gain":0.0,"event_name":"Addict","player_choice":"Obtained Relic","floor":21.0,"gold_loss":85.0,"damage_taken":0.0,"relics_obtained":["Dream Catcher"]},{"damage_healed":0.0,"max_hp_gain":0.0,"max_hp_loss":0.0,"gold_gain":0.0,"event_name":"Match and Keep!","player_choice":"1 cards matched","floor":29.0,"gold_loss":0.0,"damage_taken":0.0,"cards_obtained":["Collect"]}],"is_beta":false,"boss_relics":[{"not_picked":["Black Star","Runic Dome"],"picked":"VioletLotus"},{"not_picked":["Coffee Dripper","Empty Cage"],"picked":"Philosopher\u0027s Stone"}],"items_purged_floors":[],"is_endless":false,"potions_floor_spawned":[1,7,10,12,13,16,18,19,24,25,33,35,36,41,48],"killed_by":"Awakened One","ascension_level":11}}