{"host":"9d83omykrosjn1d3","time":1607870743,"event":{"mods":["AchievementEnabler","BaseMod","BetterRewards","Card Forge","Hubris","MarisaÅiñ∂âJÅ@ñÇóùçπÅj","Minty Spire (QoL Compilation)","Permanent Neow","Shop Mod","StSLib","SuperFastMode"],"gold_per_floor":[110,126,126,136,61,96,127,127,127,127,162,162,189,206,206,301,301,319,319,144,144,171,199,229,262,262,291,79,113,128,158,158,258,258,275,275,197,216,243,276,303,329,329,355,385,385,385,417,417,417,417,417,32,59,59],"floor_reached":56,"playtime":3991,"items_purged":["BootSequence","Gash","Capacitor","Conserve Battery"],"score":1786,"play_id":"5bd723a0-72f2-433e-90df-b23dbf85021e","local_time":"20201213234543","daily_mods":["SealedDeck","Heirloom","Flight","DeadlyEvents","Elite Swarm"],"is_ascension_mode":false,"campfire_choices":[{"data":"Echo Form","floor":8,"key":"SMITH"},{"data":"Coolheaded","floor":10,"key":"SMITH"},{"data":"Coolheaded","floor":12,"key":"SMITH"},{"data":"Buffer","floor":15,"key":"SMITH"},{"data":"Double Energy","floor":32,"key":"SMITH"},{"data":"Recycle","floor":46,"key":"SMITH"},{"data":"Creative AI","floor":47,"key":"SMITH"},{"floor":49,"key":"RECALL"},{"data":"Madness","floor":52,"key":"SMITH"}],"circlet_count":0,"master_deck":["Adrenaline+1","Coolheaded+1","Capacitor","Self Repair","Double Energy+1","Biased Cognition","Echo Form+1","Buffer+1","Reboot","Core Surge","Seek","hubris:DoWhile","Madness+1","Defragment","Recycle+1","Creative AI+1"],"relics":["Cracked Core","Hammer of Thor","Seething Fire","Anvil of the Gods","DataDisk","hubris:MedicalManual","Bird Faced Urn","Pocketwatch","MutagenicStrength","MerchantsRug","Nloth\u0027s Gift","Ice Cream","Lizard Tail","Kunai","Dream Catcher","Ornamental Fan","Lantern","Runic Pyramid","hubris:TinFlute","hubris:TenFootPole","MealTicket","Bag of Preparation","Meat on the Bone","Mercury Hourglass","Toxic Egg 2","Centennial Puzzle","Shuriken","OrangePellets","Happy Flower","hubris:DuctTape"],"acts_visited":[],"potions_floor_usage":[11,44],"damage_taken":[{"damage":2,"enemies":"Cultist","floor":1,"turns":3},{"damage":0,"enemies":"Jaw Worm","floor":2,"turns":3},{"damage":0,"enemies":"2 Louse","floor":4,"turns":3},{"damage":12,"enemies":"Gremlin Nob","floor":6,"turns":4},{"damage":0,"enemies":"Lagavulin","floor":7,"turns":6},{"damage":6,"enemies":"3 Sentries","floor":11,"turns":5},{"damage":0,"enemies":"Lagavulin","floor":13,"turns":4},{"damage":18,"enemies":"Exordium Wildlife","floor":14,"turns":2},{"damage":0,"enemies":"The Guardian","floor":16,"turns":5},{"damage":0,"enemies":"Spheric Guardian","floor":18,"turns":3},{"damage":17,"enemies":"Gremlin Leader","floor":22,"turns":5},{"damage":28,"enemies":"Slavers","floor":23,"turns":5},{"damage":9,"enemies":"Gremlin Leader","floor":24,"turns":5},{"damage":5,"enemies":"Book of Stabbing","floor":25,"turns":6},{"damage":13,"enemies":"Gremlin Leader","floor":27,"turns":7},{"damage":12,"enemies":"Book of Stabbing","floor":29,"turns":6},{"damage":6,"enemies":"2 Thieves","floor":30,"turns":4},{"damage":22,"enemies":"Gremlin Leader","floor":31,"turns":6},{"damage":6,"enemies":"hubris:MusketHawk","floor":33,"turns":4},{"damage":3,"enemies":"3 Shapes","floor":35,"turns":4},{"damage":0,"enemies":"Orb Walker","floor":38,"turns":5},{"damage":13,"enemies":"Giant Head","floor":39,"turns":2},{"damage":46,"enemies":"Reptomancer","floor":40,"turns":5},{"damage":9,"enemies":"Giant Head","floor":41,"turns":5},{"damage":18,"enemies":"Nemesis","floor":42,"turns":5},{"damage":55,"enemies":"Reptomancer","floor":44,"turns":7},{"damage":0,"enemies":"Giant Head","floor":45,"turns":6},{"damage":26,"enemies":"Nemesis","floor":48,"turns":7},{"damage":34,"enemies":"Time Eater","floor":50,"turns":8},{"damage":29,"enemies":"Shield and Spear","floor":54,"turns":4},{"damage":31,"enemies":"The Heart","floor":55,"turns":7}],"seed_played":"314147337828605823","potions_obtained":[{"floor":1,"key":"Fire Potion"},{"floor":6,"key":"Ancient Potion"},{"floor":11,"key":"SneckoOil"},{"floor":13,"key":"Explosive Potion"},{"floor":22,"key":"SpeedPotion"},{"floor":24,"key":"Ancient Potion"},{"floor":29,"key":"LiquidBronze"},{"floor":31,"key":"CultistPotion"},{"floor":33,"key":"EssenceOfDarkness"},{"floor":38,"key":"SpeedPotion"},{"floor":39,"key":"Energy Potion"},{"floor":40,"key":"SmokeBomb"},{"floor":44,"key":"SteroidPotion"}],"is_trial":true,"path_per_floor":["M","M","T","M","$","E","E","R","T","R","E","R","E","M","R","B",null,"M","?","$","?","E","E","E","E","T","E","$","E","M","E","R","B",null,"M","?","$","M","E","E","E","E","T","E","E","R","R","E","R","B",null,"R","$","E","B",null],"character_chosen":"DEFECT","items_purchased":["MerchantsRug","Madness","Defragment","Recycle","hubris:TinFlute","OrangePellets","Happy Flower"],"campfire_rested":0,"item_purchase_floors":[20,28,28,28,37,53,53],"current_hp_per_floor":[75,75,85,85,85,80,85,85,85,85,85,85,85,69,69,85,85,85,85,85,85,85,72,84,85,85,92,92,92,92,87,87,92,92,92,92,92,92,86,59,71,72,72,62,91,91,91,85,85,76,92,92,92,84,92],"gold":59,"neow_bonus":"","is_daily":false,"chose_seed":false,"campfire_upgraded":8,"win_rate":0.0,"timestamp":1607870743,"path_taken":["M","?","?","?","$","E","E","R","T","R","E","R","E","M","R","BOSS","M","?","$","?","?","E","E","E","T","E","$","E","?","E","R","BOSS","M","?","$","?","?","E","E","E","T","E","E","R","R","E","R","BOSS","R","$","E","BOSS"],"items_purchased_type":["Relic","Card","Card","Card","Relic","Relic","Relic"],"build_version":"2020-11-30","purchased_purges":4,"victory":true,"max_hp_per_floor":[75,75,85,85,85,85,85,85,85,85,85,85,85,85,85,85,85,85,85,85,85,85,85,85,85,85,92,92,92,92,92,92,92,92,92,92,92,92,92,92,92,92,92,92,92,92,92,92,92,92,92,92,92,92,92],"card_choices":[{"not_picked":["Hologram","Steam","Leap"],"picked":"SKIP","floor":1},{"not_picked":["Conserve Battery","Hologram","Beam Cell"],"picked":"SKIP","floor":2},{"not_picked":["Barrage","Go for the Eyes","Darkness"],"picked":"SKIP","floor":4},{"not_picked":["Fission","Machine Learning"],"picked":"Biased Cognition","floor":6},{"not_picked":["hubris:DoWhile","Seek"],"picked":"Echo Form","floor":7},{"not_picked":["hubris:Prefetch","All For One","Biased Cognition"],"picked":"SKIP","floor":11},{"not_picked":["Electrodynamics","Machine Learning"],"picked":"Buffer","floor":13},{"not_picked":["Auto Shields","Redo","Sweeping Beam"],"picked":"SKIP","floor":14},{"not_picked":["All For One","Meteor Strike"],"picked":"Reboot","floor":16},{"not_picked":["Hologram","Gash","BootSequence"],"picked":"SKIP","floor":18},{"not_picked":["Seek","Hyperbeam"],"picked":"Core Surge","floor":22},{"not_picked":["Reboot","hubris:SpecializedCircuitry"],"picked":"Seek","floor":23},{"not_picked":["Core Surge","hubris:SpecializedCircuitry"],"picked":"hubris:DoWhile","floor":24},{"not_picked":["Reboot","Machine Learning","Thunder Strike"],"picked":"SKIP","floor":25},{"not_picked":["hubris:Prefetch","All For One","Reboot"],"picked":"SKIP","floor":27},{"not_picked":["Electrodynamics","Fission","Multi-Cast"],"picked":"SKIP","floor":29},{"not_picked":["Sweeping Beam","Undo","Conserve Battery"],"picked":"SKIP","floor":30},{"not_picked":["Reboot","Core Surge","Fission"],"picked":"SKIP","floor":31},{"not_picked":["Steam Power","Redo","Steam+1"],"picked":"SKIP","floor":35},{"not_picked":["Ball Lightning","Gash","hubris:Ukulele"],"picked":"SKIP","floor":38},{"not_picked":["hubris:DoWhile","Core Surge","Buffer"],"picked":"SKIP","floor":39},{"not_picked":["Fission","hubris:SpecializedCircuitry","Echo Form"],"picked":"SKIP","floor":40},{"not_picked":["hubris:Prefetch","Core Surge","Reboot"],"picked":"SKIP","floor":41},{"not_picked":["Machine Learning","Electrodynamics"],"picked":"Creative AI","floor":42},{"not_picked":["Hyperbeam","Electrodynamics","All For One"],"picked":"SKIP","floor":44},{"not_picked":["Multi-Cast+1","All For One","hubris:Prefetch+1"],"picked":"SKIP","floor":45},{"not_picked":["Fission+1","Rainbow+1","Thunder Strike"],"picked":"SKIP","floor":48},{"not_picked":["Rainbow+1","Creative AI","Machine Learning"],"picked":"SKIP","floor":54}],"player_experience":549025,"relics_obtained":[{"floor":3,"key":"Pear"},{"floor":6,"key":"DataDisk"},{"floor":7,"key":"hubris:MedicalManual"},{"floor":9,"key":"hubris:CrystalStatue"},{"floor":11,"key":"Bird Faced Urn"},{"floor":13,"key":"Pocketwatch"},{"floor":22,"key":"Ice Cream"},{"floor":23,"key":"Lizard Tail"},{"floor":24,"key":"Kunai"},{"floor":25,"key":"Dream Catcher"},{"floor":27,"key":"Strawberry"},{"floor":29,"key":"Ornamental Fan"},{"floor":31,"key":"Lantern"},{"floor":39,"key":"hubris:TenFootPole"},{"floor":40,"key":"MealTicket"},{"floor":41,"key":"Bag of Preparation"},{"floor":42,"key":"Meat on the Bone"},{"floor":43,"key":"Mercury Hourglass"},{"floor":44,"key":"Toxic Egg 2"},{"floor":45,"key":"Centennial Puzzle"},{"floor":48,"key":"Shuriken"},{"floor":54,"key":"hubris:DuctTape"}],"event_choices":[{"damage_healed":0,"gold_gain":0,"player_choice":"Inject Mutagens","damage_taken":0,"relics_obtained":["MutagenicStrength"],"max_hp_gain":0,"max_hp_loss":0,"event_name":"Drug Dealer","floor":19,"gold_loss":0},{"damage_healed":0,"gold_gain":0,"player_choice":"Traded Relic","damage_taken":0,"relics_obtained":["Nloth\u0027s Gift"],"max_hp_gain":0,"max_hp_loss":0,"event_name":"N\u0027loth","floor":21,"relics_lost":["hubris:Stopwatch"],"gold_loss":0},{"damage_healed":0,"gold_gain":0,"player_choice":"Memory 1","damage_taken":0,"max_hp_gain":0,"max_hp_loss":0,"event_name":"SensoryStone","floor":36,"gold_loss":0}],"is_beta":false,"boss_relics":[{"not_picked":["SacredBark","Fusion Hammer"],"picked":"hubris:Stopwatch"},{"not_picked":["Tiny House","Snecko Eye"],"picked":"Runic Pyramid"}],"items_purged_floors":[5,20,28,53],"is_endless":false,"potions_floor_spawned":[1,6,11,13,14,22,24,29,31,33,38,39,40,41,44],"ascension_level":0}}