{"host":"sav7uxregyirlf69","time":1607861509,"event":{"mods":["AchievementEnabler","BaseMod","Colored Map","DeckTracker","Hermit","Keyboard Shortcuts","Minty Spire (QoL Compilation)","READ ME - Guardian Mod","StSLib","SuperFastMode"],"gold_per_floor":[113,113,125,400,411,436,436,464,489,563,367,384,384,401,401,506,506,526,451,195,294,305,331,331,345,345,345,345],"floor_reached":27,"playtime":603,"items_purged":["hermit:Strike_Hermit","Regret"],"score":301,"play_id":"48d357a5-c84e-4c0e-8970-ba56c7c3d91b","local_time":"20201213211149","is_ascension_mode":true,"campfire_choices":[{"data":"hermit:Combo","floor":7,"key":"SMITH"},{"floor":15,"key":"REST"},{"floor":24,"key":"REST"}],"circlet_count":0,"master_deck":["hermit:Strike_Hermit","hermit:Strike_Hermit+1","hermit:Defend_Hermit+1","hermit:Defend_Hermit","hermit:Defend_Hermit+1","hermit:Snapshot+1","hermit:Covet+1","hermit:Brawl+1","hermit:Combo+1","hermit:CalledShot","hermit:TrackingShot","hermit:Ricochet","hermit:Vantage","hermit:Enervate","Injury"],"relics":["hermit:Momento","Centennial Puzzle","Orichalcum","Whetstone","Cursed Key","War Paint","Lantern","Mercury Hourglass"],"acts_visited":["Exordium","TheCity"],"potions_floor_usage":[8,11,16,27],"damage_taken":[{"damage":3.0,"enemies":"Jaw Worm","floor":1.0,"turns":4.0},{"damage":7.0,"enemies":"Small Slimes","floor":3.0,"turns":3.0},{"damage":0,"enemies":"Cultist","floor":5,"turns":3},{"damage":16,"enemies":"Lagavulin","floor":6,"turns":6},{"damage":26,"enemies":"3 Sentries","floor":8,"turns":5},{"damage":0,"enemies":"Blue Slaver","floor":12,"turns":3},{"damage":0,"enemies":"Large Slime","floor":14,"turns":3},{"damage":10,"enemies":"Slime Boss","floor":16,"turns":7},{"damage":7,"enemies":"Chosen","floor":18,"turns":4},{"damage":0,"enemies":"2 Thieves","floor":22,"turns":2},{"damage":35,"enemies":"Book of Stabbing","floor":23,"turns":6},{"damage":11,"enemies":"3 Cultists","floor":25,"turns":5},{"damage":33,"enemies":"Slavers","floor":27,"turns":3}],"seed_played":"-4282968710697409624","potions_obtained":[{"floor":1.0,"key":"SpeedPotion"},{"floor":6,"key":"SkillPotion"},{"floor":8,"key":"hermit:BlackBile"},{"floor":12,"key":"Strength Potion"},{"floor":14,"key":"Ancient Potion"},{"floor":23,"key":"SteroidPotion"}],"is_trial":false,"path_per_floor":["M","?","M","?","M","E","R","E","T","?","$","M","?","M","R","B",null,"M","?","$","?","M","E","R","M","T","E"],"character_chosen":"HERMIT","items_purchased":["Fruit Juice","hermit:Ricochet","War Paint"],"campfire_rested":2,"item_purchase_floors":[11,11,20],"current_hp_per_floor":[65,51,44,44,44,28,28,2,2,2,7,7,25,25,46,36,64,57,57,57,57,57,22,43,32,32,0,0],"gold":345,"neow_bonus":"REMOVE_TWO","is_daily":false,"chose_seed":false,"campfire_upgraded":1,"win_rate":0.0,"timestamp":1607861509,"path_taken":["M","?","M","?","?","E","R","E","T","?","$","M","?","M","R","BOSS","M","?","$","?","M","E","R","M","T","E"],"items_purchased_type":["Potion","Card","Relic"],"build_version":"2020-11-30","purchased_purges":2,"victory":false,"max_hp_per_floor":[68,68,68,68,68,68,68,68,68,68,73,73,73,73,73,73,73,73,70,70,70,70,70,70,70,70,70,70],"card_choices":[{"not_picked":["hermit:Maintenance","hermit:Manifest"],"picked":"hermit:Brawl","floor":1.0},{"not_picked":["hermit:TrackingShot","hermit:TakeCover"],"picked":"hermit:Combo","floor":3},{"not_picked":["hermit:Glare","hermit:CursedWeapon","hermit:GhostlyPresence"],"picked":"SKIP","floor":5},{"not_picked":["hermit:DeadMansHand","hermit:Malice"],"picked":"hermit:CalledShot","floor":6},{"not_picked":["hermit:BigShot","hermit:Combo"],"picked":"hermit:TrackingShot","floor":8},{"not_picked":["hermit:Gestalt","hermit:Quickdraw","hermit:WideOpen"],"picked":"SKIP","floor":12},{"not_picked":["hermit:Maintenance","hermit:GhostlyPresence"],"picked":"hermit:Vantage","floor":14},{"not_picked":["hermit:Feint","hermit:Brawl","hermit:TrackingShot"],"picked":"SKIP","floor":18},{"not_picked":["hermit:HighCaliber","hermit:LowProfile","hermit:GoldenBullet"],"picked":"SKIP","floor":22},{"not_picked":["hermit:HighCaliber","hermit:LowProfile","hermit:GoldenBullet"],"picked":"SKIP","floor":22},{"not_picked":["hermit:CalledShot+1","hermit:LowProfile"],"picked":"hermit:Enervate","floor":23},{"not_picked":["hermit:Maintenance","hermit:Headshot+1","hermit:Combo"],"picked":"SKIP","floor":25}],"player_experience":931068,"relics_obtained":[{"floor":6,"key":"Centennial Puzzle"},{"floor":8,"key":"Orichalcum"},{"floor":9,"key":"Whetstone"},{"floor":23,"key":"Lantern"},{"floor":26,"key":"Mercury Hourglass"}],"event_choices":[{"damage_healed":0.0,"max_hp_gain":0.0,"max_hp_loss":0.0,"gold_gain":0.0,"event_name":"Shining Light","player_choice":"Entered Light","floor":2.0,"gold_loss":0.0,"damage_taken":14.0,"cards_upgraded":["hermit:Defend_Hermit","hermit:Brawl"]},{"damage_healed":0,"gold_gain":275,"player_choice":"Desecrate","damage_taken":0,"max_hp_gain":0,"max_hp_loss":0,"event_name":"Golden Shrine","floor":4,"gold_loss":0,"cards_obtained":["Regret"]},{"damage_healed":0,"gold_gain":74,"player_choice":"Gained Gold","damage_taken":0,"max_hp_gain":0,"max_hp_loss":0,"event_name":"Golden Wing","floor":10,"gold_loss":0},{"damage_healed":18,"gold_gain":0,"player_choice":"Healed and dodged fight","damage_taken":0,"max_hp_gain":0,"max_hp_loss":0,"event_name":"Mushrooms","floor":13,"gold_loss":0,"cards_obtained":["Parasite"]},{"cards_removed":["Parasite"],"damage_healed":0,"gold_gain":0,"player_choice":"Gave Gold","damage_taken":0,"max_hp_gain":0,"max_hp_loss":0,"event_name":"Beggar","floor":19,"gold_loss":75},{"damage_healed":0,"gold_gain":99,"player_choice":"Stole From Cult","damage_taken":0,"max_hp_gain":0,"max_hp_loss":0,"event_name":"Nest","floor":21,"gold_loss":0}],"is_beta":false,"boss_relics":[{"not_picked":["Tiny House","Busted Crown"],"picked":"Cursed Key"}],"items_purged_floors":[11,20],"is_endless":false,"potions_floor_spawned":[1,6,8,12,14,23],"killed_by":"Slavers","ascension_level":5}}