{"host":"w4b7hmige5bnqipq","time":1607863797,"event":{"mods":["BaseMod","Minty Spire (QoL Compilation)","Rare Cards Sparkle","SuperFastMode","everything is the same but u backflip on backflip","slay the spire mod where everything is the same but ironclad has a cowboy hat"],"gold_per_floor":[110,210,135,153,172,198,198,228,253,273,291,291,45,120,120,198,198,218,93,58,58,69,69,69],"floor_reached":23,"playtime":831,"items_purged":["Defend_R","Strike_R","Strike_R"],"score":332,"play_id":"9d28dac5-36e2-4af1-aac6-cbe94beed1f7","local_time":"20201213204957","is_ascension_mode":true,"campfire_choices":[{"data":"Rampage","floor":7.0,"key":"SMITH"},{"data":"Berserk","floor":12,"key":"SMITH"},{"floor":15,"key":"REST"}],"circlet_count":0,"master_deck":["AscendersBane","Strike_R","Strike_R","Defend_R","Defend_R","Defend_R","Bash","Shrug It Off","Rampage+1","Flex","Evolve","Berserk+1","Demon Form","Reaper","CurseOfTheBell","Whirlwind","Burning Pact"],"relics":["Burning Blood","Vajra","Bag of Preparation","Toy Ornithopter","MealTicket","Calling Bell","Juzu Bracelet","Letter Opener","Lizard Tail"],"acts_visited":["Exordium","TheCity"],"potions_floor_usage":[8,16,18,20,23],"damage_taken":[{"damage":8.0,"enemies":"2 Louse","floor":1.0,"turns":3.0},{"damage":6.0,"enemies":"Cultist","floor":4.0,"turns":4.0},{"damage":7.0,"enemies":"Jaw Worm","floor":5.0,"turns":5.0},{"damage":39.0,"enemies":"3 Sentries","floor":6.0,"turns":9.0},{"damage":32,"enemies":"Gremlin Nob","floor":8,"turns":4},{"damage":1,"enemies":"Exordium Wildlife","floor":10,"turns":3},{"damage":2,"enemies":"Large Slime","floor":11,"turns":6},{"damage":31,"enemies":"Slime Boss","floor":16,"turns":7},{"damage":19,"enemies":"Spheric Guardian","floor":18,"turns":4},{"damage":31,"enemies":"2 Thieves","floor":20,"turns":5},{"damage":61,"enemies":"Centurion and Healer","floor":22,"turns":6},{"damage":81,"enemies":"Book of Stabbing","floor":23,"turns":5}],"seed_played":"-679557902618260276","potions_obtained":[{"floor":6.0,"key":"PowerPotion"},{"floor":8,"key":"Dexterity Potion"},{"floor":10,"key":"ElixirPotion"},{"floor":16,"key":"DistilledChaos"},{"floor":18,"key":"HeartOfIron"}],"is_trial":false,"path_per_floor":["M","?","$","M","M","E","R","E","T","M","M","R","$","?","R","B",null,"M","$","M","?","M","E"],"character_chosen":"IRONCLAD","items_purchased":["MealTicket"],"campfire_rested":1,"item_purchase_floors":[13],"current_hp_per_floor":[70,70,70,70,69,36,36,10,10,15,19,19,19,8,32,12,63,66,80,65,65,32,0,0],"gold":69,"neow_bonus":"REMOVE_CARD","is_daily":false,"chose_seed":false,"campfire_upgraded":2,"win_rate":0.0,"timestamp":1607863797,"path_taken":["M","?","$","?","M","E","R","E","T","M","M","R","$","?","R","BOSS","M","$","M","?","M","E"],"items_purchased_type":["Relic"],"build_version":"2020-11-30","purchased_purges":3,"victory":false,"max_hp_per_floor":[80,80,80,80,80,80,80,80,80,80,80,80,80,80,80,80,80,80,80,80,80,80,80,80],"card_choices":[{"not_picked":["Flex","Sword Boomerang"],"picked":"Shrug It Off","floor":1.0},{"not_picked":["Twin Strike","Rupture"],"picked":"Rampage","floor":4.0},{"not_picked":["Warcry","Wild Strike"],"picked":"Flex","floor":5.0},{"not_picked":["Exhume","Cleave"],"picked":"Evolve","floor":6.0},{"not_picked":["Sentinel","Second Wind"],"picked":"Berserk","floor":8},{"not_picked":["Havoc","Disarm","Thunderclap"],"picked":"SKIP","floor":10},{"not_picked":["Perfected Strike","Thunderclap"],"picked":"Demon Form","floor":11},{"not_picked":["Offering","Berserk"],"picked":"Reaper","floor":16},{"not_picked":["Uppercut","True Grit","Clash"],"picked":"SKIP","floor":18},{"not_picked":["Clash","Flex"],"picked":"Whirlwind","floor":20},{"not_picked":["Flex","Armaments","True Grit"],"picked":"SKIP","floor":22}],"player_experience":388621,"relics_obtained":[{"floor":6.0,"key":"Vajra"},{"floor":8,"key":"Bag of Preparation"},{"floor":9,"key":"Toy Ornithopter"},{"floor":17,"key":"Juzu Bracelet"},{"floor":17,"key":"Letter Opener"},{"floor":17,"key":"Lizard Tail"}],"event_choices":[{"damage_healed":0.0,"max_hp_gain":0.0,"max_hp_loss":0.0,"gold_gain":100.0,"event_name":"Wheel of Change","player_choice":"Gold","floor":2.0,"gold_loss":0.0,"damage_taken":0.0},{"damage_healed":0,"gold_gain":75,"player_choice":"Gather Gold","damage_taken":11,"max_hp_gain":0,"max_hp_loss":0,"event_name":"World of Goop","floor":14,"gold_loss":0},{"damage_healed":0,"gold_gain":0,"player_choice":"Read","damage_taken":0,"max_hp_gain":0,"max_hp_loss":0,"event_name":"The Library","floor":21,"gold_loss":0,"cards_obtained":["Burning Pact"]}],"is_beta":false,"boss_relics":[{"not_picked":["Coffee Dripper","Astrolabe"],"picked":"Calling Bell"}],"items_purged_floors":[3,13,19],"is_endless":false,"potions_floor_spawned":[6,8,10,16,18],"killed_by":"Book of Stabbing","ascension_level":13}}