{"host":"kqqjvufdj6ouyvqb","time":1607851901,"event":{"mods":["BaseMod","HololiveMod","LagranYue(拉格朗・月)","Lobotomy","LobotomyExtend","Minty Spire (QoL Compilation)","Prisma Mod","Quick Restart","Replay The Spire","Shop Mod","StSLib","WarShipGirlsR/战舰少女R mod","[IsaacMod]以撒尖塔"],"gold_per_floor":[114,114,114,154,154,184,34,34,34,64,139,89,104,119,119,219,219,234,249,299,299,214,214,244,244,244],"floor_reached":25,"playtime":918,"items_purged":[],"score":252,"play_id":"e85f2077-cb93-4ce9-8fc5-e2f6168d72b1","local_time":"20201213173141","daily_mods":["Specialized","Red Cards","Binary"],"is_ascension_mode":false,"campfire_choices":[{"data":"rmod:basicallowance","floor":8,"key":"SMITH"},{"data":"rmod:diaomin","floor":23,"key":"SMITH"}],"circlet_count":0,"master_deck":["rmod:basicallowance+1","rmod:maingunfire","BettingIsNotGood","rmod:aggressivemary","rmod:aggressivemary","rmod:aggressivemary","rmod:aggressivemary","rmod:intelligenceanalysis","rmod:luckystar","rmod:generalist","rmod:lastglory+1","rmod:tearstotiara","rmod:diaomin+1","rmod:fletcher+1","rmod:goodsister+1","rmod:windflower+1","rmod:launchingtorpedo+1","rmod:diaomin+1","rmod:seals+1","rmod:luckystar+1","rmod:gendarmerie+1","rmod:lastglory+1","Hallucinations","rmod:saltedfish+1"],"relics":["rmod:firstchargereward","HushsDoor","GuppysTail","LetterFromLob","WarpedTongs","Orichalcum","Blue Doll","UnicornStump","Golden Egg","SharpPlug","Potion Belt","Pandora\u0027s Box","MomsKnife","Ring of Misfortune","Ring of Greed","Membership Card","Replay:Wax Seal","TuHaoJin","Quantum Egg"],"acts_visited":["Exordium","TheCity"],"potions_floor_usage":[16,16],"damage_taken":[{"damage":3,"enemies":"Small Slimes","floor":1,"turns":5},{"damage":8,"enemies":"Cultist","floor":4,"turns":3},{"damage":34,"enemies":"Lagavulin","floor":6,"turns":7},{"damage":5,"enemies":"3 Sentries","floor":10,"turns":3},{"damage":0,"enemies":"2 Louse","floor":13,"turns":2},{"damage":7,"enemies":"Exordium Thugs","floor":14,"turns":4},{"damage":5,"enemies":"The Guardian","floor":16,"turns":10},{"damage":6,"enemies":"Chosen","floor":18,"turns":3},{"damage":1,"enemies":"Shell Parasite","floor":19,"turns":4},{"damage":27,"enemies":"Gremlin Leader","floor":24,"turns":5},{"damage":12,"enemies":"Shelled Parasite and Fungi","floor":25,"turns":1}],"seed_played":"4834798368356638827","potions_obtained":[{"floor":1,"key":"Dexterity Potion"},{"floor":4,"key":"SkillPotion"},{"floor":14,"key":"Swift Potion"},{"floor":16,"key":"Elixir"},{"floor":18,"key":"SpeedPotion"}],"is_trial":false,"path_per_floor":["M","?","?","M","?","E","$","R","T","E","T","?","M","M","R","B",null,"M","M","?","?","?","R","E","M"],"character_chosen":"PRAEFECT","items_purchased":["Blue Doll","MomsKnife"],"campfire_rested":0,"item_purchase_floors":[7,17],"current_hp_per_floor":[72,75,75,67,67,33,33,33,33,28,28,28,28,21,6,6,43,37,36,36,36,36,36,9,0,0],"gold":244,"neow_bonus":"","is_daily":true,"chose_seed":false,"campfire_upgraded":2,"win_rate":0.0,"timestamp":1607851901,"path_taken":["M","?","?","?","?","E","?","R","T","E","?","?","M","M","R","BOSS","M","M","?","?","?","R","E","M"],"items_purchased_type":["Relic","Relic"],"build_version":"2020-11-30","purchased_purges":0,"victory":false,"max_hp_per_floor":[75,75,75,75,75,75,75,75,75,75,75,75,75,75,75,75,43,43,43,43,43,43,43,43,43,43],"card_choices":[{"not_picked":[],"picked":"BettingIsNotGood","floor":0},{"not_picked":["rmod:aggressivemary"],"picked":"rmod:intelligenceanalysis","floor":1},{"not_picked":["rmod:aggressivemary"],"picked":"rmod:luckystar","floor":4},{"not_picked":["rmod:bulid"],"picked":"rmod:generalist","floor":6},{"not_picked":["rmod:steelsupply"],"picked":"rmod:lastglory","floor":10},{"not_picked":["rmod:heivgo"],"picked":"rmod:tearstotiara","floor":13},{"not_picked":["rmod:lonelyqueen"],"picked":"rmod:diaomin","floor":14},{"not_picked":["rmod:expeditionaryescort"],"picked":"rmod:fletcher","floor":16},{"not_picked":["rmod:tearstotiara+1","rmod:intelligenceanalysis+1"],"picked":"SKIP","floor":18},{"not_picked":["rmod:lonelyqueen","rmod:highspeedshooting+1"],"picked":"SKIP","floor":19},{"not_picked":["rmod:ammunitionsupply"],"picked":"rmod:saltedfish","floor":24}],"player_experience":186247,"relics_obtained":[{"floor":1,"key":"LetterFromLob"},{"floor":6,"key":"Orichalcum"},{"floor":9,"key":"UnicornStump"},{"floor":10,"key":"Golden Egg"},{"floor":11,"key":"SharpPlug"},{"floor":20,"key":"Ring of Misfortune"},{"floor":20,"key":"Ring of Greed"},{"floor":20,"key":"Membership Card"},{"floor":20,"key":"Replay:Wax Seal"},{"floor":24,"key":"Quantum Egg"}],"event_choices":[{"cards_removed":["rmod:aggressivemary"],"damage_healed":3,"gold_gain":0,"player_choice":"Offered Uncommon","damage_taken":0,"max_hp_gain":0,"max_hp_loss":0,"event_name":"Bonfire Elementals","floor":2,"gold_loss":0},{"damage_healed":0,"gold_gain":0,"player_choice":"Rummage","damage_taken":0,"relics_obtained":["WarpedTongs"],"max_hp_gain":0,"max_hp_loss":0,"event_name":"Accursed Blacksmith","floor":3,"gold_loss":0,"cards_obtained":["Pain"]},{"damage_healed":0,"gold_gain":0,"player_choice":"Cursed","damage_taken":0,"max_hp_gain":0,"max_hp_loss":0,"event_name":"Wheel of Change","floor":5,"gold_loss":0,"cards_obtained":["Decay"]},{"cards_removed":["Pain"],"damage_healed":0,"gold_gain":0,"player_choice":"Card Removal","damage_taken":0,"max_hp_gain":0,"max_hp_loss":0,"event_name":"The Cleric","floor":12,"gold_loss":50},{"cards_removed":["Decay"],"damage_healed":0,"gold_gain":0,"player_choice":"Elegance","damage_taken":0,"max_hp_gain":0,"max_hp_loss":0,"event_name":"Back to Basics","floor":21,"gold_loss":0},{"damage_healed":0,"gold_gain":0,"player_choice":"Obtained Relic","damage_taken":0,"relics_obtained":["TuHaoJin"],"max_hp_gain":0,"max_hp_loss":0,"event_name":"Addict","floor":22,"gold_loss":85}],"is_beta":false,"boss_relics":[{"not_picked":["Replay:Grab Bag","Hololive_ChaosS"],"picked":"Pandora\u0027s Box"},{"not_picked":[]}],"items_purged_floors":[],"is_endless":false,"potions_floor_spawned":[1,4,14,16,18],"killed_by":"Shelled Parasite and Fungi","ascension_level":0}}