{"host":"c812qoujjugqqx2v","time":1607895315,"event":{"mods":["BaseMod","Better Altar","Better Match","Better Note","Better Skull","Better Third Choice","Curses Come First","Custom Start","Highlight Path","Minty Spire (QoL Compilation)","Permanent Neow","StSLib"],"gold_per_floor":[366,441,441,454,473,507,507,527,527,547,561,572,590,608,608,608,608],"floor_reached":16,"playtime":974,"items_purged":[],"score":133,"play_id":"4e9c391a-fcf1-40d2-9850-afb554fbb5d1","local_time":"20201213163515","is_ascension_mode":false,"campfire_choices":[{"floor":7,"key":"RECALL"},{"floor":15,"key":"REST"}],"circlet_count":0,"master_deck":["Strike_P","Strike_P","Strike_P","Strike_P","Defend_P","Defend_P","Defend_P","Defend_P","Eruption+1","Vigilance","Regret","Wallop","Nirvana","Meditate","Consecrate","FollowUp","ClearTheMind","EmptyFist","FlurryOfBlows","MentalFortress","FollowUp"],"relics":["PureWater","Pen Nib"],"acts_visited":["Exordium"],"potions_floor_usage":[6,6,8,8,16],"damage_taken":[{"damage":9,"enemies":"Jaw Worm","floor":1,"turns":4},{"damage":0,"enemies":"Cultist","floor":4,"turns":2},{"damage":0,"enemies":"2 Louse","floor":5,"turns":2},{"damage":4,"enemies":"Lagavulin","floor":6,"turns":4},{"damage":6,"enemies":"Large Slime","floor":8,"turns":4},{"damage":12,"enemies":"3 Louse","floor":10,"turns":2},{"damage":0,"enemies":"Blue Slaver","floor":11,"turns":2},{"damage":12,"enemies":"Exordium Wildlife","floor":12,"turns":3},{"damage":6,"enemies":"Looter","floor":13,"turns":3},{"damage":10,"enemies":"Large Slime","floor":14,"turns":3},{"damage":23,"enemies":"The Guardian","floor":16,"turns":3}],"seed_played":"6111971758107608201","potions_obtained":[{"floor":1,"key":"Strength Potion"},{"floor":4,"key":"SneckoOil"},{"floor":5,"key":"SkillPotion"},{"floor":6,"key":"Explosive Potion"},{"floor":11,"key":"AttackPotion"}],"is_trial":false,"path_per_floor":["M","?","?","M","M","E","R","M","T","M","M","M","M","M","R","B"],"character_chosen":"WATCHER","items_purchased":[],"campfire_rested":1,"item_purchase_floors":[],"current_hp_per_floor":[63,52,52,52,52,48,48,42,42,30,30,18,12,2,23,0,0],"gold":608,"neow_bonus":"TWO_FIFTY_GOLD","is_daily":false,"chose_seed":false,"campfire_upgraded":0,"win_rate":0.0,"timestamp":1607895315,"path_taken":["M","?","?","M","M","E","R","M","T","M","M","M","M","?","R","BOSS"],"items_purchased_type":[],"build_version":"2020-11-30","purchased_purges":0,"victory":false,"max_hp_per_floor":[72,72,72,72,72,72,72,72,72,72,72,72,72,72,72,72,72],"card_choices":[{"not_picked":["EmptyFist","CutThroughFate"],"picked":"Wallop","floor":1},{"not_picked":["Protect","ReachHeaven"],"picked":"Nirvana","floor":4},{"not_picked":["ThirdEye","WreathOfFlame"],"picked":"Meditate","floor":5},{"not_picked":["ThirdEye","Judgement"],"picked":"Consecrate","floor":6},{"not_picked":["PathToVictory","Prostrate"],"picked":"FollowUp","floor":8},{"not_picked":["Prostrate","Worship"],"picked":"ClearTheMind","floor":10},{"not_picked":["Conclude","InnerPeace"],"picked":"EmptyFist","floor":11},{"not_picked":["Worship","FollowUp"],"picked":"FlurryOfBlows","floor":12},{"not_picked":["PathToVictory","Prostrate"],"picked":"MentalFortress","floor":13},{"not_picked":["WindmillStrike","ReachHeaven"],"picked":"FollowUp","floor":14}],"player_experience":189012,"relics_obtained":[{"floor":6,"key":"Pen Nib"}],"event_choices":[{"damage_healed":0,"gold_gain":75,"player_choice":"Gold","damage_taken":11,"max_hp_gain":0,"max_hp_loss":0,"event_name":"betterThird:BetterGoop","floor":2,"gold_loss":0},{"damage_healed":0,"gold_gain":0,"player_choice":"Upgraded","damage_taken":0,"max_hp_gain":0,"max_hp_loss":0,"event_name":"Upgrade Shrine","floor":3,"gold_loss":0,"cards_upgraded":["Eruption"]}],"is_beta":false,"boss_relics":[],"items_purged_floors":[],"is_endless":false,"potions_floor_spawned":[1,4,5,6,11],"killed_by":"The Guardian","ascension_level":0}}