{"host":"63sioh49uueqzogg","time":1607875643,"event":{"mods":["BaseMod","Card Forge","Colored Map","Colored Powertips","Minty Spire (QoL Compilation)","StSLib","The Animator"],"gold_per_floor":[110,130,305,305,319,319,319,319],"floor_reached":7,"playtime":345,"items_purged":[],"score":55,"play_id":"3fa4ec08-ca3f-4649-9be9-14a97c12ce50","local_time":"20201213080723","is_ascension_mode":true,"campfire_choices":[{"data":"animator:HououinKyouma","floor":6,"key":"SMITH"}],"circlet_count":0,"master_deck":["animator:Strike_MadokaMagica","animator:Defend_MadokaMagica","animator:Strike","animator:Strike","animator:Strike","animator:Defend","animator:Defend","animator:Defend","animator:IrohaTamaki","animator:YuiTsuruno","animator:HououinKyouma+1","animator:IrohaTamaki","Doubt"],"relics":["animator:LivingPicture","animator:TheMissingPiece","Hammer of Thor","Seething Fire","Anvil of the Gods","StoneCalendar"],"acts_visited":["Exordium"],"potions_floor_usage":[],"damage_taken":[{"damage":0,"enemies":"Cultist","floor":1,"turns":4},{"damage":13,"enemies":"Jaw Worm","floor":2,"turns":6},{"damage":0,"enemies":"2 Louse","floor":5,"turns":3},{"damage":21,"enemies":"Lagavulin","floor":7,"turns":8}],"seed_played":"-8592305472433699007","potions_obtained":[{"floor":2,"key":"animator:GrowthPotion"}],"is_trial":false,"path_per_floor":["M","M","?","T","M","R","E"],"character_chosen":"THE_ANIMATOR","items_purchased":[],"campfire_rested":0,"item_purchase_floors":[],"current_hp_per_floor":[44,31,31,31,31,31,10,10],"gold":319,"neow_bonus":"RANDOM_COLORLESS_2","is_daily":false,"chose_seed":false,"campfire_upgraded":1,"win_rate":0.0,"timestamp":1607875643,"path_taken":["M","?","?","?","M","R","E"],"items_purchased_type":[],"build_version":"2020-11-30","purchased_purges":0,"victory":false,"max_hp_per_floor":[66,66,66,66,66,66,66,66],"card_choices":[{"not_picked":["animator:KotoriKanbe","animator:HarukoHaruhara"],"picked":"animator:HououinKyouma","floor":0},{"not_picked":["animator:MumenRider","animator:DwarfShaman","animator:Priestess"],"picked":"SKIP","floor":1},{"not_picked":["animator:CowGirl","animator:SilverFang"],"picked":"animator:IrohaTamaki","floor":2},{"not_picked":["animator:Togame","animator:Melzalgald","animator:Shigure"],"picked":"SKIP","floor":5}],"player_experience":557983,"relics_obtained":[{"floor":4,"key":"StoneCalendar"}],"event_choices":[{"damage_healed":0,"gold_gain":175,"player_choice":"AGREE","damage_taken":0,"max_hp_gain":0,"max_hp_loss":0,"event_name":"Liars Game","floor":3,"gold_loss":0,"cards_obtained":["Doubt"]}],"is_beta":false,"boss_relics":[],"items_purged_floors":[],"is_endless":false,"potions_floor_spawned":[2],"killed_by":"Lagavulin","ascension_level":7}}