{"host":"rbccvrvdyhsypb23","time":1607880008,"event":{"mods":["AchievementEnabler","Act Like it!","Aspiration","BaseMod","Better Third Choice","BetterRewards","Downfall","Friendly Minions","Ironclad Rager","KomeijiMod","Minty Spire (QoL Compilation)","Replay The Spire","Shade Mod","StSLib","The Blackbeard","The Mystic","Wandering Minibosses","vexMod"],"gold_per_floor":[116,126,126,139,169,187,211,153,185,199,124,44,29,63,63,159,159,159,171,189,220,234,267,292,292,304,336,277,294,322,349,359,467,467,317,330,361,371,371,371,371],"floor_reached":40,"playtime":4156,"items_purged":[],"score":680,"play_id":"55fb78cb-93b0-461f-b7ee-eda7ae9572a8","local_time":"20201213202008","is_ascension_mode":true,"campfire_choices":[{"data":"Guardian:BaubleBeam","floor":11.0,"key":"SMITH"},{"data":"Guardian:StasisField","floor":15.0,"key":"SMITH"},{"floor":18,"key":"RECALL"},{"data":"Guardian:TwinSlam","floor":35,"key":"SMITH"},{"data":"Guardian:ChargeUp","floor":39,"key":"SMITH"}],"circlet_count":0,"master_deck":["Guardian:Strike_Guardian","Guardian:Strike_Guardian","Guardian:Strike_Guardian","Guardian:Strike_Guardian","Guardian:Defend_Guardian","Guardian:Defend_Guardian","Guardian:Defend_Guardian","Guardian:Defend_Guardian","Guardian:CurlUp","Guardian:TwinSlam+1","Guardian:Recover","Guardian:BronzeOrb","Guardian:ChargeUp+1","Guardian:StasisField+1","Guardian:ChargeCore","Guardian:BronzeOrb","Guardian:ShieldCharger","Guardian:BaubleBeam+1","Guardian:ShieldCharger","Guardian:Suspension","Guardian:TimeCapacitor","Guardian:SentryBeam","Guardian:CrystalBeam+1","Guardian:AncientConstruct+1"],"relics":["Guardian:ModeShifterPlus","Anchor","aspiration:StickyExplosives","Tiny Chest","ReplayTheSpireMod:CursedCoin","Vajra","downfall:HeartBlessingGreen","Art of War","Busted Crown","Pen Nib","Oddly Smooth Stone","CeramicFish","Golden Egg","vexMod:Dragonfruit","TheAbacus","downfall:HeartBlessingRed","downfall:HeartBlessingBlue","Juzu Bracelet"],"acts_visited":["Exordium","TheCity","TheBeyond"],"potions_floor_usage":[22,28,28,38],"damage_taken":[{"damage":0.0,"enemies":"2 Louse","floor":1.0,"turns":3.0},{"damage":10.0,"enemies":"Cultist","floor":2.0,"turns":5.0},{"damage":0.0,"enemies":"Small Slimes","floor":4.0,"turns":3.0},{"damage":17.0,"enemies":"Lagavulin","floor":5.0,"turns":7.0},{"damage":4.0,"enemies":"Exordium Wildlife","floor":6.0,"turns":3.0},{"damage":4.0,"enemies":"downfall:FleeingMerchant","floor":8.0,"turns":4.0},{"damage":0.0,"enemies":"Gremlin Nob","floor":9.0,"turns":2.0},{"damage":0.0,"enemies":"Blue Slaver","floor":10.0,"turns":2.0},{"damage":0.0,"enemies":"Gremlin Gang","floor":12.0,"turns":4.0},{"damage":0.0,"enemies":"downfall:FleeingMerchant","floor":13.0,"turns":4.0},{"damage":4.0,"enemies":"Lagavulin","floor":14.0,"turns":3.0},{"damage":8.0,"enemies":"downfall:Defect","floor":16.0,"turns":5.0},{"damage":0,"enemies":"Spheric Guardian","floor":19,"turns":3},{"damage":0,"enemies":"Chosen","floor":20,"turns":4},{"damage":0,"enemies":"Slavers","floor":21,"turns":4},{"damage":2,"enemies":"Centurion and Healer","floor":22,"turns":8},{"damage":3,"enemies":"Replay:Snechameleon","floor":23,"turns":3},{"damage":11,"enemies":"Snake Plant","floor":26,"turns":4},{"damage":0,"enemies":"Book of Stabbing","floor":27,"turns":4},{"damage":13,"enemies":"downfall:FleeingMerchant","floor":28,"turns":4},{"damage":0,"enemies":"3 Cultists","floor":29,"turns":4},{"damage":0,"enemies":"Snecko","floor":30,"turns":4},{"damage":18,"enemies":"Shelled Parasite and Fungi","floor":32,"turns":6},{"damage":15,"enemies":"downfall:Ironclad","floor":33,"turns":6},{"damage":0,"enemies":"Orb Walker","floor":36,"turns":2},{"damage":0,"enemies":"Giant Head","floor":37,"turns":5},{"damage":17,"enemies":"3 Darklings","floor":38,"turns":3},{"damage":0,"enemies":"Transient","floor":40,"turns":1}],"seed_played":"-8371450553952964281","potions_obtained":[{"floor":4.0,"key":"ColorlessPotion"},{"floor":5.0,"key":"Fire Potion"},{"floor":6.0,"key":"Fire Potion"},{"floor":12.0,"key":"Doom Potion"},{"floor":14.0,"key":"champ:CounterPotion"},{"floor":19,"key":"ColorlessPotion"},{"floor":23,"key":"LiquidBronze"},{"floor":29,"key":"LifebloodPotion"},{"floor":32,"key":"Fire Potion"}],"is_trial":false,"path_per_floor":["M","M","?","M","E","M","T","$","E","M","R","M","$","E","R","B",null,"R","M","M","E","M","E","T","?","M","E","$","M","M","T","M","B",null,"R","M","E","M","R","M"],"character_chosen":"GUARDIAN","items_purchased":["ReplayTheSpireMod:CursedCoin","Guardian:ShieldCharger","Guardian:BaubleBeam","vexMod:Dragonfruit","TheAbacus"],"campfire_rested":0,"item_purchase_floors":[8,8,8,28,28],"current_hp_per_floor":[80,70,70,70,53,49,49,45,45,45,45,45,45,41,41,33,80,80,80,80,80,78,75,75,75,64,64,56,56,56,56,38,23,85,95,95,95,78,78,78,78],"gold":371,"neow_bonus":"RANDOM_COMMON_RELIC","is_daily":false,"chose_seed":false,"campfire_upgraded":4,"win_rate":0.0,"timestamp":1607880008,"path_taken":["M","M","?","?","E","M","T","$","E","M","R","M","$","E","R","BOSS","R","M","M","E","M","E","T","?","M","E","$","M","M","?","M","BOSS","R","M","E","M","R","M"],"items_purchased_type":["Relic","Card","Card","Relic","Relic"],"build_version":"2020-11-30","purchased_purges":0,"victory":false,"max_hp_per_floor":[80,80,80,80,80,80,80,80,80,80,80,80,80,80,80,80,80,80,80,80,80,80,80,80,80,80,80,85,85,85,85,85,85,85,95,95,95,95,95,95,95],"card_choices":[{"not_picked":["Guardian:Gem_Lightblue","Guardian:PrismaticBarrier"],"picked":"Guardian:Recover","floor":1.0},{"not_picked":["Guardian:ShieldSpikes","Guardian:Preprogram"],"picked":"Guardian:BronzeOrb","floor":2.0},{"not_picked":["Guardian:FloatingOrbs","Guardian:Repulse"],"picked":"Guardian:ChargeUp","floor":4.0},{"not_picked":["Guardian:PiercingHide","Guardian:Gem_Fragmented"],"picked":"Guardian:StasisField","floor":5.0},{"not_picked":["Guardian:FuturePlans","Guardian:Incinerate"],"picked":"Guardian:ChargeCore","floor":6.0},{"not_picked":["Guardian:PrismaticBarrier","Guardian:Emergency"],"picked":"Guardian:BronzeOrb","floor":8.0},{"not_picked":["Guardian:Planning","Guardian:WalkerClaw"],"picked":"Guardian:ShieldCharger","floor":9.0},{"not_picked":["Guardian:CrystalBeam","Guardian:Clone"],"picked":"Guardian:Suspension","floor":10.0},{"not_picked":["Guardian:CrystalBeam","Guardian:TemporalStrike"],"picked":"Guardian:Gem_Orange","floor":12.0},{"not_picked":["Guardian:PrimingBeam","Guardian:Planning"],"picked":"Guardian:Gem_Red","floor":13.0},{"not_picked":["Guardian:DecasProtection","Guardian:BronzeArmor"],"picked":"Guardian:TimeCapacitor","floor":14.0},{"not_picked":["Guardian:StasisStrike","Guardian:TimeSifter"],"picked":"Guardian:Gem_Orange","floor":16.0},{"not_picked":["Guardian:Gem_Green"],"picked":"SKIP","floor":19},{"not_picked":["Guardian:PrimingBeam"],"picked":"SKIP","floor":20},{"not_picked":[],"picked":"Guardian:SentryBeam","floor":21},{"not_picked":[],"picked":"Guardian:CrystalBeam+1","floor":22},{"not_picked":["Guardian:EvasiveProtocol"],"picked":"SKIP","floor":23},{"not_picked":["Guardian:RefractedBeam+1"],"picked":"SKIP","floor":26},{"not_picked":["Guardian:ShieldCharger"],"picked":"SKIP","floor":27},{"not_picked":["Guardian:Repulse+1"],"picked":"SKIP","floor":28},{"not_picked":["Guardian:Clone+1"],"picked":"SKIP","floor":29},{"not_picked":[],"picked":"Guardian:Gem_Red","floor":30},{"not_picked":["Guardian:Gem_Lightblue"],"picked":"SKIP","floor":32},{"not_picked":[],"picked":"Guardian:AncientConstruct","floor":33},{"not_picked":["Guardian:Clone+1"],"picked":"SKIP","floor":36},{"not_picked":["Guardian:Suspension+1"],"picked":"SKIP","floor":37},{"not_picked":["Guardian:Suspension+1"],"picked":"SKIP","floor":37},{"not_picked":["Guardian:Gem_Cyan"],"picked":"SKIP","floor":38}],"player_experience":933211,"relics_obtained":[{"floor":5.0,"key":"aspiration:StickyExplosives"},{"floor":7.0,"key":"Tiny Chest"},{"floor":9.0,"key":"Vajra"},{"floor":14.0,"key":"Art of War"},{"floor":21,"key":"Pen Nib"},{"floor":23,"key":"Oddly Smooth Stone"},{"floor":24,"key":"CeramicFish"},{"floor":27,"key":"Golden Egg"},{"floor":37,"key":"Juzu Bracelet"}],"event_choices":[],"is_beta":false,"boss_relics":[{"not_picked":["Kintsugi","Velvet Choker"],"picked":"Busted Crown"},{"not_picked":["Honey Jar","aspiration:RunicSpoon"],"picked":"Guardian:ModeShifterPlus"}],"items_purged_floors":[],"is_endless":false,"potions_floor_spawned":[4,5,6,12,14,19,23,26,29,32],"killed_by":"Transient","ascension_level":1}}