{"host":"esh3dox4shm0x7nt","time":1607873003,"event":{"mods":["Act Like it!","BaseMod","Gensokyo","GungeonMod","KomeijiMod","Marisa£®ÏF”Í°°ƒß¿Ì…≥£©","Minty Spire (QoL Compilation)","Pale of the Ancients","Reimu£®≤©¿ˆ¡È√Œ£©","Remilia£®¿Ÿ√◊¿Ú—«£©","Replay The Spire","RumiaBox-¬∂√◊Ê´µƒ…Ò√ÿ∫–◊”","Spicy Shops","StSLib","TestMod","The Administrix","The Servant 0.9.4","Waifu the Spire","Youmu£®ªÍ∆«—˝√Œ£©","Yuyuko","vexMod"],"gold_per_floor":[110,110,110,121,148,148,148],"floor_reached":6,"playtime":610,"items_purged":[],"score":36,"play_id":"c021a4d7-138c-47a1-b1e1-de3c1c68eac5","local_time":"20201213232323","is_ascension_mode":false,"campfire_choices":[],"circlet_count":0,"master_deck":["Strike_MRS","Strike_MRS","Strike_MRS","Strike_MRS","Defend_MRS","Defend_MRS","Defend_MRS","Defend_MRS","MasterSpark","UpSweep","DC","WitchOfGreed","ManaConvection","Gensokyo:CrescentMoonSlash","SporeBomb","FairyDestructionRay"],"relics":["MiniHakkero","testmod-TestBox","NeowsBlessing"],"acts_visited":["Gensokyo:Gensokyo"],"potions_floor_usage":[],"damage_taken":[{"damage":0.0,"enemies":"Gensokyo:3_Fairies","floor":1.0,"turns":2.0},{"damage":0.0,"enemies":"Gensokyo:2_Kodama","floor":4.0,"turns":1.0},{"damage":0.0,"enemies":"Gensokyo:Gryphon","floor":5.0,"turns":1.0},{"damage":12,"enemies":"Gensokyo:Aya","floor":6,"turns":3}],"seed_played":"-6795795626041413885","potions_obtained":[{"floor":5.0,"key":"LiquidBronze"}],"is_trial":false,"path_per_floor":["M","?","?","M","M","E"],"character_chosen":"MARISA","items_purchased":[],"campfire_rested":0,"item_purchase_floors":[],"current_hp_per_floor":[75,75,68,68,68,56,56],"gold":148,"neow_bonus":"THREE_ENEMY_KILL","is_daily":false,"chose_seed":false,"campfire_upgraded":0,"win_rate":0.0,"timestamp":1607873003,"path_taken":["M","?","?","M","M","E"],"items_purchased_type":[],"build_version":"2020-11-30","purchased_purges":0,"victory":false,"max_hp_per_floor":[75,75,75,75,75,75,75],"card_choices":[{"not_picked":["UnstableBomb","DarkSpark"],"picked":"DC","floor":1.0},{"not_picked":["ManaConvection","Singularity"],"picked":"WitchOfGreed","floor":2.0},{"not_picked":["DragonMeteor","RefractionSpark"],"picked":"ManaConvection","floor":2.0},{"not_picked":["EventHorizon","6A"],"picked":"SporeBomb","floor":4.0},{"not_picked":["UnstableBomb","DeepEcoloBomb"],"picked":"FairyDestructionRay","floor":5.0}],"player_experience":9366,"relics_obtained":[],"event_choices":[],"is_beta":false,"boss_relics":[],"items_purged_floors":[],"is_endless":false,"potions_floor_spawned":[],"killed_by":"Gensokyo:Aya","ascension_level":0}}