{"host":"en3i0mvpfa3c1sbz","time":1607867829,"event":{"mods":["BaseMod","BetterRewards","Dota2Spire","Downfall","GifTheSpireLib","Hubris","Infinite Spire","Marisa£®ÏF”Í°°ƒß¿Ì…≥£©","Minty Spire (QoL Compilation)","Replay The Spire","Shop Mod","StSLib","Stuff the Spire","The Administrix","The Factory","The Jungle"],"gold_per_floor":[99,110,110,136,136,136,136,156,156,156,174,234,251,266,277,372,372,372,387,418,433,454,454,454,65,65,113,149,349,499,514,525,641,641,59,59,59,98,98,116,169,198,243,255,285,316,386,548,575,684,684,743,743],"floor_reached":52,"playtime":5863,"items_purged":["ReplayTheSpireMod:Splinters"],"score":1054,"play_id":"2bc8d8e3-2a20-4bfb-92ef-35e1daa9569c","local_time":"20201213215709","is_ascension_mode":false,"campfire_choices":[{"floor":3.0,"key":"RECALL"},{"floor":6.0,"key":"REST"},{"data":"hexamod:Float","floor":10.0,"key":"SMITH"},{"data":"hexamod:VolcanoVisage","floor":18.0,"key":"SMITH"},{"floor":26.0,"key":"REST"},{"data":"hexamod:RainOfEmbers","floor":26.0,"key":"SMITH"},{"floor":39,"key":"REST"},{"data":"StuffTheSpire:Brawn","floor":39,"key":"SMITH"},{"floor":44,"key":"REST"},{"data":"hexamod:ParanormalForm","floor":44,"key":"SMITH"}],"circlet_count":0,"master_deck":["hexamod:Strike+1","hexamod:Strike+1","hexamod:Strike+1","hexamod:Defend","hexamod:Defend","hexamod:Defend+1","hexamod:Defend+1","hexamod:Sear+1","hexamod:Float+1","hexamod:ExtraCrispy+1","hexamod:FifthSeal","hexamod:FourthSeal","hexamod:NightmareStrike","hexamod:SixthSeal","hexamod:TimeOfNeed+1","hexamod:ThermalTransfer+1","hexamod:HauntingEcho+1","hexamod:Hexaguard+1","hexamod:FirstSeal","hexamod:GhostflameBarrier","hexamod:VolcanoVisage+1","hexamod:ThirdSeal","hexamod:Incineration+1","hexamod:ThirdSeal","hexamod:AdvancingGuard+1","hexamod:RainOfEmbers+1","hexamod:BacktrackSmack","hexamod:SwordOfDarkness+1","hexamod:SecondSeal","hexamod:AdvancingGuard","hexamod:GhostLash+1","hexamod:GhostflameBarrier+1","hexamod:FifthSeal","hexamod:NightmareStrike","hexamod:Firestarter+1","hexamod:SecondSeal","hexamod:RainOfEmbers","hexamod:NightmareStrike","hexamod:SecondSeal","hexamod:ExtraCrispy","hexamod:SoulSteal+1","hexamod:DynamicBlow","hexamod:ThirdSeal","hexamod:EmpoweredFlame","hexamod:TimeOfNeed","hexamod:NightmareStrike","hexamod:Haunted","hubris:Gluttony","hexamod:HauntingEcho","hexamod:GhostShield+1","hexamod:BurningTouch","hexamod:ThirdSeal","hexamod:ParanormalForm+1","hexamod:VolcanoVisage+1","hexamod:SixthSeal","hexamod:NightmareStrike+1","StuffTheSpire:Brawn+1","hexamod:NightmareStrike","hexamod:UnleashSpirits","hexamod:GhostLash","hexamod:RainOfEmbers+1","hexamod:EmpoweredFlame","hexamod:BurningTouch","hexamod:ThirdSeal","hexamod:RecurringNightmare","hexamod:DynamicBlow","hexamod:HauntingEcho+1","hexamod:WildfireWeapon","hexamod:BacktrackSmack+1","hexamod:SkipABeat+1","hexamod:RainOfEmbers","hexamod:HeatShield","hexamod:FirstSeal","hexamod:SixthSeal","hexamod:BurningTouch","hexamod:AdvancingGuard+1","hexamod:RainOfEmbers","hexamod:AdvancingGuard","hexamod:FastForward+1","hexamod:Incineration+1","hexamod:ThermalTransfer+1","hexamod:AdvancingGuard+1","hexamod:ThermalTransfer+1","hexamod:UnleashSpirits","hexamod:UnleashSpirits+1","Transmutation","hexamod:Hexaguard","hexamod:NightmareGuise+1","hexamod:FirstSeal","hexamod:HeatCrush+1","hexamod:GhostShield","hexamod:VolcanoVisage","hexamod:ParanormalForm","hexamod:EmpoweringStance","hexamod:EmpoweringStance","hubris:Gluttony","Hallucinations","hubris:Gluttony"],"relics":["hexamod:SpiritBrand","infinitespire:Bottled Soul","hubris:Icosahedron","Dota2Spire:EtherealBlade","hubris:BlackHole","StuffTheSpire:Wildfire","Prayer Wheel","hubris:Metronome","infinitespire:Magic Flask","ReplayTheSpireMod:CursedCoin","hubris:ScarierMask","Membership Card","MerchantsRug","Dota2Spire:Dagon","StuffTheSpire:GreaterSneckoEye","CaptainsWheel","MawBank","Boot","Durian","Replay:Ancient Bell","Pen Nib","Matryoshka","infinitespire:Joker Card"],"acts_visited":["Exordium","TheCity","TheBeyond","Exordium"],"potions_floor_usage":[27],"damage_taken":[{"damage":0.0,"enemies":"2 Louse","floor":2.0,"turns":3.0},{"damage":21.0,"enemies":"3 Sentries","floor":4.0,"turns":10.0},{"damage":11.0,"enemies":"Jaw Worm","floor":8.0,"turns":5.0},{"damage":0.0,"enemies":"Cultist","floor":11.0,"turns":4.0},{"damage":8.0,"enemies":"Red Slaver","floor":13.0,"turns":3.0},{"damage":9.0,"enemies":"Exordium Wildlife","floor":14.0,"turns":5.0},{"damage":0.0,"enemies":"Blue Slaver","floor":15.0,"turns":5.0},{"damage":8.0,"enemies":"downfall:Ironclad","floor":16.0,"turns":9.0},{"damage":7.0,"enemies":"Shell Parasite","floor":19.0,"turns":6.0},{"damage":37.0,"enemies":"Nightmare","floor":20.0,"turns":9.0},{"damage":42.0,"enemies":"Centurion and Healer","floor":21.0,"turns":9.0},{"damage":8.0,"enemies":"Snecko","floor":22.0,"turns":4.0},{"damage":0.0,"enemies":"downfall:FleeingMerchant","floor":25.0,"turns":4.0},{"damage":5,"enemies":"Slavers","floor":27,"turns":5},{"damage":0,"enemies":"3 Cultists","floor":28,"turns":4},{"damage":0,"enemies":"Snake Plant","floor":31,"turns":1},{"damage":0,"enemies":"Cultist and Chosen","floor":32,"turns":3},{"damage":11,"enemies":"downfall:Silent","floor":33,"turns":6},{"damage":0,"enemies":"downfall:FleeingMerchant","floor":35,"turns":4},{"damage":4,"enemies":"Nemesis","floor":38,"turns":5},{"damage":8,"enemies":"3 Shapes","floor":40,"turns":3},{"damage":0,"enemies":"Orb Walker","floor":42,"turns":3},{"damage":3,"enemies":"Giant Head","floor":43,"turns":3},{"damage":26,"enemies":"Spire Growth","floor":45,"turns":3},{"damage":36,"enemies":"Transient","floor":46,"turns":5},{"damage":0,"enemies":"Mind Bloom Boss Battle","floor":47,"turns":5},{"damage":0,"enemies":"downfall:FleeingMerchant","floor":48,"turns":1},{"damage":0,"enemies":"Maw","floor":49,"turns":6},{"damage":0,"enemies":"downfall:Defect","floor":50,"turns":6}],"seed_played":"1485812801961076353","potions_obtained":[{"floor":1.0,"key":"Fire Potion"},{"floor":1.0,"key":"Elixir"},{"floor":11.0,"key":"Death Potion"},{"floor":11.0,"key":"Flashbang"},{"floor":13.0,"key":"Dota2Spire:Clarity"},{"floor":14.0,"key":"PowerPotion"},{"floor":15.0,"key":"Venom Potion"},{"floor":16.0,"key":"Weak Potion"},{"floor":19.0,"key":"Doom Potion"},{"floor":20.0,"key":"PowerPotion"},{"floor":21.0,"key":"champ:CounterPotion"},{"floor":22.0,"key":"Regen Potion"},{"floor":25.0,"key":"SteroidPotion"},{"floor":27,"key":"Explosive Potion"},{"floor":28,"key":"FairyPotion"},{"floor":31,"key":"ColorlessPotion"},{"floor":32,"key":"FairyPotion"}],"is_trial":false,"path_per_floor":["R","M","R","E","?","R","T","M","?","R","M","?","M","M","M","B",null,"R","M","NM","M","M","T","T","$","R","E","M","?","AVR","M","M","B",null,"R","?","?","E","R","M","T","M","E","R","M","M","?","$","M","B",null,"R"],"character_chosen":"THE_SPIRIT","items_purchased":["hexamod:RainOfEmbers","hexamod:NightmareStrike","infinitespire:Magic Flask","Membership Card","MerchantsRug","Dota2Spire:Dagon","hexamod:UnleashSpirits","Transmutation"],"campfire_rested":4,"item_purchase_floors":[25,25,25,35,35,35,48,48],"current_hp_per_floor":[77,77,77,56,56,77,77,66,66,66,66,66,58,49,49,41,77,77,77,47,12,11,11,11,25,48,43,43,43,43,43,43,39,77,77,77,57,53,76,68,68,68,65,77,51,15,20,20,27,27,82,82,82],"gold":743,"neow_bonus":"TEN_PERCENT_HP_BONUS","is_daily":false,"chose_seed":false,"campfire_upgraded":5,"win_rate":0.0,"timestamp":1607867829,"path_taken":["R","M","R","E","?","R","T","M","?","R","M","?","M","M","M","BOSS","R","M","NM","M","M","?","T","$","R","E","?","?","AVR","M","M","BOSS","R","?","?","E","R","M","T","M","E","R","M","M","?","$","M","BOSS","R"],"items_purchased_type":["Card","Card","Relic","Relic","Relic","Relic","Card","Card"],"build_version":"2020-11-30","purchased_purges":1,"victory":false,"max_hp_per_floor":[77,77,77,77,77,77,77,77,77,77,77,77,77,77,77,77,77,77,77,77,77,77,77,77,77,77,77,77,77,77,77,77,77,77,77,77,77,77,77,77,77,77,77,77,77,77,82,82,82,82,82,82,82],"card_choices":[{"not_picked":["hexamod:GhostOfSpirePresent","hexamod:AdvancingGuard"],"picked":"hexamod:ExtraCrispy","floor":2.0},{"not_picked":["hexamod:GhostOfSpirePast","hexamod:HauntingEcho"],"picked":"hexamod:FifthSeal","floor":4.0},{"not_picked":["hexamod:SixthSeal","hexamod:ThirdSeal"],"picked":"hexamod:FourthSeal","floor":8.0},{"not_picked":["hexamod:SwordOfDarkness","hexamod:GhostShield"],"picked":"hexamod:NightmareStrike","floor":8.0},{"not_picked":["hexamod:FourthSeal","hexamod:ThirdSeal"],"picked":"hexamod:SixthSeal","floor":11.0},{"not_picked":["hexamod:RainOfEmbers","hexamod:FourthSeal"],"picked":"hexamod:TimeOfNeed","floor":11.0},{"not_picked":["hexamod:HeatShield","hexamod:GhostOfSpirePast"],"picked":"hexamod:ThermalTransfer","floor":12.0},{"not_picked":["hexamod:InspiringFlames","hexamod:SpectralAdrenaline"],"picked":"hexamod:HauntingEcho","floor":13.0},{"not_picked":["hexamod:ThermalTransfer","hexamod:NightmareGuise"],"picked":"hexamod:Hexaguard","floor":14.0},{"not_picked":["hexamod:SixthSeal","hexamod:ThirdSeal"],"picked":"hexamod:FirstSeal","floor":15.0},{"not_picked":["hexamod:InspiringFlames","hexamod:RadiantFlame"],"picked":"hexamod:GhostflameBarrier","floor":15.0},{"not_picked":["hexamod:ParanormalForm","hexamod:HexaLevel"],"picked":"hexamod:VolcanoVisage","floor":16.0},{"not_picked":["hexamod:FourthSeal","hexamod:FirstSeal"],"picked":"hexamod:ThirdSeal","floor":19.0},{"not_picked":["hexamod:SecondSeal","hexamod:GhostShield"],"picked":"hexamod:Incineration","floor":19.0},{"not_picked":["hexamod:FirstSeal","hexamod:FourthSeal"],"picked":"hexamod:ThirdSeal","floor":20.0},{"not_picked":["hexamod:FirstSeal","hexamod:GhostLash"],"picked":"hexamod:AdvancingGuard+1","floor":20.0},{"not_picked":["hexamod:GhostflameInferno","hexamod:FourthSeal"],"picked":"hexamod:RainOfEmbers","floor":20.0},{"not_picked":["hexamod:Hexaguard+1","hexamod:ShieldOfDarkness"],"picked":"hexamod:BacktrackSmack","floor":21.0},{"not_picked":["hexamod:BurningTouch","hexamod:PhantomCloak+1"],"picked":"hexamod:SwordOfDarkness+1","floor":21.0},{"not_picked":["hexamod:FirstSeal","hexamod:FourthSeal"],"picked":"hexamod:SecondSeal","floor":21.0},{"not_picked":["hexamod:FourthSeal","hexamod:GhostShield"],"picked":"hexamod:AdvancingGuard","floor":21.0},{"not_picked":["hexamod:ThermalTransfer","hexamod:FirstSeal"],"picked":"hexamod:GhostLash+1","floor":22.0},{"not_picked":["hexamod:SpectralAdrenaline+1","hexamod:ShieldOfDarkness"],"picked":"hexamod:GhostflameBarrier+1","floor":22.0},{"not_picked":["hexamod:SecondSeal","hexamod:FourthSeal"],"picked":"hexamod:FifthSeal","floor":22.0},{"not_picked":["hexamod:SpectralAdrenaline","hexamod:TurnItUp"],"picked":"hexamod:NightmareStrike","floor":25.0},{"not_picked":["hexamod:GhostOfSpirePast","hexamod:ShieldOfDarkness"],"picked":"hexamod:Firestarter+1","floor":25.0},{"not_picked":["hexamod:Hexaguard","hexamod:PhantomCloak"],"picked":"hexamod:SecondSeal","floor":25.0},{"not_picked":["hexamod:SixthSeal","hexamod:FourthSeal"],"picked":"hexamod:SecondSeal","floor":27},{"not_picked":["hexamod:ShieldOfDarkness","hexamod:SpectersWail"],"picked":"hexamod:ExtraCrispy","floor":27},{"not_picked":["hexamod:Rewind","hexamod:NecessarySacrifice"],"picked":"hexamod:SoulSteal+1","floor":27},{"not_picked":["hexamod:NightmareGuise","hexamod:ShieldOfDarkness"],"picked":"hexamod:DynamicBlow","floor":27},{"not_picked":["hexamod:FirstSeal","hexamod:SecondSeal"],"picked":"hexamod:ThirdSeal","floor":28},{"not_picked":["hexamod:ThermalTransfer","hexamod:Hexaguard"],"picked":"hexamod:EmpoweredFlame","floor":28},{"not_picked":["hexamod:ShieldOfDarkness","hexamod:Hexaguard"],"picked":"hexamod:TimeOfNeed","floor":28},{"not_picked":["hexamod:ShieldOfDarkness","hexamod:RainOfEmbers"],"picked":"hexamod:NightmareStrike","floor":28},{"not_picked":["hexamod:GhostLash","hexamod:DynamicBlow"],"picked":"hexamod:HauntingEcho","floor":31},{"not_picked":["hexamod:InspiringFlames+1","hexamod:SpectersWail"],"picked":"hexamod:GhostShield+1","floor":31},{"not_picked":["hexamod:Hexaguard","hexamod:AdvancingGuard+1"],"picked":"hexamod:BurningTouch","floor":32},{"not_picked":["hexamod:Rewind","hexamod:NightmareGuise+1"],"picked":"hexamod:ThirdSeal","floor":32},{"not_picked":["hexamod:TimeWarp","hexamod:FifthSeal"],"picked":"hexamod:ParanormalForm","floor":33},{"not_picked":["hexamod:TimeOfNeed","hexamod:TurnItUp"],"picked":"hexamod:VolcanoVisage","floor":33},{"not_picked":["hexamod:FirstSeal","hexamod:SecondSeal"],"picked":"hexamod:SixthSeal","floor":35},{"not_picked":["hexamod:RadiantFlame+1","hexamod:Firestarter"],"picked":"hexamod:NightmareStrike+1","floor":35},{"not_picked":["StuffTheSpire:Ambrosia","StuffTheSpire:Perfection"],"picked":"StuffTheSpire:Brawn","floor":36},{"not_picked":["hexamod:Rewind+1","hexamod:BacktrackSmack+1"],"picked":"hexamod:NightmareStrike","floor":38},{"not_picked":["hexamod:SwordOfDarkness","hexamod:VolcanoVisage"],"picked":"hexamod:UnleashSpirits","floor":38},{"not_picked":["hexamod:InspiringFlames+1","hexamod:NightmareGuise"],"picked":"hexamod:GhostLash","floor":38},{"not_picked":["hexamod:Incineration+1","hexamod:Again"],"picked":"hexamod:RainOfEmbers+1","floor":40},{"not_picked":["hexamod:Again","hexamod:GhostShield"],"picked":"hexamod:EmpoweredFlame","floor":40},{"not_picked":["hexamod:Hexaguard","hexamod:EmpoweredFlame+1"],"picked":"hexamod:BurningTouch","floor":40},{"not_picked":["hexamod:FourthSeal","hexamod:FirstSeal"],"picked":"hexamod:ThirdSeal","floor":42},{"not_picked":["hexamod:RadiantFlame","hexamod:TimeWarp"],"picked":"hexamod:RecurringNightmare","floor":42},{"not_picked":["hexamod:Again","hexamod:GhostShield"],"picked":"hexamod:DynamicBlow","floor":42},{"not_picked":["hexamod:SkipABeat","hexamod:AdvancingGuard"],"picked":"hexamod:HauntingEcho+1","floor":42},{"not_picked":["hexamod:Hexaguard","hexamod:EtherealExpedition"],"picked":"hexamod:WildfireWeapon","floor":43},{"not_picked":["hexamod:FastForward+1","hexamod:SwordOfDarkness"],"picked":"hexamod:BacktrackSmack+1","floor":43},{"not_picked":["hexamod:NecessarySacrifice+1","hexamod:RadiantFlame"],"picked":"hexamod:SkipABeat+1","floor":43},{"not_picked":["hexamod:SwordOfDarkness+1","hexamod:ThermalTransfer+1"],"picked":"hexamod:RainOfEmbers","floor":45},{"not_picked":["hexamod:BurningTouch","hexamod:SpectersWail+1"],"picked":"hexamod:HeatShield","floor":45},{"not_picked":["hexamod:SecondSeal","hexamod:ThirdSeal"],"picked":"hexamod:FirstSeal","floor":46},{"not_picked":["hexamod:SecondSeal","hexamod:FourthSeal"],"picked":"hexamod:SixthSeal","floor":46},{"not_picked":["hexamod:SwordOfDarkness","hexamod:FastForward"],"picked":"hexamod:BurningTouch","floor":46},{"not_picked":["hexamod:ThirdSeal","hexamod:GhostShield+1"],"picked":"hexamod:AdvancingGuard+1","floor":46},{"not_picked":["hexamod:Rewind","hexamod:BacktrackSmack+1"],"picked":"hexamod:RainOfEmbers","floor":46},{"not_picked":["hexamod:SecondSeal","hexamod:HauntingEcho"],"picked":"hexamod:AdvancingGuard","floor":46},{"not_picked":["hexamod:FirstSeal","hexamod:PhantomCloak+1"],"picked":"hexamod:FastForward+1","floor":46},{"not_picked":["hexamod:TurnItUp","hexamod:GhostLash+1"],"picked":"hexamod:Incineration+1","floor":46},{"not_picked":["hexamod:Firestarter+1","hexamod:BacktrackSmack"],"picked":"hexamod:ThermalTransfer+1","floor":47},{"not_picked":["hexamod:GhostLash+1","hexamod:InspiringFlames"],"picked":"hexamod:AdvancingGuard+1","floor":47},{"not_picked":["hexamod:Incineration","hexamod:Again"],"picked":"hexamod:ThermalTransfer+1","floor":48},{"not_picked":["hexamod:FifthSeal","hexamod:ThermalTransfer"],"picked":"hexamod:Hexaguard","floor":49},{"not_picked":["hexamod:Hexaguard","hexamod:BurningTouch"],"picked":"hexamod:NightmareGuise+1","floor":49},{"not_picked":["hexamod:FourthSeal","hexamod:FifthSeal"],"picked":"hexamod:FirstSeal","floor":49},{"not_picked":["hexamod:NightmareGuise","hexamod:NecessarySacrifice"],"picked":"hexamod:HeatCrush+1","floor":49},{"not_picked":["hexamod:SecondSeal","hexamod:BacktrackSmack"],"picked":"hexamod:GhostShield","floor":49},{"not_picked":["hexamod:WildfireWeapon","hexamod:CrushingStance"],"picked":"hexamod:VolcanoVisage","floor":50},{"not_picked":["hexamod:CrushingStance","hexamod:SixthSeal"],"picked":"hexamod:ParanormalForm","floor":50},{"not_picked":["hexamod:GhostflameInferno","hexamod:TimeWarp"],"picked":"hexamod:EmpoweringStance","floor":50},{"not_picked":["hexamod:FifthSeal","hexamod:TimeOfNeed"],"picked":"hexamod:EmpoweringStance","floor":50},{"not_picked":["hubris:Compulsion","Languid"],"picked":"hubris:Gluttony","floor":51},{"not_picked":["Writhe","hubris:Lust"],"picked":"Hallucinations","floor":51},{"not_picked":["Replay:Sluggish","Regret"],"picked":"hubris:Gluttony","floor":51}],"player_experience":272133,"relics_obtained":[{"floor":4.0,"key":"infinitespire:Bottled Soul"},{"floor":12.0,"key":"Dota2Spire:EtherealBlade"},{"floor":20.0,"key":"StuffTheSpire:Wildfire"},{"floor":23.0,"key":"Prayer Wheel"},{"floor":24.0,"key":"hubris:Metronome"},{"floor":27,"key":"Toy Ornithopter"},{"floor":37,"key":"StuffTheSpire:GreaterSneckoEye"},{"floor":38,"key":"CaptainsWheel"},{"floor":41,"key":"MawBank"},{"floor":43,"key":"Boot"},{"floor":47,"key":"Durian"}],"event_choices":[],"is_beta":false,"boss_relics":[{"not_picked":["Velvet Choker","hubris:GrandSneckoEye"],"picked":"hubris:BlackHole"},{"not_picked":["hubris:RunicObelisk","Sozu"],"picked":"hubris:ScarierMask"},{"not_picked":["infinitespire:Cupcake","hubris:TerracottaHorce"],"picked":"Replay:Ancient Bell"},{"not_picked":["Dota2Spire:PhaseBoots","Regal Pillow"],"picked":"Pen Nib"},{"not_picked":["Iron Hammer","Kunai"],"picked":"Matryoshka"},{"not_picked":["Dota2Spire:HeartOfTarrasque","Peace Pipe"],"picked":"infinitespire:Joker Card"}],"items_purged_floors":[48],"is_endless":true,"potions_floor_spawned":[11,13,14,16,19,31,32,33,40,42,47],"ascension_level":0}}