{"host":"qqjv58wfhopf6ysa","time":1607831015,"event":{"mods":["AchievementEnabler","Aspiration","BaseMod","Conspire","Hubris","Infinite Spire","Minty Spire (QoL Compilation)","Permanent Neow","Quick Restart","Replay The Spire","StSLib","SuperFastMode","vexMod"],"gold_per_floor":[118,118,138,149,164,208,228,243,243,243,256,270,47,47,47,142,142,142,142],"floor_reached":18,"playtime":706,"items_purged":[],"score":156,"play_id":"799c8a19-a2f2-4372-a0c3-2958f349ff63","local_time":"20201213124335","is_ascension_mode":false,"campfire_choices":[{"data":"Defend_G","floor":15,"key":"PURGE"}],"circlet_count":0,"master_deck":["Strike_G","Strike_G","Strike_G","Strike_G","Strike_G","Defend_G","Defend_G","Defend_G","Defend_G","Survivor","Neutralize","Cloak And Dagger","Cloak And Dagger","Blade Dance","Dagger Throw","Accuracy"],"relics":["Ring of the Snake","aspiration:Nostalgia","Burning Blood","Replay:Wax Seal","Singing Bowl","hubris:Icosahedron","Sling","hubris:DeckOfHolding","aspiration:RunicSpoon"],"acts_visited":["Exordium","TheCity"],"potions_floor_usage":[16],"damage_taken":[{"damage":0,"enemies":"Small Slimes","floor":1,"turns":4},{"damage":0,"enemies":"Cultist","floor":3,"turns":5},{"damage":0,"enemies":"2 Louse","floor":4,"turns":4},{"damage":13,"enemies":"Large Slime","floor":5,"turns":11},{"damage":12,"enemies":"conspire:MimicChest","floor":6,"turns":8},{"damage":3,"enemies":"3 Louse","floor":7,"turns":4},{"damage":0,"enemies":"Exordium Wildlife","floor":8,"turns":4},{"damage":1,"enemies":"Large Slime","floor":11,"turns":7},{"damage":0,"enemies":"Gremlin Gang","floor":12,"turns":4},{"damage":36,"enemies":"Fading Forest","floor":16,"turns":11},{"damage":17,"enemies":"3 Byrds","floor":18,"turns":4}],"seed_played":"1831941297757705773","potions_obtained":[{"floor":4,"key":"Explosive Potion"},{"floor":5,"key":"Explosive Potion"},{"floor":6,"key":"EssenceOfSteel"}],"is_trial":false,"path_per_floor":["M","?","M","M","M","?","M","M","T","?","M","M","$","T","R","B",null,"M"],"character_chosen":"THE_SILENT","items_purchased":["Accuracy","Sling"],"campfire_rested":0,"item_purchase_floors":[13,13],"current_hp_per_floor":[70,70,70,70,63,57,60,66,66,66,72,74,74,74,74,46,76,59,59],"gold":142,"neow_bonus":"NOSTALGIA","is_daily":false,"chose_seed":false,"campfire_upgraded":0,"win_rate":0.0,"timestamp":1607831015,"path_taken":["M","?","?","M","M","?","M","M","T","?","M","M","$","?","R","BOSS","M"],"items_purchased_type":["Card","Relic"],"build_version":"2020-11-30","purchased_purges":0,"victory":false,"max_hp_per_floor":[70,70,70,70,70,70,70,70,70,70,72,74,74,74,74,76,76,76,76],"card_choices":[{"not_picked":["Expertise","Crippling Poison","Dodge and Roll"],"picked":"SKIP","floor":1},{"not_picked":["Footwork","Deflect"],"picked":"Cloak And Dagger","floor":3},{"not_picked":["Sneak Up","Finisher"],"picked":"Cloak And Dagger","floor":4},{"not_picked":["Riddle With Holes","Underhanded Strike"],"picked":"Blade Dance","floor":5},{"not_picked":["Sucker Punch","ReplayTheSpireMod:Exploit Weakness"],"picked":"Dagger Throw","floor":6},{"not_picked":["Dagger Spray","Eviscerate","Quick Slash"],"picked":"SKIP","floor":7},{"not_picked":["Distraction","Caltrops","Underhanded Strike"],"picked":"SKIP","floor":8},{"not_picked":["Bullet Time","All Out Attack","Dagger Throw"],"picked":"Singing Bowl","floor":11},{"not_picked":["Acrobatics","Sucker Punch","Footwork"],"picked":"Singing Bowl","floor":12},{"not_picked":["Die Die Die","Corpse Explosion","Atom Bomb"],"picked":"Singing Bowl","floor":16}],"player_experience":331612,"relics_obtained":[{"floor":6,"key":"Replay:Wax Seal"},{"floor":9,"key":"Singing Bowl"},{"floor":14,"key":"hubris:DeckOfHolding"}],"event_choices":[{"damage_healed":0,"gold_gain":0,"player_choice":"Bought 0 Potions","damage_taken":0,"max_hp_gain":0,"max_hp_loss":0,"event_name":"The Woman in Blue","floor":2,"gold_loss":0}],"is_beta":false,"boss_relics":[{"not_picked":["ChewingGum","conspire:SeveredTorchhead"],"picked":"aspiration:RunicSpoon"}],"items_purged_floors":[],"is_endless":false,"potions_floor_spawned":[4,5,6,8],"killed_by":"3 Byrds","ascension_level":0}}