{"host":"x6tlfgqpy55vgxdn","time":1607840804,"event":{"mods":["AchievementEnabler","BaseMod","DeckTracker","Minty Spire (QoL Compilation)","Permanent Neow","StSLib","SuperFastMode"],"gold_per_floor":[115,132,82,94,94,94,125,125,125,158,158,158,83,111,111,214,214,229,243,57,57,75,106,106,126,195,222,297,309,319,319,319,415,415,429,441,716,134,154,188,204,204,249,249,249,288,72,72,72,72],"floor_reached":51,"playtime":1871,"items_purged":["Defend_P","Strike_P","Regret","Strike_P"],"score":1108,"play_id":"22f04b5a-a9a4-4974-8717-0e2f9dae8558","local_time":"20201213152644","is_ascension_mode":true,"campfire_choices":[{"data":"Eruption","floor":6.0,"key":"SMITH"},{"data":"SignatureMove","floor":8.0,"key":"SMITH"},{"data":"CrushJoints","floor":12.0,"key":"SMITH"},{"data":"Establishment","floor":15.0,"key":"SMITH"},{"data":"DevaForm","floor":24.0,"key":"SMITH"},{"data":"TalkToTheHand","floor":32.0,"key":"SMITH"},{"data":"Establishment","floor":42.0,"key":"SMITH"},{"floor":44.0,"key":"REST"},{"data":"Fasting2","floor":49.0,"key":"SMITH"}],"circlet_count":0,"master_deck":["Eruption+1","Vigilance+1","Blasphemy+1","SignatureMove+1","CrushJoints+1","Establishment+1","Worship+1","DeceiveReality+1","DevaForm+1","Adaptation","Panacea+1","SpiritShield+1","Vengeance+1","Worship+1","Establishment+1","TalkToTheHand+1","Vault+1","Fasting2+1","MentalFortress"],"relics":["PureWater","War Paint","Toxic Egg 2","GoldenEye","Eternal Feather","Incense Burner","Runic Pyramid","Nunchaku","HornCleat","Mummified Hand","SlaversCollar","TheAbacus","Lantern","Omamori","CeramicFish","Toy Ornithopter","Pen Nib","Dream Catcher"],"acts_visited":["Exordium","TheCity","TheBeyond"],"potions_floor_usage":[50,50],"damage_taken":[{"damage":0.0,"enemies":"2 Louse","floor":1.0,"turns":2.0},{"damage":0.0,"enemies":"Jaw Worm","floor":2.0,"turns":1.0},{"damage":0.0,"enemies":"Small Slimes","floor":4.0,"turns":3.0},{"damage":0.0,"enemies":"Lagavulin","floor":7.0,"turns":1.0},{"damage":0.0,"enemies":"Gremlin Nob","floor":10.0,"turns":2.0},{"damage":15.0,"enemies":"3 Sentries","floor":14.0,"turns":5.0},{"damage":5.0,"enemies":"Hexaghost","floor":16.0,"turns":4.0},{"damage":12.0,"enemies":"Chosen","floor":18.0,"turns":2.0},{"damage":14.0,"enemies":"Shell Parasite","floor":19.0,"turns":2.0},{"damage":23.0,"enemies":"Centurion and Healer","floor":22.0,"turns":2.0},{"damage":6.0,"enemies":"Gremlin Leader","floor":23.0,"turns":4.0},{"damage":4.0,"enemies":"3 Cultists","floor":25.0,"turns":3.0},{"damage":13.0,"enemies":"Slavers","floor":27.0,"turns":5.0},{"damage":0.0,"enemies":"Snake Plant","floor":29.0,"turns":1.0},{"damage":0.0,"enemies":"Sentry and Sphere","floor":30.0,"turns":4.0},{"damage":0.0,"enemies":"Collector","floor":33.0,"turns":4.0},{"damage":0.0,"enemies":"3 Darklings","floor":35.0,"turns":1.0},{"damage":19.0,"enemies":"3 Shapes","floor":36.0,"turns":6.0},{"damage":0.0,"enemies":"Writhing Mass","floor":39.0,"turns":5.0},{"damage":33.0,"enemies":"Nemesis","floor":40.0,"turns":4.0},{"damage":0.0,"enemies":"3 Darklings","floor":41.0,"turns":5.0},{"damage":0.0,"enemies":"Giant Head","floor":46.0,"turns":5.0},{"damage":1,"enemies":"Time Eater","floor":50,"turns":6}],"seed_played":"-5498167693606996954","potions_obtained":[{"floor":1.0,"key":"SkillPotion"},{"floor":2.0,"key":"Explosive Potion"},{"floor":10.0,"key":"DuplicationPotion"},{"floor":14.0,"key":"LiquidMemories"},{"floor":23.0,"key":"DistilledChaos"},{"floor":27.0,"key":"LiquidMemories"},{"floor":29.0,"key":"StancePotion"},{"floor":33.0,"key":"BottledMiracle"},{"floor":36.0,"key":"SpeedPotion"},{"floor":40.0,"key":"Weak Potion"},{"floor":46.0,"key":"PowerPotion"}],"is_trial":false,"path_per_floor":["M","M","?","M","T","R","E","R","T","E","?","R","$","E","R","B",null,"M","M","$","?","M","E","R","M","T","E","?","M","M","?","R","B",null,"M","M","?","$","M","E","M","R","T","R","?","E","$","T","R","B",null],"character_chosen":"WATCHER","items_purchased":["Panacea+1","TheAbacus","Lantern","Omamori","MentalFortress"],"campfire_rested":1,"item_purchase_floors":[20,38,38,38,47],"current_hp_per_floor":[51,51,51,51,51,51,51,51,51,51,44,50,50,35,41,36,72,60,46,46,46,23,17,26,22,22,9,2,2,2,2,11,11,72,72,53,53,53,53,20,20,29,29,59,59,59,59,59,68,71],"gold":72,"neow_bonus":"TRANSFORM_TWO_CARDS","is_daily":false,"chose_seed":false,"campfire_upgraded":8,"win_rate":0.0,"timestamp":1607840804,"path_taken":["M","M","?","M","?","R","E","R","T","E","?","R","$","E","R","BOSS","M","?","$","?","M","E","R","M","T","E","?","?","M","?","R","BOSS","M","M","?","$","?","E","M","R","T","R","?","E","$","?","R","BOSS"],"items_purchased_type":["Card","Relic","Relic","Relic","Card"],"build_version":"2020-11-30","purchased_purges":4,"victory":true,"max_hp_per_floor":[72,72,72,72,72,72,72,72,72,72,72,72,72,72,72,72,72,72,72,72,72,72,72,72,72,72,72,72,72,72,72,72,72,72,72,72,72,72,72,72,72,72,72,72,72,72,72,72,72,72],"card_choices":[{"not_picked":["CrushJoints","ClearTheMind"],"picked":"SignatureMove","floor":1.0},{"not_picked":["CrushJoints","InnerPeace","Halt"],"picked":"SKIP","floor":2.0},{"not_picked":["InnerPeace","Halt"],"picked":"CrushJoints","floor":2.0},{"not_picked":["Crescendo","Protect","EmptyFist"],"picked":"SKIP","floor":4.0},{"not_picked":["PathToVictory+1","WindmillStrike"],"picked":"Establishment","floor":7.0},{"not_picked":["Protect+1","Vengeance+1"],"picked":"Worship+1","floor":10.0},{"not_picked":["MentalFortress","Wireheading"],"picked":"DeceiveReality+1","floor":14.0},{"not_picked":["Brilliance","Blasphemy+1"],"picked":"DevaForm","floor":16.0},{"not_picked":["WreathOfFlame+1","Crescendo+1"],"picked":"Adaptation","floor":18.0},{"not_picked":["EmptyFist+1","JustLucky","ThirdEye+1"],"picked":"SKIP","floor":19.0},{"not_picked":["Halt+1","ThirdEye+1"],"picked":"Worship+1","floor":22.0},{"not_picked":["Prostrate+1","WindmillStrike+1"],"picked":"Establishment","floor":23.0},{"not_picked":["Wireheading","FlurryOfBlows","ClearTheMind+1"],"picked":"SKIP","floor":25.0},{"not_picked":["Swivel+1","TalkToTheHand","PathToVictory+1"],"picked":"SKIP","floor":27.0},{"not_picked":["Crescendo+1","EmptyBody+1"],"picked":"TalkToTheHand","floor":29.0},{"not_picked":["JustLucky","Perseverance+1","Crescendo+1"],"picked":"SKIP","floor":30.0},{"not_picked":["Devotion","Judgement+1"],"picked":"Vault+1","floor":33.0},{"not_picked":["BowlingBash+1","Study","PathToVictory+1"],"picked":"SKIP","floor":35.0},{"not_picked":["EmptyBody+1","FollowUp","FlyingSleeves+1"],"picked":"SKIP","floor":36.0},{"not_picked":["EmptyFist+1","Prostrate+1","ThirdEye+1"],"picked":"SKIP","floor":39.0},{"not_picked":["CarveReality+1","Study+1","Crescendo+1"],"picked":"SKIP","floor":40.0},{"not_picked":["Indignation+1","BowlingBash","Evaluate+1"],"picked":"SKIP","floor":41.0},{"not_picked":["Wallop","Perseverance+1","Fasting2"],"picked":"SKIP","floor":46.0},{"not_picked":["Wallop","Perseverance+1"],"picked":"Fasting2","floor":46.0}],"player_experience":129282,"relics_obtained":[{"floor":5.0,"key":"War Paint"},{"floor":7.0,"key":"Toxic Egg 2"},{"floor":9.0,"key":"GoldenEye"},{"floor":10.0,"key":"Eternal Feather"},{"floor":14.0,"key":"Incense Burner"},{"floor":23.0,"key":"Nunchaku"},{"floor":26.0,"key":"HornCleat"},{"floor":27.0,"key":"Mummified Hand"},{"floor":40.0,"key":"CeramicFish"},{"floor":43.0,"key":"Toy Ornithopter"},{"floor":46.0,"key":"Pen Nib"},{"floor":48.0,"key":"Dream Catcher"}],"event_choices":[{"cards_removed":["Strike_P"],"damage_healed":0.0,"max_hp_gain":0.0,"max_hp_loss":0.0,"gold_gain":0.0,"event_name":"The Cleric","player_choice":"Card Removal","floor":3.0,"gold_loss":50.0,"damage_taken":0.0},{"damage_healed":0.0,"max_hp_gain":0.0,"max_hp_loss":0.0,"gold_gain":0.0,"event_name":"Wheel of Change","player_choice":"Damaged","floor":11.0,"gold_loss":0.0,"damage_taken":7.0},{"damage_healed":0.0,"max_hp_gain":0.0,"max_hp_loss":0.0,"gold_gain":0.0,"cards_transformed":["Defend_P","Defend_P"],"event_name":"Drug Dealer","player_choice":"Became Test Subject","floor":21.0,"gold_loss":0.0,"damage_taken":0.0,"cards_obtained":["SpiritShield","Vengeance"]},{"damage_healed":0.0,"max_hp_gain":0.0,"max_hp_loss":0.0,"gold_gain":75.0,"event_name":"FaceTrader","player_choice":"Touch","floor":28.0,"gold_loss":0.0,"damage_taken":7.0},{"damage_healed":0.0,"max_hp_gain":0.0,"max_hp_loss":0.0,"gold_gain":0.0,"event_name":"Vampires","player_choice":"Ignored","floor":31.0,"gold_loss":0.0,"damage_taken":0.0},{"damage_healed":0.0,"max_hp_gain":0.0,"max_hp_loss":0.0,"gold_gain":275.0,"event_name":"Golden Shrine","player_choice":"Desecrate","floor":37.0,"gold_loss":0.0,"damage_taken":0.0,"cards_obtained":["Regret"]},{"cards_removed":["FollowUp"],"damage_healed":0.0,"max_hp_gain":0.0,"max_hp_loss":0.0,"gold_gain":0.0,"event_name":"Falling","player_choice":"Removed Attack","floor":45.0,"gold_loss":0.0,"damage_taken":0.0}],"is_beta":false,"boss_relics":[{"not_picked":["Sozu","Cursed Key"],"picked":"Runic Pyramid"},{"not_picked":["Pandora\u0027s Box","Calling Bell"],"picked":"SlaversCollar"}],"items_purged_floors":[13,20,38,47],"is_endless":false,"potions_floor_spawned":[1,2,10,14,19,23,27,29,33,36,40,46],"ascension_level":4}}