{"host":"dl5mjdlimopbuch5","time":1607887514,"event":{"mods":["AchievementEnabler","BaseMod","Colored Powertips","Googly Eyes","Minty Spire (QoL Compilation)","Quick Restart"],"gold_per_floor":[112,112,112,112,130,164,164,164,218,249,249,249,249,262,262,388,388,407,407,322,334,371,383,426,126,126,140,140,67,86,106,106,236,236,254,31,46,46,69,107,107,150,150,168,191,216,216,235,235,235],"floor_reached":51,"playtime":1616,"items_purged":[],"score":895,"play_id":"895feda9-f5ed-4225-a9da-1d84c8b3819f","local_time":"20201213192514","is_ascension_mode":true,"campfire_choices":[{"data":"Neutralize","floor":8.0,"key":"SMITH"},{"floor":12.0,"key":"REST"},{"data":"Survivor","floor":15.0,"key":"SMITH"},{"floor":23.0,"key":"REST"},{"floor":28.0,"key":"REST"},{"floor":32.0,"key":"REST"},{"floor":41.0,"key":"REST"},{"floor":49.0,"key":"REST"}],"circlet_count":0,"master_deck":["Strike_G+1","Strike_G+1","Strike_G+1","Strike_G+1","Defend_G+1","Defend_G+1","Defend_G+1","Defend_G+1","Survivor+1","Neutralize+1","Noxious Fumes+1","Escape Plan+1","Corpse Explosion+1","Quick Slash+1","Acrobatics+1","Reflex+1","Catalyst+1","Catalyst+1","Bouncing Flask+1","Venomology+1","Noxious Fumes+1"],"relics":["Ring of the Snake","NeowsBlessing","Toxic Egg 2","Frozen Egg 2","Regal Pillow","Bottled Tornado","Golden Idol","Astrolabe","MawBank","TungstenRod","Thread and Needle","StrikeDummy","Busted Crown","Membership Card","Akabeko","Dream Catcher","Meat on the Bone","Whetstone"],"acts_visited":["Exordium","TheCity","TheBeyond"],"potions_floor_usage":[50,50,50],"damage_taken":[{"damage":0.0,"enemies":"2 Louse","floor":1.0,"turns":1.0},{"damage":0.0,"enemies":"Jaw Worm","floor":5.0,"turns":1.0},{"damage":0.0,"enemies":"Gremlin Nob","floor":6.0,"turns":1.0},{"damage":28.0,"enemies":"Lagavulin","floor":10.0,"turns":7.0},{"damage":9.0,"enemies":"Small Slimes","floor":14.0,"turns":4.0},{"damage":34.0,"enemies":"Slime Boss","floor":16.0,"turns":13.0},{"damage":10.0,"enemies":"Shell Parasite","floor":18.0,"turns":6.0},{"damage":26.0,"enemies":"2 Thieves","floor":22.0,"turns":3.0},{"damage":44.0,"enemies":"Book of Stabbing","floor":24.0,"turns":4.0},{"damage":15.0,"enemies":"Sentry and Sphere","floor":27.0,"turns":4.0},{"damage":5.0,"enemies":"Snecko","floor":30.0,"turns":3.0},{"damage":1.0,"enemies":"Cultist and Chosen","floor":31.0,"turns":4.0},{"damage":17.0,"enemies":"Automaton","floor":33.0,"turns":4.0},{"damage":29.0,"enemies":"3 Darklings","floor":35.0,"turns":3.0},{"damage":9.0,"enemies":"3 Shapes","floor":37.0,"turns":2.0},{"damage":2.0,"enemies":"3 Darklings","floor":39.0,"turns":2.0},{"damage":24.0,"enemies":"Reptomancer","floor":40.0,"turns":5.0},{"damage":25.0,"enemies":"Nemesis","floor":42.0,"turns":5.0},{"damage":2.0,"enemies":"Transient","floor":44.0,"turns":5.0},{"damage":11.0,"enemies":"Maw","floor":45.0,"turns":4.0},{"damage":12.0,"enemies":"Sphere and 2 Shapes","floor":46.0,"turns":5.0},{"damage":4.0,"enemies":"4 Shapes","floor":48.0,"turns":3.0},{"damage":33,"enemies":"Time Eater","floor":50,"turns":4}],"seed_played":"-1043985447129136242","potions_obtained":[{"floor":5.0,"key":"EssenceOfSteel"},{"floor":14.0,"key":"SkillPotion"},{"floor":24.0,"key":"Explosive Potion"},{"floor":30.0,"key":"DuplicationPotion"},{"floor":31.0,"key":"AttackPotion"},{"floor":37.0,"key":"Swift Potion"},{"floor":40.0,"key":"CultistPotion"},{"floor":46.0,"key":"PowerPotion"}],"is_trial":false,"path_per_floor":["M","?","$","?","M","E","?","R","T","E","?","R","$","M","R","B",null,"M","?","?","?","M","R","E","$","T","M","R","$","M","M","R","B",null,"M","$","M","$","M","E","R","E","T","M","M","M","?","M","R","B",null],"character_chosen":"THE_SILENT","items_purchased":["Thread and Needle","EssenceOfSteel","Membership Card","Akabeko"],"campfire_rested":6,"item_purchase_floors":[25,29,36,36],"current_hp_per_floor":[70,70,70,70,70,70,56,56,56,28,28,62,62,53,53,19,65,55,55,55,55,29,63,19,19,19,4,38,38,33,32,65,48,65,36,36,27,27,25,1,35,10,10,20,21,21,21,29,63,42],"gold":235,"neow_bonus":"THREE_ENEMY_KILL","is_daily":false,"chose_seed":false,"campfire_upgraded":2,"win_rate":0.0,"timestamp":1607887514,"path_taken":["M","?","$","?","M","E","?","R","T","E","?","R","$","M","R","BOSS","M","?","?","?","M","R","E","?","T","M","R","$","?","M","R","BOSS","M","$","M","$","?","E","R","E","T","M","M","M","?","?","R","BOSS"],"items_purchased_type":["Relic","Potion","Relic","Relic"],"build_version":"2020-11-30","purchased_purges":0,"victory":true,"max_hp_per_floor":[70,70,70,70,70,70,70,70,70,70,65,65,65,65,65,65,65,65,65,65,65,65,65,65,65,65,65,65,65,65,65,65,65,65,65,65,65,65,65,65,65,65,65,65,65,65,65,65,65,65],"card_choices":[{"not_picked":["Prepared","Blade Dance"],"picked":"Accuracy","floor":1.0},{"not_picked":["Choke","Slice","Dagger Throw"],"picked":"SKIP","floor":5.0},{"not_picked":["Dash","Deadly Poison+1"],"picked":"Noxious Fumes+1","floor":6.0},{"not_picked":["Acrobatics+1","Finisher","Deflect+1"],"picked":"SKIP","floor":10.0},{"not_picked":["Prepared+1","Doppelganger+1"],"picked":"Escape Plan+1","floor":14.0},{"not_picked":["Adrenaline+1","Venomology+1"],"picked":"Corpse Explosion+1","floor":16.0},{"not_picked":["Reflex+1","Bane","Prepared+1"],"picked":"SKIP","floor":18.0},{"not_picked":["PiercingWail+1","Prepared+1","Well Laid Plans+1"],"picked":"SKIP","floor":22.0},{"not_picked":["Dodge and Roll+1","Masterful Stab"],"picked":"Catalyst+1","floor":24.0},{"not_picked":["Poisoned Stab","Dash","Escape Plan+1"],"picked":"SKIP","floor":27.0},{"not_picked":["Bane+1","Deflect+1","Quick Slash"],"picked":"SKIP","floor":30.0},{"not_picked":["Dagger Throw","Deflect+1"],"picked":"Bouncing Flask+1","floor":31.0},{"not_picked":["Malaise+1","Grand Finale"],"picked":"Venomology+1","floor":33.0},{"not_picked":["Dodge and Roll+1"],"picked":"SKIP","floor":35.0},{"not_picked":["Acrobatics+1"],"picked":"SKIP","floor":37.0},{"not_picked":["Underhanded Strike"],"picked":"SKIP","floor":39.0},{"not_picked":["Concentrate+1"],"picked":"SKIP","floor":40.0},{"not_picked":["Underhanded Strike"],"picked":"SKIP","floor":42.0},{"not_picked":["Acrobatics+1"],"picked":"SKIP","floor":44.0},{"not_picked":["Poisoned Stab+1"],"picked":"SKIP","floor":45.0},{"not_picked":[],"picked":"Noxious Fumes+1","floor":46.0},{"not_picked":["Bouncing Flask+1"],"picked":"SKIP","floor":48.0}],"player_experience":214195,"relics_obtained":[{"floor":6.0,"key":"Frozen Egg 2"},{"floor":9.0,"key":"Regal Pillow"},{"floor":10.0,"key":"Bottled Tornado"},{"floor":24.0,"key":"TungstenRod"},{"floor":26.0,"key":"StrikeDummy"},{"floor":40.0,"key":"Dream Catcher"},{"floor":42.0,"key":"Meat on the Bone"},{"floor":43.0,"key":"Whetstone"}],"event_choices":[{"damage_healed":0.0,"max_hp_gain":0.0,"max_hp_loss":0.0,"gold_gain":0.0,"event_name":"Golden Wing","player_choice":"Ignored","floor":2.0,"gold_loss":0.0,"damage_taken":0.0},{"damage_healed":0.0,"max_hp_gain":0.0,"max_hp_loss":0.0,"gold_gain":0.0,"event_name":"Big Fish","player_choice":"Box","floor":4.0,"gold_loss":0.0,"damage_taken":0.0,"relics_obtained":["Toxic Egg 2"],"cards_obtained":["Regret"]},{"damage_healed":0.0,"max_hp_gain":0.0,"max_hp_loss":0.0,"gold_gain":0.0,"event_name":"Shining Light","player_choice":"Entered Light","floor":7.0,"gold_loss":0.0,"damage_taken":14.0,"cards_upgraded":["Defend_G","Defend_G"]},{"damage_healed":0.0,"max_hp_gain":0.0,"max_hp_loss":5.0,"gold_gain":0.0,"event_name":"Golden Idol","player_choice":"Lose Max HP","floor":11.0,"gold_loss":0.0,"damage_taken":0.0,"relics_obtained":["Golden Idol"]},{"damage_healed":0.0,"max_hp_gain":0.0,"max_hp_loss":0.0,"gold_gain":0.0,"event_name":"Back to Basics","player_choice":"Simplicity","floor":19.0,"gold_loss":0.0,"damage_taken":0.0,"cards_upgraded":["Strike_G","Strike_G","Strike_G","Strike_G","Defend_G","Defend_G","Defend_G"]},{"damage_healed":0.0,"max_hp_gain":0.0,"max_hp_loss":0.0,"gold_gain":0.0,"event_name":"Addict","player_choice":"Obtained Relic","floor":20.0,"gold_loss":85.0,"damage_taken":0.0,"relics_obtained":["MawBank"]},{"damage_healed":0.0,"max_hp_gain":0.0,"max_hp_loss":0.0,"gold_gain":0.0,"event_name":"The Library","player_choice":"Read","floor":21.0,"gold_loss":0.0,"damage_taken":0.0,"cards_obtained":["Catalyst"]},{"cards_removed":["Regret"],"damage_healed":0.0,"max_hp_gain":0.0,"max_hp_loss":0.0,"gold_gain":0.0,"event_name":"Fountain of Cleansing","player_choice":"Removed Curses","floor":47.0,"gold_loss":0.0,"damage_taken":0.0}],"is_beta":false,"boss_relics":[{"not_picked":["Coffee Dripper","Philosopher\u0027s Stone"],"picked":"Astrolabe"},{"not_picked":["Velvet Choker","Sozu"],"picked":"Busted Crown"}],"items_purged_floors":[],"is_endless":false,"potions_floor_spawned":[5,14,24,30,31,37,40,46],"ascension_level":3}}