{"host":"7yyoe0ei0fseceei","time":1607869434,"event":{"mods":["BaseMod","Colored Map","Highlight Path","Minty Spire (QoL Compilation)","Quick Restart"],"gold_per_floor":[119,119,138,138,161,199,199,214,514,564,564,579,579,600,600,600,600],"floor_reached":16,"playtime":275,"items_purged":[],"score":204,"play_id":"774e6e3d-76c5-4874-a6b4-5ea42426f465","local_time":"20201213152354","is_ascension_mode":true,"campfire_choices":[{"data":"Carnage","floor":7,"key":"SMITH"},{"floor":11,"key":"REST"},{"floor":13,"key":"REST"},{"data":"Armaments","floor":15,"key":"SMITH"}],"circlet_count":0,"master_deck":["AscendersBane","Strike_R","Strike_R","Strike_R","Strike_R","Strike_R","Defend_R","Defend_R","Defend_R","Defend_R","Bash","Clothesline","Armaments+1","Injury","Carnage+1","Iron Wave","Clothesline","Anger","Clothesline"],"relics":["Burning Blood","NeowsBlessing","Letter Opener","Golden Idol","Unceasing Top","Old Coin"],"acts_visited":["Exordium"],"potions_floor_usage":[16,16],"damage_taken":[{"damage":0,"enemies":"Small Slimes","floor":1,"turns":1},{"damage":0,"enemies":"Jaw Worm","floor":3,"turns":1},{"damage":0,"enemies":"2 Louse","floor":5,"turns":1},{"damage":46,"enemies":"Gremlin Nob","floor":6,"turns":5},{"damage":30,"enemies":"Large Slime","floor":8,"turns":6},{"damage":11,"enemies":"Blue Slaver","floor":12,"turns":3},{"damage":16,"enemies":"Red Slaver","floor":14,"turns":3},{"damage":32,"enemies":"Slime Boss","floor":16,"turns":7}],"seed_played":"4238978427493823776","potions_obtained":[{"floor":6,"key":"GamblersBrew"},{"floor":8,"key":"SteroidPotion"}],"is_trial":false,"path_per_floor":["M","?","M","?","M","E","R","M","T","?","R","M","R","M","R","B"],"character_chosen":"IRONCLAD","items_purchased":[],"campfire_rested":2,"item_purchase_floors":[],"current_hp_per_floor":[74,63,69,69,75,35,35,11,11,11,33,28,50,40,40,8,8],"gold":600,"neow_bonus":"THREE_ENEMY_KILL","is_daily":false,"chose_seed":false,"campfire_upgraded":2,"win_rate":0.0,"timestamp":1607869434,"path_taken":["M","?","M","?","M","E","R","M","T","?","R","M","R","M","R","BOSS"],"items_purchased_type":[],"build_version":"2020-11-30","purchased_purges":0,"victory":false,"max_hp_per_floor":[75,75,75,75,75,75,75,75,75,75,75,75,75,75,75,75,75],"card_choices":[{"not_picked":["Heavy Blade","Warcry"],"picked":"Clothesline","floor":1},{"not_picked":["Shockwave","Iron Wave"],"picked":"Armaments","floor":3},{"not_picked":["Power Through","Havoc"],"picked":"Carnage","floor":5},{"not_picked":["Thunderclap","Berserk"],"picked":"Iron Wave","floor":6},{"not_picked":["Warcry","Clash"],"picked":"Clothesline","floor":8},{"not_picked":["Second Wind","Metallicize"],"picked":"Anger","floor":12},{"not_picked":["Body Slam","Anger"],"picked":"Clothesline","floor":14}],"player_experience":832946,"relics_obtained":[{"floor":6,"key":"Unceasing Top"},{"floor":9,"key":"Old Coin"}],"event_choices":[{"damage_healed":0,"gold_gain":0,"player_choice":"Success","damage_taken":11,"relics_obtained":["Letter Opener"],"max_hp_gain":0,"max_hp_loss":0,"event_name":"Scrap Ooze","floor":2,"gold_loss":0},{"damage_healed":0,"gold_gain":0,"player_choice":"Take Wound","damage_taken":0,"relics_obtained":["Golden Idol"],"max_hp_gain":0,"max_hp_loss":0,"event_name":"Golden Idol","floor":4,"gold_loss":0,"cards_obtained":["Injury"]},{"damage_healed":0,"gold_gain":50,"player_choice":"Gained Gold","damage_taken":0,"max_hp_gain":0,"max_hp_loss":0,"event_name":"Golden Wing","floor":10,"gold_loss":0}],"is_beta":false,"boss_relics":[],"items_purged_floors":[],"is_endless":false,"potions_floor_spawned":[6,8],"killed_by":"Slime Boss","ascension_level":20}}