{"host":"jtxptf9isiqyc7jm","time":1607895893,"event":{"mods":["Act Like it!","BaseMod","Bestiary","BetterRewards","Colored Powertips","Custom Start","Downfall","Friendly Minions","Hermit","Hubris","Infinite Spire","Jorbs\u0027s Wanderer Trilogy","Kiyohime????","Koishi","Lobotomy","Marisa????????","Minty Spire (QoL Compilation)","Prisma Mod","Remilia??????","Replay The Spire","Shop Mod","StSLib","The Construct","The Cursed","The Disciple","The Hierophant","The Jungle","The Runesmith","The Senshi","The Servant 0.9.4"],"gold_per_floor":[135,135,135,135,165,249,300,378,378,462,543,603,648,723,723,1008,1008,1062,1062,1062,1098,1191,1191,1266,1266,1266,1266,1371,1419,1500,1530,1530,1926,1926,2090,2090],"floor_reached":35,"playtime":1506,"items_purged":[],"score":700,"play_id":"607d84c7-add7-47b5-85ef-6c2f0ce66e34","local_time":"20201213214453","daily_mods":["Vintage","Heirloom","Time Dilation","DeadlyEvents","Elite Swarm","Lethality","Midas"],"is_ascension_mode":false,"campfire_choices":[{"floor":15,"key":"REST"},{"floor":23,"key":"REST"},{"floor":32,"key":"REST"}],"circlet_count":0,"master_deck":["Strike_G+1","Strike_G","Strike_G","Strike_G","Defend_G","Defend_G","Defend_G","Defend_G","Defend_G","Survivor+1","Neutralize","Adrenaline","A Thousand Cuts","Replay:Bag of Tricks","Die Die Die+1","After Image","Burst+1","Corpse Explosion+1","Poison Darts+1","ReplayTheSpireMod:From All Sides+1","Envenom","Poison Darts+1"],"relics":["Ring of the Snake","replay:Trail_Library","infinitespire:Golems Mask","hubris:SphereOfDissonance","Molten Egg 2","Vajra","Akabeko","Ginger","Blood Vial","Ornamental Fan","Bag of Preparation","ReplayTheSpireMod:TigerMarble","Smiling Mask","Toxic Egg 2","Black Star","ReplayTheSpireMod:Shallot","hubris:Icosahedron","AntiCross","champ:DuelingGlove","Shuriken","MealTicket","hubris:AstralHammer","FaceOfCleric","Replay:Bottled Flurry","hubris:FunFungus","Strawberry","hubris:GlazedTorus","hubris:ToyBattleship","theSenshi:SailorFukuRelic","Mummified Hand","hubris:SlimyHat","infinitespire:EvilPickle","WristBlade","Replay:Mystery Machine"],"acts_visited":["Exordium","TheCity","TheBeyond"],"potions_floor_usage":[16,24,28,30,33,33,33],"damage_taken":[{"damage":0,"enemies":"Small Slimes","floor":1,"turns":3},{"damage":0,"enemies":"Cultist","floor":5,"turns":1},{"damage":27,"enemies":"3 Sentries","floor":6,"turns":8},{"damage":0,"enemies":"Jaw Worm","floor":7,"turns":2},{"damage":4,"enemies":"Gremlin Nob","floor":8,"turns":3},{"damage":10,"enemies":"Lagavulin","floor":10,"turns":3},{"damage":13,"enemies":"Gremlin Nob","floor":11,"turns":3},{"damage":0,"enemies":"Red Slaver","floor":12,"turns":1},{"damage":0,"enemies":"Exordium Wildlife","floor":13,"turns":1},{"damage":0,"enemies":"3 Sentries","floor":14,"turns":2},{"damage":7,"enemies":"Fading Forest","floor":16,"turns":11},{"damage":0,"enemies":"3 Byrds","floor":18,"turns":1},{"damage":0,"enemies":"Spheric Guardian","floor":21,"turns":1},{"damage":0,"enemies":"Book of Stabbing","floor":22,"turns":2},{"damage":30,"enemies":"Gremlin Leader","floor":24,"turns":3},{"damage":4,"enemies":"Slavers","floor":28,"turns":2},{"damage":8,"enemies":"3 Cultists","floor":29,"turns":4},{"damage":0,"enemies":"Gremlin Leader","floor":30,"turns":1},{"damage":0,"enemies":"Centurion and Healer","floor":31,"turns":2},{"damage":9,"enemies":"Pondfish","floor":33,"turns":5},{"damage":7,"enemies":"3 Shapes","floor":35,"turns":2}],"seed_played":"-7183781439554986606","potions_obtained":[{"floor":6,"key":"Swift Potion"},{"floor":8,"key":"Dexterity Potion"},{"floor":11,"key":"Guardian:BlockOnCardUsePotion"},{"floor":16,"key":"EssenceOfSteel"},{"floor":24,"key":"BlessingOfTheForge"},{"floor":29,"key":"Swift Potion"},{"floor":31,"key":"Cursed Concoction"}],"is_trial":true,"path_per_floor":["M","?","?","?","M","E","M","E","T","E","E","M","M","E","R","B",null,"M","?","?","M","E","R","E","?","T","AVR","E","M","E","M","R","B",null,"M"],"character_chosen":"THE_SILENT","items_purchased":[],"campfire_rested":3,"item_purchase_floors":[],"current_hp_per_floor":[70,70,70,70,70,43,43,39,39,31,20,22,24,26,47,50,70,70,57,57,59,61,75,45,45,45,45,51,46,49,52,77,71,87,81,81],"gold":2090,"neow_bonus":"","is_daily":false,"chose_seed":false,"campfire_upgraded":0,"win_rate":0.0,"timestamp":1607895893,"path_taken":["M","?","?","?","?","E","?","?","T","E","?","?","M","E","R","BOSS","M","?","?","?","?","R","E","?","T","AVR","E","M","E","M","R","BOSS","M"],"items_purchased_type":[],"build_version":"2020-11-30","purchased_purges":0,"victory":false,"max_hp_per_floor":[70,70,70,70,70,70,70,70,70,70,70,70,70,70,70,70,70,70,75,75,75,75,75,75,75,75,75,83,84,85,86,86,87,87,88,88],"card_choices":[{"not_picked":["Unload+1","Phantasmal Killer"],"picked":"Adrenaline","floor":6},{"not_picked":["Unload+1","After Image"],"picked":"A Thousand Cuts","floor":8},{"not_picked":["Night Terror","Adrenaline"],"picked":"Replay:Bag of Tricks","floor":10},{"not_picked":["Replay:Bag of Tricks","Phantasmal Killer"],"picked":"Die Die Die+1","floor":11},{"not_picked":["Replay:Bag of Tricks+1","Malaise+1"],"picked":"After Image","floor":14},{"not_picked":["A Thousand Cuts","ReplayTheSpireMod:Necrosis+1"],"picked":"Burst+1","floor":16},{"not_picked":["Tools of the Trade","Storm of Steel+1"],"picked":"Corpse Explosion+1","floor":22},{"not_picked":["Wraith Form v2","Night Terror+1"],"picked":"Poison Darts+1","floor":24},{"not_picked":["Unload+1","Storm of Steel+1"],"picked":"ReplayTheSpireMod:From All Sides+1","floor":28},{"not_picked":["Doppelganger+1","Malaise+1"],"picked":"Envenom","floor":30},{"not_picked":["Bullet Time+1","Adrenaline+1"],"picked":"Poison Darts+1","floor":33}],"player_experience":86603,"relics_obtained":[{"floor":1,"key":"hubris:SphereOfDissonance"},{"floor":5,"key":"Molten Egg 2"},{"floor":6,"key":"Vajra"},{"floor":7,"key":"Akabeko"},{"floor":8,"key":"Ginger"},{"floor":9,"key":"Blood Vial"},{"floor":10,"key":"Ornamental Fan"},{"floor":11,"key":"Bag of Preparation"},{"floor":12,"key":"ReplayTheSpireMod:TigerMarble"},{"floor":13,"key":"Smiling Mask"},{"floor":14,"key":"Toxic Egg 2"},{"floor":18,"key":"ReplayTheSpireMod:Shallot"},{"floor":21,"key":"AntiCross"},{"floor":22,"key":"champ:DuelingGlove"},{"floor":22,"key":"Shuriken"},{"floor":24,"key":"MealTicket"},{"floor":24,"key":"hubris:AstralHammer"},{"floor":26,"key":"Replay:Bottled Flurry"},{"floor":28,"key":"Strawberry"},{"floor":28,"key":"hubris:GlazedTorus"},{"floor":29,"key":"hubris:ToyBattleship"},{"floor":30,"key":"theSenshi:SailorFukuRelic"},{"floor":30,"key":"Mummified Hand"},{"floor":31,"key":"hubris:SlimyHat"},{"floor":35,"key":"Replay:Mystery Machine"}],"event_choices":[{"damage_healed":0,"gold_gain":0,"player_choice":"Grow","damage_taken":0,"max_hp_gain":0,"max_hp_loss":0,"event_name":"Living Wall","floor":3,"gold_loss":0,"cards_upgraded":["Survivor"]},{"cards_removed":["Strike_G"],"damage_healed":0,"gold_gain":0,"player_choice":"Offered Basic","damage_taken":0,"max_hp_gain":0,"max_hp_loss":0,"event_name":"Bonfire Elementals","floor":4,"gold_loss":0},{"damage_healed":0,"gold_gain":0,"player_choice":"Shed Blood","damage_taken":18,"max_hp_gain":5,"max_hp_loss":0,"event_name":"Forgotten Altar","floor":19,"gold_loss":0},{"damage_healed":0,"gold_gain":0,"player_choice":"Trade","damage_taken":0,"relics_obtained":["FaceOfCleric"],"max_hp_gain":0,"max_hp_loss":0,"event_name":"FaceTrader","floor":25,"gold_loss":0}],"is_beta":false,"boss_relics":[{"not_picked":["expansioncontent:StudyCardRelic","Runic Pyramid"],"picked":"Black Star"},{"not_picked":["ReplayTheSpireMod:SealedPack","Sozu"],"picked":"WristBlade"}],"items_purged_floors":[],"is_endless":false,"potions_floor_spawned":[6,8,11,12,14,16,21,24,29,31],"killed_by":"3 Shapes","ascension_level":0}}