{"host":"nj06ypb01n3s9mn8","time":1607897580,"event":{"mods":["2.2 Compatiblity","BaseMod","Colored Map","Downfall","Highlight Path","Marisa????????","Minty Spire (QoL Compilation)","Replay The Spire","StSLib","The Animator","The Bug Knight","The Necromancer","The Servant 0.9.4","Waifu the Spire"],"gold_per_floor":[110,80,5,20,37,37,66,95,121,121,121,21,67,104,104,223,223,262,187,35,35,35,70,70,87,111,140,140,140,159,176,176,176,176],"floor_reached":33,"playtime":2580,"items_purged":["Strike_MRS","Strike_MRS"],"score":318,"play_id":"ede0fa84-bee3-4a46-8c86-573b5c46efe2","local_time":"20201213191300","is_ascension_mode":false,"campfire_choices":[{"data":"UpSweep","floor":6,"key":"SMITH"},{"floor":10,"key":"REST"},{"data":"MagicChant","floor":15,"key":"SMITH"},{"floor":24,"key":"RECALL"},{"floor":32,"key":"REST"}],"circlet_count":0,"master_deck":["Defend_MRS","Defend_MRS","Defend_MRS","Defend_MRS","MasterSpark","UpSweep+1","GrandCross","6A","LuminesStrike","MaximisePower","MagicChant+1","ChargeUpSpray","StarDustReverie","6A","TreasureHunter","Bite","Bite+1","Bite","Bite+1","Bite","Shame","GalacticHalo+1","DoubleSpark+1","RitualDagger"],"relics":["BewitchedHakkero","NeowsBlessing","Boot","Replay:Mystery Machine","Orichalcum","PreservedInsect","CaptainsWheel","Blood Vial","ReplayFunnel","Whetstone","Oddly Smooth Stone"],"acts_visited":["Exordium","TheCity"],"potions_floor_usage":[8,16,18,23,23,27,33],"damage_taken":[{"damage":0,"enemies":"Small Slimes","floor":1,"turns":1},{"damage":0,"enemies":"Cultist","floor":4,"turns":1},{"damage":0,"enemies":"Jaw Worm","floor":5,"turns":1},{"damage":13,"enemies":"3 Sentries","floor":7,"turns":6},{"damage":13,"enemies":"3 Louse","floor":8,"turns":4},{"damage":21,"enemies":"Lagavulin","floor":13,"turns":5},{"damage":6,"enemies":"Large Slime","floor":14,"turns":5},{"damage":11,"enemies":"Slime Boss","floor":16,"turns":5},{"damage":25,"enemies":"Spheric Guardian","floor":18,"turns":4},{"damage":16,"enemies":"Slavers","floor":23,"turns":5},{"damage":0,"enemies":"Chosen","floor":25,"turns":4},{"damage":20,"enemies":"Book of Stabbing","floor":27,"turns":4},{"damage":21,"enemies":"Centurion and Healer","floor":30,"turns":6},{"damage":12,"enemies":"Chosen and Byrds","floor":31,"turns":5},{"damage":72,"enemies":"Collector","floor":33,"turns":6}],"seed_played":"4264319031704342194","potions_obtained":[{"floor":2,"key":"champ:CounterPotion"},{"floor":2,"key":"PowerPotion"},{"floor":4,"key":"sneckomod:MuddlingPotion"},{"floor":8,"key":"DuplicationPotion"},{"floor":8,"key":"Ancient Potion"},{"floor":13,"key":"Toxic Potion"},{"floor":13,"key":"Adrenaline Potion"},{"floor":14,"key":"Fire Potion"},{"floor":16,"key":"Fire Potion"},{"floor":18,"key":"Elixir"},{"floor":18,"key":"Dexterity Potion"},{"floor":30,"key":"Regen Potion"},{"floor":31,"key":"CultistPotion"}],"is_trial":false,"path_per_floor":["M","?","$","M","M","R","E","M","T","R","?","$","E","M","R","B",null,"M","?","$","?","?","E","R","M","T","E","?","T","M","M","R","B"],"character_chosen":"MARISA","items_purchased":["TreasureHunter"],"campfire_rested":2,"item_purchase_floors":[20],"current_hp_per_floor":[75,75,75,75,75,75,62,49,49,71,71,71,50,44,44,33,75,50,50,50,50,50,40,40,46,46,32,26,26,23,22,37,0,0],"gold":176,"neow_bonus":"THREE_ENEMY_KILL","is_daily":false,"chose_seed":false,"campfire_upgraded":2,"win_rate":0.0,"timestamp":1607897580,"path_taken":["M","?","$","M","?","R","E","M","T","R","?","?","E","M","R","BOSS","M","?","$","?","?","E","R","M","T","E","?","?","M","M","R","BOSS"],"items_purchased_type":["Card"],"build_version":"2020-11-29","purchased_purges":2,"victory":false,"max_hp_per_floor":[75,75,75,75,75,75,75,75,75,75,75,75,75,75,75,75,75,75,75,75,52,52,52,52,52,52,52,52,52,52,52,52,52,52],"card_choices":[{"not_picked":["WitchLeyline","OrrerysSun"],"picked":"GrandCross","floor":1},{"not_picked":["ShootingEcho","PowerUp"],"picked":"6A","floor":4},{"not_picked":["DragonMeteor","NonDirectionalLaser"],"picked":"LuminesStrike","floor":5},{"not_picked":["GasGiant","GravityBeat"],"picked":"WitchOfGreed","floor":7},{"not_picked":["GravityBeat","SporeBomb"],"picked":"MaximisePower","floor":8},{"not_picked":["ShootingEcho","MilkyWay"],"picked":"ChargeUpSpray","floor":13},{"not_picked":["IllusionStar","WitchLeyline","GravityBeat"],"picked":"SKIP","floor":14},{"not_picked":["FinalSpark","BigCrunch"],"picked":"StarDustReverie","floor":16},{"not_picked":["MilkyWay","LuminesStrike"],"picked":"6A","floor":18},{"not_picked":["GrandCross","NonDirectionalLaser","UnstableBomb"],"picked":"SKIP","floor":23},{"not_picked":["6A","LuminesStrike"],"picked":"GalacticHalo+1","floor":25},{"not_picked":["AbsoluteMagnitude","DeepEcoloBomb"],"picked":"DoubleSpark+1","floor":27},{"not_picked":["EnergyRecoil","PowerUp","IllusionStar"],"picked":"SKIP","floor":30},{"not_picked":["GrandCross","MysteriousBeam","UnstableBomb"],"picked":"SKIP","floor":31}],"player_experience":27403,"relics_obtained":[{"floor":7,"key":"Boot"},{"floor":13,"key":"Replay:Mystery Machine"},{"floor":23,"key":"PreservedInsect"},{"floor":23,"key":"CaptainsWheel"},{"floor":26,"key":"Blood Vial"},{"floor":27,"key":"ReplayFunnel"},{"floor":27,"key":"Whetstone"},{"floor":29,"key":"Oddly Smooth Stone"}],"event_choices":[{"damage_healed":0,"gold_gain":0,"player_choice":"Bought 2 Potions","damage_taken":0,"max_hp_gain":0,"max_hp_loss":0,"event_name":"The Woman in Blue","floor":2,"gold_loss":0},{"damage_healed":0,"gold_gain":0,"cards_transformed":["Strike_MRS"],"player_choice":"Transformed","damage_taken":0,"max_hp_gain":0,"max_hp_loss":0,"event_name":"Transmorgrifier","floor":11,"gold_loss":0,"cards_obtained":["MagicChant"]},{"cards_removed":["WitchOfGreed"],"damage_healed":0,"gold_gain":0,"player_choice":"Gave Gold","damage_taken":0,"max_hp_gain":0,"max_hp_loss":0,"event_name":"Beggar","floor":19,"gold_loss":75},{"damage_healed":0,"gold_gain":0,"player_choice":"Became a vampire","damage_taken":0,"max_hp_gain":0,"max_hp_loss":23,"event_name":"Vampires","floor":21,"gold_loss":0,"cards_obtained":["Bite","Bite","Bite","Bite","Bite"]},{"damage_healed":0,"gold_gain":0,"player_choice":"Stole Relic","damage_taken":0,"relics_obtained":["Orichalcum"],"max_hp_gain":0,"max_hp_loss":0,"event_name":"Addict","floor":22,"gold_loss":0,"cards_obtained":["Shame"]},{"damage_healed":0,"gold_gain":0,"player_choice":"Joined the Cult","damage_taken":6,"max_hp_gain":0,"max_hp_loss":0,"event_name":"Nest","floor":28,"gold_loss":0,"cards_obtained":["RitualDagger"]}],"is_beta":false,"boss_relics":[{"not_picked":["Philosopher\u0027s Stone","Empty Cage"],"picked":"BewitchedHakkero"}],"items_purged_floors":[3,12],"is_endless":false,"potions_floor_spawned":[4,8,13,18,30,31],"killed_by":"Collector","ascension_level":0}}