{"host":"ek0z0lqzh47k8ua6","time":1607850716,"event":{"mods":["Act Like it!","BaseMod","Gensokyo","Hubris","Infinite Spire","Koishi","Marisa????????","Mimic Mod","Minty Spire (QoL Compilation)","Prisma Mod","Reimu??????","Remilia??????","StSLib","The Construct","The Mystic","The Servant 0.9.4"],"gold_per_floor":[111,59,59,59,59,59,87,87,124,124,134,151,186,186,186,282,282,295,295,169,181,198,198,226,226,250,250,250,264,264,92,92,92,92],"floor_reached":33,"playtime":1343,"items_purged":[],"score":294,"play_id":"aa0f160b-d4a5-4513-b389-ecfcd82970d5","local_time":"20201213041156","daily_mods":["Heirloom","Time Dilation","Flight"],"is_ascension_mode":false,"campfire_choices":[{"floor":6,"key":"REST"},{"data":"Koishi:JumpScare","floor":8,"key":"SMITH"},{"data":"Koishi:Catatonia","floor":15,"key":"SMITH"},{"floor":23,"key":"REST"},{"floor":25,"key":"DIG"},{"floor":27,"key":"DIG"},{"floor":30,"key":"REST"},{"data":"Koishi:TerrifyingSpectre","floor":32,"key":"SMITH"}],"circlet_count":0,"master_deck":["Koishi:BasicStrike","Koishi:BasicStrike","Koishi:BasicStrike","Koishi:BasicStrike","Koishi:BasicDefend","Koishi:BasicDefend","Koishi:BasicDefend","Koishi:BasicDefend","Koishi:Provoke","Koishi:HauntingSlash","Koishi:JumpScare+1","Koishi:JumpScare+1","Koishi:BloodcurdlingScream","Koishi:BloodcurdlingScream","Koishi:EmbryosDream","Koishi:StingingMind","Koishi:RacingHeart","Koishi:Catatonia+1","Koishi:SubconsciousSweep","Koishi:ReflexRadar","Koishi:TerrifyingSpectre+1","Koishi:DreadfulBlow","Koishi:RacingHeart","PrismaMod:IllyaGrail+1","Koishi:ParalyzingFear","Koishi:UnconsciousUrges","Koishi:SpiritedAway+1","Koishi:ParalyzingFear","Koishi:Untouchable","Koishi:StingingMind+1","Koishi:DreadfulBlow","Koishi:RacingHeart"],"relics":["Koishi:ImaginaryFriend","Prayer Wheel","Koishi:AHoleWhereASisterShouldBe","hubris:BottledRain","Bag of Marbles","hubris:Towel","White Beast Statue","hubris:Backtick","Shovel","hubris:SphereOfDissonance","infinitespire:PuzzleCube","Koishi:BloodstainedWhiteRose","Juzu Bracelet","Gensokyo:ChorusOfJoy","hubris:ToyBattleship"],"acts_visited":["Gensokyo:Gensokyo","Gensokyo:Gensokyoer"],"potions_floor_usage":[33],"damage_taken":[{"damage":4,"enemies":"Gensokyo:Gryphon","floor":1,"turns":5},{"damage":11,"enemies":"Gensokyo:Mamizou","floor":7,"turns":12},{"damage":10,"enemies":"Gensokyo:2_Kodama","floor":9,"turns":9},{"damage":0,"enemies":"Gensokyo:2_Kodama","floor":11,"turns":1},{"damage":0,"enemies":"Gensokyo:Python","floor":12,"turns":2},{"damage":0,"enemies":"Gensokyo:Aya","floor":13,"turns":1},{"damage":2,"enemies":"Gensokyo:Reimu","floor":16,"turns":7},{"damage":21,"enemies":"Gensokyo:Chomper","floor":18,"turns":4},{"damage":2,"enemies":"Gensokyo:2_Gloops","floor":21,"turns":3},{"damage":32,"enemies":"Gensokyo:Swordslinger","floor":22,"turns":4},{"damage":16,"enemies":"Gensokyo:Reisen","floor":24,"turns":4},{"damage":31,"enemies":"Gensokyo:Wraith","floor":29,"turns":4},{"damage":94,"enemies":"Gensokyo:Eternal_Rivals","floor":33,"turns":6}],"seed_played":"-5911731093733047399","potions_obtained":[{"floor":1,"key":"SteroidPotion"},{"floor":12,"key":"EssenceOfSteel"},{"floor":16,"key":"SpeedPotion"},{"floor":21,"key":"BlessingOfTheForge"},{"floor":24,"key":"MagicPotion:ReiMu"},{"floor":29,"key":"Regen Potion"}],"is_trial":true,"path_per_floor":["M","$","?","?","?","R","E","R","MIM","?","M","M","E","?","R","B",null,"M","?","$","M","M","R","E","R","T","R","?","M","R","$","R","B"],"character_chosen":"KOISHI","items_purchased":["Koishi:BloodcurdlingScream","Koishi:ParalyzingFear","Koishi:UnconsciousUrges","hubris:ToyBattleship","Koishi:RacingHeart"],"campfire_rested":3,"item_purchase_floors":[2,20,20,31,31],"current_hp_per_floor":[59,59,65,65,52,66,64,64,64,64,66,66,66,66,66,66,66,56,56,56,64,47,66,63,63,63,63,66,50,66,66,66,0,0],"gold":92,"neow_bonus":"","is_daily":false,"chose_seed":false,"campfire_upgraded":3,"win_rate":0.0,"timestamp":1607850716,"path_taken":["M","$","?","?","?","R","E","R","MIM","?","M","?","E","?","R","BOSS","M","?","?","M","M","R","E","R","T","R","?","M","R","$","R","BOSS"],"items_purchased_type":["Card","Card","Card","Relic","Card"],"build_version":"2020-11-30","purchased_purges":0,"victory":false,"max_hp_per_floor":[60,60,66,66,66,66,66,66,66,66,66,66,66,66,66,66,66,66,66,66,66,66,66,66,66,66,66,66,66,66,66,66,66,66],"card_choices":[{"not_picked":["Koishi:Catatonia","Koishi:SubterraneanRose"],"picked":"Koishi:JumpScare","floor":1},{"not_picked":["Koishi:BloodcurdlingScream","Koishi:TremblingHands"],"picked":"Koishi:JumpScare","floor":1},{"not_picked":["Koishi:CatchAndRose","Koishi:FidgetySnatcher"],"picked":"Koishi:BloodcurdlingScream","floor":7},{"not_picked":["Koishi:Vanish","Koishi:CatchAndRose"],"picked":"Koishi:EmbryosDream","floor":9},{"not_picked":["Koishi:PerfectMindControl","Koishi:JumpScare"],"picked":"Koishi:StingingMind","floor":11},{"not_picked":["Koishi:Prune","Koishi:CatchAndRose"],"picked":"Koishi:RacingHeart","floor":11},{"not_picked":["Koishi:RacingHeart","Koishi:EmbryosDream"],"picked":"Koishi:Catatonia","floor":12},{"not_picked":["Koishi:PhilosophyOfTheDespised","Koishi:PhantomStrike"],"picked":"Koishi:SubconsciousSweep","floor":12},{"not_picked":["Koishi:SuperEgo","Koishi:FreudianInstinct"],"picked":"Koishi:ReflexRadar","floor":13},{"not_picked":["Koishi:RoseHell","Koishi:Ego"],"picked":"Koishi:TerrifyingSpectre","floor":16},{"not_picked":["Koishi:TraumaticStroke+1","Koishi:StingingMind"],"picked":"Koishi:DreadfulBlow","floor":18},{"not_picked":["Koishi:DreadfulBlow","Koishi:HeartAttack+1"],"picked":"Koishi:RacingHeart","floor":18},{"not_picked":["Koishi:HeartfeltFancy","Koishi:ReleaseOfTheId"],"picked":"Koishi:SpiritedAway+1","floor":21},{"not_picked":["Koishi:HeartfeltFancy+1","Koishi:FadingMemory","Koishi:UnansweredLove"],"picked":"SKIP","floor":21},{"not_picked":["Koishi:EmbryosDream","Koishi:ApparitionsStalkTheNight"],"picked":"Koishi:ParalyzingFear","floor":22},{"not_picked":["Koishi:Bloodlust","Koishi:RacingHeart"],"picked":"Koishi:Untouchable","floor":22},{"not_picked":["Koishi:FleetingPhantom","Koishi:ReflexRadar","Koishi:SubconsciousSweep+1"],"picked":"SKIP","floor":24},{"not_picked":["Koishi:PhantomStrike","Koishi:SubterraneanRose"],"picked":"Koishi:StingingMind+1","floor":29},{"not_picked":["Koishi:LastRemote","Koishi:Prune"],"picked":"Koishi:DreadfulBlow","floor":29}],"player_experience":165277,"relics_obtained":[{"floor":7,"key":"hubris:BottledRain"},{"floor":9,"key":"Bag of Marbles"},{"floor":13,"key":"White Beast Statue"},{"floor":24,"key":"hubris:SphereOfDissonance"},{"floor":25,"key":"infinitespire:PuzzleCube"},{"floor":26,"key":"Koishi:BloodstainedWhiteRose"},{"floor":27,"key":"Juzu Bracelet"}],"event_choices":[],"is_beta":false,"boss_relics":[{"not_picked":["Philosopher\u0027s Stone","Ectoplasm"],"picked":"hubris:Backtick"}],"items_purged_floors":[],"is_endless":false,"potions_floor_spawned":[1,12,16,18,21,22,24,29],"killed_by":"Gensokyo:Eternal_Rivals","ascension_level":0}}