{"host":"2hea6pl5vmah38iy","time":1607869911,"event":{"mods":["AchievementEnabler","BaseMod","Colored Map","DeckTracker","Keyboard Shortcuts","Minty Spire (QoL Compilation)","Rare Cards Sparkle","StSLib","SuperFastMode","everything is the same but u backflip on backflip"],"gold_per_floor":[118,88,8,23,34,34,53,64,140,110,110,130,130,145,145,221,221,231,85,95,194,194,194,221,221,221,0,0,19,39,51,51,128,128,144,160,160,176,192,204,229,248,302,56,56,88,88,107,107,107,107,107,35,65,65],"floor_reached":56,"playtime":5643,"items_purged":["Strike_G","Shame"],"score":1947,"play_id":"263bac37-e2b3-4e16-bc20-8d73c7188807","local_time":"20201213233151","is_ascension_mode":true,"campfire_choices":[{"data":"Footwork","floor":6.0,"key":"SMITH"},{"floor":13.0,"key":"REST"},{"data":"Footwork","floor":15.0,"key":"SMITH"},{"data":"Caltrops","floor":23.0,"key":"SMITH"},{"data":"Burst","floor":25.0,"key":"SMITH"},{"data":"Footwork","floor":32.0,"key":"SMITH"},{"floor":47.0,"key":"RECALL"},{"data":"Footwork","floor":49.0,"key":"SMITH"},{"data":"True Grit","floor":52.0,"key":"SMITH"}],"circlet_count":0,"master_deck":["AscendersBane","Strike_G","Defend_G","Defend_G","Defend_G","Defend_G","Survivor","Neutralize","Footwork+1","Footwork+1","Backflip","Deflect","Deflect","Backflip","Infinite Blades","Burst+1","Burst+1","Blade Dance+1","Bouncing Flask+1","Dodge and Roll","Caltrops+1","Dodge and Roll+1","Footwork+1","Evaluate","Berserk","Offering","Worship+1","Dual Wield+1","Parasite","True Grit+1","Hologram","Vault","Footwork+1","Footwork+1","Well Laid Plans"],"relics":["Ring of the Snake","FossilizedHelix","Question Card","Astrolabe","Dead Branch","Eternal Feather","PrismaticShard","Art of War","Black Star","White Beast Statue","Mercury Hourglass","Paper Crane","Bottled Lightning","Orichalcum","Bottled Tornado"],"acts_visited":["Exordium","TheCity","TheBeyond","TheEnding"],"potions_floor_usage":[55],"damage_taken":[{"damage":0.0,"enemies":"2 Louse","floor":1.0,"turns":4.0},{"damage":0.0,"enemies":"Cultist","floor":4.0,"turns":5.0},{"damage":0.0,"enemies":"Jaw Worm","floor":5.0,"turns":6.0},{"damage":15.0,"enemies":"3 Louse","floor":7.0,"turns":9.0},{"damage":0.0,"enemies":"Large Slime","floor":8.0,"turns":11.0},{"damage":0.0,"enemies":"Looter","floor":10.0,"turns":4.0},{"damage":18.0,"enemies":"Gremlin Gang","floor":12.0,"turns":7.0},{"damage":2.0,"enemies":"Exordium Thugs","floor":14.0,"turns":7.0},{"damage":3.0,"enemies":"Slime Boss","floor":16.0,"turns":10.0},{"damage":0.0,"enemies":"Shell Parasite","floor":18.0,"turns":6.0},{"damage":0.0,"enemies":"Chosen","floor":20.0,"turns":13.0},{"damage":3.0,"enemies":"Book of Stabbing","floor":24.0,"turns":8.0},{"damage":0.0,"enemies":"Snake Plant","floor":29.0,"turns":6.0},{"damage":0.0,"enemies":"Chosen and Byrds","floor":30.0,"turns":6.0},{"damage":0.0,"enemies":"Sentry and Sphere","floor":31.0,"turns":10.0},{"damage":0.0,"enemies":"Automaton","floor":33.0,"turns":14.0},{"damage":0.0,"enemies":"3 Darklings","floor":35.0,"turns":5.0},{"damage":6.0,"enemies":"Orb Walker","floor":36.0,"turns":5.0},{"damage":6.0,"enemies":"Writhing Mass","floor":38.0,"turns":5.0},{"damage":6.0,"enemies":"Spire Growth","floor":39.0,"turns":7.0},{"damage":23.0,"enemies":"Sphere and 2 Shapes","floor":40.0,"turns":10.0},{"damage":27.0,"enemies":"Reptomancer","floor":41.0,"turns":5.0},{"damage":0.0,"enemies":"Maw","floor":42.0,"turns":9.0},{"damage":0.0,"enemies":"Giant Head","floor":46.0,"turns":12.0},{"damage":13.0,"enemies":"4 Shapes","floor":48.0,"turns":4.0},{"damage":17.0,"enemies":"Awakened One","floor":50.0,"turns":12.0},{"damage":7.0,"enemies":"Shield and Spear","floor":54.0,"turns":10.0},{"damage":43,"enemies":"The Heart","floor":55,"turns":12}],"seed_played":"1905073856886465445","potions_obtained":[{"floor":1.0,"key":"FearPotion"},{"floor":2.0,"key":"CultistPotion"},{"floor":16.0,"key":"GamblersBrew"},{"floor":18.0,"key":"Poison Potion"},{"floor":24.0,"key":"BlessingOfTheForge"},{"floor":30.0,"key":"CunningPotion"},{"floor":36.0,"key":"EssenceOfSteel"},{"floor":39.0,"key":"Weak Potion"},{"floor":41.0,"key":"Weak Potion"},{"floor":42.0,"key":"PowerPotion"},{"floor":48.0,"key":"CultistPotion"},{"floor":54.0,"key":"CultistPotion"}],"is_trial":false,"path_per_floor":["M","?","$","M","M","R","M","M","T","M","?","M","R","M","R","B",null,"M","$","M","?","?","R","E","R","T","$","?","M","M","M","R","B",null,"M","M","?","M","M","M","E","M","T","$","?","E","R","M","R","B",null,"R","$","E","B",null],"character_chosen":"THE_SILENT","items_purchased":["Footwork","Caltrops","Footwork","PrismaticShard","Footwork","LiquidMemories","Well Laid Plans"],"campfire_rested":1,"item_purchase_floors":[3,19,27,27,44,44,53],"current_hp_per_floor":[45,45,45,45,45,45,30,30,30,30,30,12,33,31,31,28,60,60,60,60,60,47,47,44,44,44,44,44,44,44,44,59,59,71,71,65,65,59,53,30,3,3,3,3,3,3,21,8,26,9,59,75,75,68,25],"gold":65,"neow_bonus":"ONE_RARE_RELIC","is_daily":false,"chose_seed":false,"campfire_upgraded":7,"win_rate":0.0,"timestamp":1607869911,"path_taken":["M","?","?","M","M","R","M","M","T","?","?","M","R","M","R","BOSS","M","$","M","?","?","R","E","R","T","$","?","M","M","M","R","BOSS","M","M","?","?","M","M","E","M","T","$","?","E","R","M","R","BOSS","R","$","E","BOSS"],"items_purchased_type":["Card","Card","Card","Relic","Card","Potion","Card"],"build_version":"2020-11-30","purchased_purges":2,"victory":true,"max_hp_per_floor":[70,70,70,70,70,70,70,70,70,70,70,70,70,70,70,70,70,70,70,70,70,75,75,75,75,75,75,75,75,75,75,75,75,75,75,75,75,75,75,75,75,75,75,75,75,75,75,75,75,75,75,75,75,75,75],"card_choices":[{"not_picked":["Terror","All Out Attack"],"picked":"Footwork","floor":1.0},{"not_picked":["Prepared","Quick Slash"],"picked":"Backflip","floor":4.0},{"not_picked":["Dagger Throw","Blade Dance","Prepared"],"picked":"SKIP","floor":5.0},{"not_picked":["Noxious Fumes","Blade Dance"],"picked":"Deflect","floor":7.0},{"not_picked":["Catalyst","Quick Slash"],"picked":"Deflect","floor":8.0},{"not_picked":["Cloak And Dagger","Deadly Poison","Sucker Punch"],"picked":"Backflip","floor":10.0},{"not_picked":["Unload","Concentrate","Bane","Dagger Throw"],"picked":"SKIP","floor":12.0},{"not_picked":["Dagger Throw","Tactician","Bane","Choke"],"picked":"SKIP","floor":14.0},{"not_picked":["Corpse Explosion","Bullet Time","Die Die Die"],"picked":"Burst","floor":16.0},{"not_picked":["Riddle With Holes+1","Quick Slash","Underhanded Strike"],"picked":"Dodge and Roll","floor":18.0},{"not_picked":["Tactician","Outmaneuver","Choke","Deadly Poison+1"],"picked":"SKIP","floor":20.0},{"not_picked":["Bane","Concentrate","Prepared"],"picked":"Dodge and Roll+1","floor":24.0},{"not_picked":["Bane","Thunderclap","Compile Driver","Rampage"],"picked":"SKIP","floor":29.0},{"not_picked":["Accuracy","Streamline","Wild Strike"],"picked":"Evaluate","floor":30.0},{"not_picked":["Steam","Cleave","BootSequence"],"picked":"Berserk","floor":31.0},{"not_picked":["Establishment","Reboot","Corpse Explosion"],"picked":"Offering","floor":33.0},{"not_picked":["Blood for Blood","Underhanded Strike","Compile Driver"],"picked":"Worship+1","floor":35.0},{"not_picked":["CutThroughFate","Poisoned Stab","Setup"],"picked":"Dual Wield+1","floor":36.0},{"not_picked":["Barrage","Self Repair","Pray"],"picked":"True Grit","floor":38.0},{"not_picked":["Predator+1","Outmaneuver","Clothesline","FlurryOfBlows"],"picked":"SKIP","floor":39.0},{"not_picked":["PanicButton","Underhanded Strike","Double Energy","Armaments"],"picked":"SKIP","floor":40.0},{"not_picked":["Wild Strike","Force Field","Cold Snap+1"],"picked":"Hologram","floor":41.0},{"not_picked":["CrushJoints","Rebound","Good Instincts"],"picked":"Vault","floor":42.0},{"not_picked":["Prepared","Infinite Blades+1","Dagger Throw","Self Repair+1"],"picked":"SKIP","floor":46.0},{"not_picked":["Choke+1","Havoc","Wallop+1","Reflex"],"picked":"SKIP","floor":48.0},{"not_picked":["Twin Strike+1","Reckless Charge","Choke+1","Terror"],"picked":"SKIP","floor":54.0}],"player_experience":404582,"relics_obtained":[{"floor":9.0,"key":"Question Card"},{"floor":24.0,"key":"Dead Branch"},{"floor":26.0,"key":"Eternal Feather"},{"floor":41.0,"key":"White Beast Statue"},{"floor":41.0,"key":"Mercury Hourglass"},{"floor":46.0,"key":"Paper Crane"},{"floor":46.0,"key":"Bottled Lightning"},{"floor":54.0,"key":"Orichalcum"},{"floor":54.0,"key":"Bottled Tornado"}],"event_choices":[{"damage_healed":0.0,"max_hp_gain":0.0,"max_hp_loss":0.0,"gold_gain":0.0,"event_name":"The Woman in Blue","player_choice":"Bought 2 Potions","floor":2.0,"gold_loss":0.0,"damage_taken":0.0},{"damage_healed":0.0,"max_hp_gain":0.0,"max_hp_loss":0.0,"gold_gain":0.0,"cards_transformed":["Strike_G"],"event_name":"Living Wall","player_choice":"Change","floor":11.0,"gold_loss":0.0,"damage_taken":0.0,"cards_obtained":["Infinite Blades"]},{"damage_healed":0.0,"max_hp_gain":0.0,"max_hp_loss":0.0,"gold_gain":99.0,"event_name":"Nest","player_choice":"Stole From Cult","floor":21.0,"gold_loss":0.0,"damage_taken":0.0},{"damage_healed":0.0,"max_hp_gain":5.0,"max_hp_loss":0.0,"gold_gain":0.0,"event_name":"Forgotten Altar","player_choice":"Shed Blood","floor":22.0,"gold_loss":0.0,"damage_taken":18.0},{"damage_healed":0.0,"max_hp_gain":0.0,"max_hp_loss":0.0,"gold_gain":0.0,"event_name":"Addict","player_choice":"Stole Relic","floor":28.0,"gold_loss":0.0,"damage_taken":0.0,"relics_obtained":["Art of War"],"cards_obtained":["Shame"]},{"damage_healed":0.0,"max_hp_gain":0.0,"max_hp_loss":0.0,"gold_gain":0.0,"event_name":"Match and Keep!","player_choice":"0 cards matched","floor":37.0,"gold_loss":0.0,"damage_taken":0.0,"cards_obtained":[]},{"damage_healed":0.0,"max_hp_gain":0.0,"max_hp_loss":0.0,"gold_gain":0.0,"event_name":"Duplicator","player_choice":"Copied","floor":45.0,"gold_loss":0.0,"damage_taken":0.0,"cards_obtained":["Footwork"]}],"is_beta":false,"boss_relics":[{"not_picked":["Tiny House","Coffee Dripper"],"picked":"Astrolabe"},{"not_picked":["Snecko Eye","SacredBark"],"picked":"Black Star"}],"items_purged_floors":[19,44],"is_endless":false,"potions_floor_spawned":[1,4,5,14,16,18,24,30,31,36,39,41,42,48,54],"ascension_level":13}}