{"host":"mkv3lj8gfkr85ioo","time":1607896694,"event":{"mods":["AchievementEnabler","BaseMod","Colored Map","Minty Spire (QoL Compilation)","SuperFastMode"],"gold_per_floor":[15,34,50,70,89,89,122,122,198,233,243,257,49,66,66,143,143,114,125,45,95,105,105,117,146,169,169,169],"floor_reached":27,"playtime":957,"items_purged":[],"score":486,"play_id":"0a51ef0e-4372-4ba3-8e12-e41998a22757","local_time":"20201214065814","is_ascension_mode":true,"campfire_choices":[{"data":"Bash","floor":6.0,"key":"SMITH"},{"floor":8.0,"key":"REST"},{"data":"Heavy Blade","floor":15.0,"key":"SMITH"},{"data":"Inflame","floor":23.0,"key":"SMITH"}],"circlet_count":0,"master_deck":["AscendersBane","Strike_R","Strike_R","Strike_R","Strike_R","Strike_R","Defend_R","Defend_R","Defend_R","Defend_R","Bash+1","Heavy Blade+1","Second Wind","Inflame+1","Pommel Strike","Shrug It Off","Evolve","Limit Break","Carnage","Barricade"],"relics":["Burning Blood","FossilizedHelix","Bag of Preparation","Shuriken","Du-Vu Doll","Bronze Scales","Sozu","PreservedInsect","Strawberry"],"acts_visited":["Exordium","TheCity"],"potions_floor_usage":[],"damage_taken":[{"damage":11.0,"enemies":"Cultist","floor":1.0,"turns":4.0},{"damage":7.0,"enemies":"Small Slimes","floor":2.0,"turns":5.0},{"damage":17.0,"enemies":"Jaw Worm","floor":3.0,"turns":4.0},{"damage":9.0,"enemies":"Blue Slaver","floor":4.0,"turns":5.0},{"damage":7.0,"enemies":"Gremlin Gang","floor":5.0,"turns":5.0},{"damage":41.0,"enemies":"Gremlin Nob","floor":7.0,"turns":5.0},{"damage":20.0,"enemies":"3 Sentries","floor":10.0,"turns":9.0},{"damage":0.0,"enemies":"Looter","floor":11.0,"turns":3.0},{"damage":0.0,"enemies":"3 Louse","floor":12.0,"turns":4.0},{"damage":2.0,"enemies":"Red Slaver","floor":14.0,"turns":4.0},{"damage":31.0,"enemies":"The Guardian","floor":16.0,"turns":8.0},{"damage":11.0,"enemies":"2 Thieves","floor":18.0,"turns":4.0},{"damage":17.0,"enemies":"3 Byrds","floor":19.0,"turns":4.0},{"damage":5.0,"enemies":"Snecko","floor":22.0,"turns":4.0},{"damage":16.0,"enemies":"Sentry and Sphere","floor":24.0,"turns":4.0},{"damage":31.0,"enemies":"Slavers","floor":25.0,"turns":4.0},{"damage":21,"enemies":"Book of Stabbing","floor":27,"turns":3}],"seed_played":"4510786383070242993","potions_obtained":[{"floor":2.0,"key":"AttackPotion"},{"floor":5.0,"key":"EssenceOfSteel"},{"floor":7.0,"key":"DuplicationPotion"},{"floor":11.0,"key":"Block Potion"}],"is_trial":false,"path_per_floor":["M","M","M","M","M","R","E","R","T","E","M","M","$","M","R","B",null,"M","M","$","?","M","R","M","E","T","E"],"character_chosen":"IRONCLAD","items_purchased":["Evolve","Bronze Scales","Carnage"],"campfire_rested":1,"item_purchase_floors":[13,13,20],"current_hp_per_floor":[63,62,51,48,47,47,12,34,34,20,26,32,32,36,36,11,59,54,43,43,43,44,44,34,9,16,0,0],"gold":169,"neow_bonus":"ONE_RARE_RELIC","is_daily":false,"chose_seed":false,"campfire_upgraded":3,"win_rate":0.0,"timestamp":1607896694,"path_taken":["M","M","M","M","M","R","E","R","T","E","M","?","$","M","R","BOSS","M","M","$","?","M","R","M","E","T","E"],"items_purchased_type":["Card","Relic","Card"],"build_version":"2020-11-30","purchased_purges":0,"victory":false,"max_hp_per_floor":[75,75,75,75,75,75,75,75,75,75,75,75,75,75,75,75,75,75,75,75,75,75,75,75,75,82,82,82],"card_choices":[{"not_picked":["True Grit","Clash","Feel No Pain"],"picked":"SKIP","floor":1.0},{"not_picked":["Intimidate","Cleave"],"picked":"Heavy Blade","floor":2.0},{"not_picked":["True Grit","Armaments","Clash"],"picked":"SKIP","floor":3.0},{"not_picked":["Evolve","Burning Pact"],"picked":"Second Wind","floor":4.0},{"not_picked":["Sentinel","Armaments","Dual Wield"],"picked":"SKIP","floor":5.0},{"not_picked":["Armaments","Feed"],"picked":"Inflame","floor":7.0},{"not_picked":["Cleave","Headbutt"],"picked":"Pommel Strike","floor":10.0},{"not_picked":["Sever Soul","Rage"],"picked":"Shrug It Off","floor":11.0},{"not_picked":["Sentinel","Whirlwind","True Grit"],"picked":"SKIP","floor":12.0},{"not_picked":["Second Wind","Sword Boomerang","Perfected Strike"],"picked":"SKIP","floor":14.0},{"not_picked":["Fiend Fire","Immolate"],"picked":"Limit Break","floor":16.0},{"not_picked":["Heavy Blade","Thunderclap","True Grit"],"picked":"SKIP","floor":18.0},{"not_picked":["Perfected Strike","Thunderclap","Anger"],"picked":"SKIP","floor":19.0},{"not_picked":["Burning Pact","Thunderclap+1","Havoc+1"],"picked":"SKIP","floor":22.0},{"not_picked":["True Grit","Pummel","Metallicize"],"picked":"SKIP","floor":24.0},{"not_picked":["Reckless Charge","Anger"],"picked":"Barricade","floor":25.0}],"player_experience":143942,"relics_obtained":[{"floor":7.0,"key":"Bag of Preparation"},{"floor":9.0,"key":"Shuriken"},{"floor":10.0,"key":"Du-Vu Doll"},{"floor":25.0,"key":"PreservedInsect"},{"floor":26.0,"key":"Strawberry"}],"event_choices":[{"damage_healed":0.0,"max_hp_gain":0.0,"max_hp_loss":0.0,"gold_gain":50.0,"event_name":"Golden Shrine","player_choice":"Pray","floor":21.0,"gold_loss":0.0,"damage_taken":0.0}],"is_beta":false,"boss_relics":[{"not_picked":["Runic Cube","Empty Cage"],"picked":"Sozu"}],"items_purged_floors":[],"is_endless":false,"potions_floor_spawned":[2,5,7,11,12,14,18,22,25],"killed_by":"Book of Stabbing","ascension_level":19}}