{"host":"pfna4jpnbj44b3d3","time":1607839694,"event":{"mods":["2.2 Compatiblity","AchievementEnabler","AlwaysNeverKeys","Ascension Reborn","Ascension Unlocker","Aspiration","BaseMod","Bestiary","Better Altar","Better Match","Better Sensory Stone","Better Silent Start","Better Skull","Better Third Choice","Better Vampires","Better-Laid Plans","BetterRewards","Block Reminder","CCEM","CapriCore","Clockwork Mod","Colored Map","Colored Powertips","Communication Mod","Conspire","Custom Start","Defective Defect","Disable Question Mark Monsters","Displayed Cursed Tome","Downfall","Emptier Cage","Energized Spire","Friendly Minions","GifTheSpireLib","Googly Eyes","Gremlin Skip","Halation","HexUI Lib","Highlight Path","Hubris","Infinite Spire","Jedi Mod","Keyboard Shortcuts","Minty Spire (QoL Compilation)","MonsterHotkey","Permanent Neow","Quarter Circle Forward PUNCH!","Quick Restart","Random Character Button","Random Character Mod","Rare Cards Sparkle","RatMod","Relic Sorter","Relic Stats","Replay The Spire","Reworked Bosses","RumiaBox-????????","SCP261 Mod","SacredBarkPlus","Shop Mod","Small Relic Pack","Spicy Shops","Spikes Relics","StSLib","Stuff the Spire","SuperFastMode","Synergy Search","The Blue Laboratory","The IronCluck","Trackpad","Uncapped","UnlockEverythingMod","Virulent Crown","Waifu the Spire","egg","everything is the same but u backflip on backflip","slay the spire mod where everything is the same but ironclad has a cowboy hat","vexMod"],"gold_per_floor":[110,124,49,49,0,26,48,48,48,64,34,50,85,96,96,192,192,202,202,182,202,288,315,315,315],"floor_reached":24,"playtime":3878,"items_purged":["Clockwork:Strike"],"score":226,"play_id":"bff87ea8-0536-47fc-9921-05eb32debbaa","local_time":"20201212220814","is_ascension_mode":false,"campfire_choices":[{"data":"Clockwork:ReactiveNanites","floor":8.0,"key":"SMITH"},{"floor":15.0,"key":"REST"}],"circlet_count":0,"master_deck":["Clockwork:Shield","Clockwork:Shield","Clockwork:Shield","Clockwork:Tinker","Clockwork:WarmUp","Clockwork:SpurOn","Clockwork:ForgeStrike","Clockwork:ForgeStrike","Clockwork:ReactiveNanites+1","Clockwork:SystemHardening","Clockwork:AeonShield","Clockwork:Clone","Clockwork:EnthusiasticStrike","Clockwork:CraftQuicksilverHourglass","Clockwork:RitualDaggerMk0","Clockwork:Downsize","Clockwork:RevUp","Clockwork:CogBarrier","Clockwork:CogShield"],"relics":["Clockwork:MomentumEngine","Clockwork:QuicksilverHourglass","halation:AfternoonTea","Odd Mushroom","aspiration:Lifesprig","Pen Nib","energizedSpire:RedRose","Clockwork:BloodPhial","relicPack:DSword","halation:KoshaPiece"],"acts_visited":["Exordium","TheCity"],"potions_floor_usage":[24],"damage_taken":[{"damage":29.0,"enemies":"Small Slimes","floor":1.0,"turns":9.0},{"damage":3.0,"enemies":"conspire:RoseBush","floor":2.0,"turns":5.0},{"damage":9.0,"enemies":"Lagavulin","floor":6.0,"turns":10.0},{"damage":14.0,"enemies":"The Mushroom Lair","floor":7.0,"turns":5.0},{"damage":0.0,"enemies":"Jaw Worm","floor":10.0,"turns":7.0},{"damage":0.0,"enemies":"Looter","floor":11.0,"turns":4.0},{"damage":0.0,"enemies":"2 Fungi Beasts","floor":12.0,"turns":5.0},{"damage":4.0,"enemies":"3 Sentries","floor":13.0,"turns":8.0},{"damage":0.0,"enemies":"Large Slime","floor":14.0,"turns":9.0},{"damage":19.0,"enemies":"Slime Boss","floor":16.0,"turns":13.0},{"damage":0.0,"enemies":"Shell Parasite","floor":18.0,"turns":9.0},{"damage":5.0,"enemies":"2 Thieves","floor":20.0,"turns":4.0},{"damage":16.0,"enemies":"conspire:HollyBat","floor":21.0,"turns":6.0},{"damage":20.0,"enemies":"Slavers","floor":23.0,"turns":7.0},{"damage":18,"enemies":"Cultist and Chosen","floor":24,"turns":4}],"seed_played":"-1182904290641933872","potions_obtained":[{"floor":2.0,"key":"blueLaboratory:RememoryPotion"},{"floor":12.0,"key":"blueLaboratory:Moonshine"},{"floor":14.0,"key":"blueLaboratory:HorrorPotion"},{"floor":16.0,"key":"blueLaboratory:NullPotion"},{"floor":21.0,"key":"blueLaboratory:FrostheartPotion"}],"is_trial":false,"path_per_floor":["M","M","$","?","$","E","?","R","T","M","M","M","E","M","R","B",null,"M","?","M","M","?","E","M"],"character_chosen":"CLOCKWORK","items_purchased":["Clockwork:ForgeStrike"],"campfire_rested":1,"item_purchase_floors":[5],"current_hp_per_floor":[56,53,53,53,53,44,30,30,30,30,30,30,26,26,51,47,85,85,50,47,33,33,15,0,0],"gold":315,"neow_bonus":"ONE_RANDOM_RARE_CARD","is_daily":false,"chose_seed":false,"campfire_upgraded":1,"win_rate":0.0,"timestamp":1607839694,"path_taken":["M","M","$","?","$","E","?","R","T","M","?","M","E","M","R","BOSS","M","?","M","M","?","E","M"],"items_purchased_type":["Card"],"build_version":"2020-11-30","purchased_purges":1,"victory":false,"max_hp_per_floor":[85,85,85,85,85,85,85,85,85,85,85,85,85,85,85,85,85,85,85,85,85,85,85,85,85],"relic_stats":{"counters":[15,104],"Pen Nib":[10],"obtain_stats":[{"Clockwork:MomentumEngine":0,"energizedSpire:RedRose":17,"aspiration:Lifesprig":9,"relicPack:DSword":19,"Clockwork:QuicksilverHourglass":1,"Clockwork:BloodPhial":18,"Pen Nib":13,"halation:KoshaPiece":22,"halation:AfternoonTea":6,"Odd Mushroom":7},{"Clockwork:MomentumEngine":0,"energizedSpire:RedRose":10,"aspiration:Lifesprig":4,"relicPack:DSword":11,"Clockwork:QuicksilverHourglass":1,"Clockwork:BloodPhial":11,"Pen Nib":8,"halation:KoshaPiece":13,"halation:AfternoonTea":3,"Odd Mushroom":4},{"Clockwork:MomentumEngine":0,"energizedSpire:RedRose":74,"aspiration:Lifesprig":29,"relicPack:DSword":83,"Clockwork:QuicksilverHourglass":8,"Clockwork:BloodPhial":80,"Pen Nib":52,"halation:KoshaPiece":93,"halation:AfternoonTea":24,"Odd Mushroom":29}]},"card_choices":[{"not_picked":["Clockwork:SnapKeep","Clockwork:SystemScan"],"picked":"Clockwork:SpurOn","floor":1.0},{"not_picked":["Clockwork:RampUp","Clockwork:ReserveSystems"],"picked":"Clockwork:ForgeStrike","floor":2.0},{"not_picked":["Clockwork:ElasticNanites","Clockwork:SearchingStrike"],"picked":"Clockwork:ReactiveNanites","floor":6.0},{"not_picked":["Clockwork:RampUp","Clockwork:Friction"],"picked":"Clockwork:Downsize","floor":7.0},{"not_picked":["Clockwork:Improve","Clockwork:ReserveSystems"],"picked":"Clockwork:SystemHardening","floor":10.0},{"not_picked":["Clockwork:MechanicalBulk","Clockwork:SnapKeep"],"picked":"Clockwork:AeonShield","floor":11.0},{"not_picked":["Clockwork:CogShield","Clockwork:ForgeStrike"],"picked":"Clockwork:CraftBloodPhial","floor":12.0},{"not_picked":["Clockwork:Enhance","Clockwork:AdaptiveShield"],"picked":"Clockwork:Clone","floor":13.0},{"not_picked":["Clockwork:SystemScan","Clockwork:ElasticNanites"],"picked":"Clockwork:EnthusiasticStrike","floor":14.0},{"not_picked":["Clockwork:AeonShield","Clockwork:Strangle"],"picked":"Clockwork:CraftQuicksilverHourglass","floor":16.0},{"not_picked":["Clockwork:SpringShield+1","Clockwork:Roundhouse+1"],"picked":"Clockwork:RitualDaggerMk0","floor":18.0},{"not_picked":["Clockwork:CogShield","Clockwork:AdaptiveShield+1"],"picked":"Clockwork:Downsize","floor":20.0},{"not_picked":["Clockwork:Pluck","Clockwork:MechanicalBulk"],"picked":"Clockwork:RevUp","floor":21.0},{"not_picked":["Clockwork:TestingEnvironment","Clockwork:LiteraryArmor+1"],"picked":"Clockwork:CogBarrier","floor":22.0},{"not_picked":["Clockwork:ChargingBlade+1","Clockwork:SystemHardening+1"],"picked":"Clockwork:CogShield","floor":23.0}],"player_experience":339927,"relics_obtained":[{"floor":6.0,"key":"halation:AfternoonTea"},{"floor":7.0,"key":"Odd Mushroom"},{"floor":9.0,"key":"aspiration:Lifesprig"},{"floor":13.0,"key":"Pen Nib"},{"floor":22.0,"key":"halation:KoshaPiece"}],"event_choices":[{"damage_healed":0.0,"max_hp_gain":0.0,"max_hp_loss":0.0,"gold_gain":0.0,"event_name":"Mushrooms","player_choice":"Fought Mushrooms","floor":7.0,"gold_loss":0.0,"damage_taken":0.0}],"is_beta":false,"boss_relics":[{"not_picked":["qcfpunch:Crimson_Sash","Pandora\u0027s Box"],"picked":"energizedSpire:RedRose"}],"items_purged_floors":[3],"is_endless":false,"potions_floor_spawned":[2,12,14,16,21],"killed_by":"Cultist and Chosen","ascension_level":0}}