{"host":"i0s8vbixp24k5aul","time":1607856991,"event":{"mods":["2.2 Compatiblity","Act Like it!","Aspiration","Bard","BaseMod","Better Note","Better Third Choice","Better Vampires","Colorless Booster Pack","Displayed Cursed Tome","Dota2Spire","GifTheSpireLib","Gremlin Mod","Halation","Jedi Mod","Minty Spire (QoL Compilation)","Optimize The Spire","Potionbrewer","Random Character Mod","Shade Mod","StSLib","Stuff the Spire","The Bug Knight","The Construct","The Cursed","The Disciple","TheHero","TheWitcher","vexMod","??????REMEMod"],"gold_per_floor":[116,116,131,131,52,84,97,123,193,193,212,67,67,81,81,186,186,206,206,226,58,58,58,87,37,37,37,48,76,91,101,101,199,249,262,186,202,202,98,125,125,151,176,187,201,229,249,249,249,249,249,249,27,54,54],"floor_reached":56,"playtime":3670,"items_purged":[],"score":1585,"play_id":"794799f9-04b6-4f9f-af62-6001246207cb","local_time":"20201213135631","is_ascension_mode":false,"campfire_choices":[{"floor":13,"key":"RECALL"},{"data":"animeID:Hawks","floor":15,"key":"SMITH"},{"data":"Gremlin:CatScratch","floor":23,"key":"SMITH"},{"data":"Gremlin:ArmsTheft","floor":27,"key":"SMITH"},{"floor":32,"key":"REST"},{"floor":41,"key":"REST"},{"data":"Gremlin:Unforgiving","floor":49,"key":"SMITH"},{"data":"Gremlin:GremlinMeal","floor":52,"key":"SMITH"}],"circlet_count":0,"master_deck":["Gremlin:Strike+1","Gremlin:Strike","Gremlin:Strike","Gremlin:Strike","Gremlin:Defend","Gremlin:Defend+1","Gremlin:Defend+1","Gremlin:Defend","Gremlin:TagTeam","Gremlin:GremlinDance","animeID:Hawks+1","Gremlin:Pretaliation","StuffTheSpire:CuriosityCurse","Gremlin:GremlinMeal+1","Gremlin:FairyDust","Gremlin:FeelTheAudience","Gremlin:AggressiveDefense","Gremlin:Jeer","Gremlin:CatScratch+1","Gremlin:TargetWeakness","Gremlin:ArmsTheft+1","jedi:strikingstrike+1","Gremlin:PartyStick","Gremlin:BulkUp","Gremlin:FeelTheAudience+1","Gremlin:Irritability","Gremlin:PartyStick","Gremlin:BubbleBarrier+1","Gremlin:Unforgiving+1","Gremlin:Tadah","Gremlin:CounterStrike+1","Gremlin:Polish","Gremlin:Flurry+1","Gremlin:Pinprick+1","Gremlin:DaggerDance+1","Gremlin:Flurry+1","Gremlin:ToeStub+1","Gremlin:Changeo","Gremlin:Glimmer+1","Gremlin:Polish","Gremlin:Changeo+1"],"relics":["Gremlin:GremlinKnob","REME_ComplimentaryCards","NeowsBlessing","StuffTheSpire:Expresso","halation:LostSnail","potionbrewer:ToyAutogyro","White Beast Statue","StuffTheSpire:CocoNut","Blue Candle","potionbrewer:Keyblade","REME_DuelDisc","Boot","Mercury Hourglass","Bottled Tornado","halation:PrussianBluePaint","Tiny House","halation:PapillonHeart","halation:Diary","TungstenRod","jedi:shrinkray","aspiration:FetidBarrel","halation:EternalFortune","Bronze Scales","Dota2Spire:CrimsonGuard"],"acts_visited":["Exordium","TheCity","TheBeyond","TheEnding"],"potions_floor_usage":[7,13,16,16,28,29,29,33,40,50,54,55,55,55,55,55],"damage_taken":[{"damage":0,"enemies":"Small Slimes","floor":1,"turns":1},{"damage":0,"enemies":"2 Louse","floor":3,"turns":1},{"damage":0,"enemies":"HollowMod:MossKnight","floor":6,"turns":1},{"damage":0,"enemies":"Cultist","floor":7,"turns":4},{"damage":0,"enemies":"3 Sentries","floor":8,"turns":6},{"damage":2,"enemies":"2 Fungi Beasts","floor":11,"turns":3},{"damage":0,"enemies":"Gremlin Gang","floor":14,"turns":2},{"damage":6,"enemies":"Hexaghost","floor":16,"turns":8},{"damage":1,"enemies":"Chosen","floor":18,"turns":3},{"damage":1,"enemies":"Spheric Guardian","floor":20,"turns":4},{"damage":4,"enemies":"Book of Stabbing","floor":24,"turns":5},{"damage":1,"enemies":"3 Cultists","floor":28,"turns":2},{"damage":3,"enemies":"REME_1_Revenger","floor":29,"turns":3},{"damage":0,"enemies":"Snecko","floor":30,"turns":1},{"damage":0,"enemies":"Centurion and Healer","floor":31,"turns":3},{"damage":0,"enemies":"Automaton","floor":33,"turns":9},{"damage":4,"enemies":"3 Shapes","floor":35,"turns":8},{"damage":1,"enemies":"Orb Walker","floor":37,"turns":2},{"damage":5,"enemies":"Reptomancer","floor":40,"turns":6},{"damage":0,"enemies":"Nemesis","floor":42,"turns":4},{"damage":0,"enemies":"Spire Growth","floor":44,"turns":3},{"damage":2,"enemies":"Transient","floor":45,"turns":5},{"damage":0,"enemies":"Reptomancer","floor":46,"turns":3},{"damage":0,"enemies":"Sphere and 2 Shapes","floor":47,"turns":2},{"damage":0,"enemies":"Awakened One","floor":50,"turns":9},{"damage":0,"enemies":"Shield and Spear","floor":54,"turns":4},{"damage":0,"enemies":"The Heart","floor":55,"turns":5}],"seed_played":"-5343339194433048047","potions_obtained":[{"floor":1,"key":"Dota2Spire:Clarity"},{"floor":7,"key":"Fruit Juice"},{"floor":11,"key":"potionbrewer:BlacksmithPotion"},{"floor":14,"key":"FearPotion"},{"floor":16,"key":"SteroidPotion"},{"floor":18,"key":"Explosive Potion"},{"floor":20,"key":"potionbrewer:StunPotion"},{"floor":24,"key":"SmokeBomb"},{"floor":28,"key":"jedi:StrikingPotion"},{"floor":29,"key":"potionbrewer:BlacksmithPotion"},{"floor":30,"key":"Dexterity Potion"},{"floor":31,"key":"potionbrewer:BarricadePotion"},{"floor":33,"key":"potionbrewer:EndurancePotion"},{"floor":34,"key":"SteroidPotion"},{"floor":40,"key":"potionbrewer:AcidPotion"},{"floor":42,"key":"potionbrewer:SplittingPotion"},{"floor":46,"key":"EntropicBrew"},{"floor":54,"key":"potionbrewer:FreezingPotion"}],"is_trial":false,"path_per_floor":["M","?","M","?","$","E","M","E","T","T","M","$","R","M","R","B",null,"M","?","M","$","$","R","E","?","T","R","M","E","M","M","R","B",null,"M","$","M","?","$","E","R","E","T","M","M","E","M","?","R","B",null,"R","$","E","B",null],"character_chosen":"GREMLIN","items_purchased":["halation:LostSnail","potionbrewer:Keyblade","Boot","Gremlin:BulkUp","Gremlin:Polish","halation:Diary","Bronze Scales","Gremlin:Polish"],"campfire_rested":2,"item_purchase_floors":[5,12,21,21,36,39,53,53],"current_hp_per_floor":[20,20,20,20,20,20,21,21,23,23,23,23,23,23,23,17,23,22,22,21,21,21,21,23,23,23,23,17,19,19,23,23,23,24,21,21,20,20,20,18,23,23,23,23,21,21,23,24,24,24,24,24,24,24,24],"gold":54,"neow_bonus":"THREE_ENEMY_KILL","is_daily":false,"chose_seed":false,"campfire_upgraded":5,"win_rate":0.0,"timestamp":1607856991,"path_taken":["M","?","M","?","$","E","M","E","T","?","?","$","R","M","R","BOSS","M","?","?","?","$","R","E","?","T","R","M","E","?","M","R","BOSS","M","$","M","?","$","E","R","E","T","M","M","E","M","?","R","BOSS","R","$","E","BOSS"],"items_purchased_type":["Relic","Relic","Relic","Card","Card","Relic","Relic","Card"],"build_version":"2020-11-30","purchased_purges":0,"victory":true,"max_hp_per_floor":[20,20,20,20,20,20,21,21,23,23,23,23,23,23,23,23,23,23,23,23,23,23,23,23,23,23,23,23,23,23,23,23,23,24,24,24,24,23,23,23,23,23,23,23,23,23,23,24,24,24,24,24,24,24,24],"card_choices":[{"not_picked":["Gremlin:AggressiveDefense","Gremlin:Glimmer"],"picked":"Gremlin:Pretaliation","floor":1},{"not_picked":["Gremlin:Presto","Gremlin:Pinprick"],"picked":"Gremlin:GremlinMeal","floor":3},{"not_picked":["Gremlin:AggressiveDefense","Gremlin:ShankStone"],"picked":"Gremlin:FairyDust","floor":6},{"not_picked":["Gremlin:Wizardry","Gremlin:Patsy"],"picked":"Gremlin:FeelTheAudience","floor":7},{"not_picked":["Gremlin:PinNeedle","Gremlin:GremlinToss"],"picked":"Gremlin:AggressiveDefense","floor":8},{"not_picked":["Gremlin:GremlinOffensive","Gremlin:TwistTheKnife"],"picked":"Gremlin:Jeer","floor":11},{"not_picked":["Gremlin:GlitterGuard","Gremlin:Enthusiasm"],"picked":"Gremlin:CatScratch","floor":14},{"not_picked":["Gremlin:FairyDust","Gremlin:CongaLine"],"picked":"Gremlin:TargetWeakness","floor":16},{"not_picked":["Gremlin:Pretaliation","Gremlin:Patsy"],"picked":"Gremlin:ArmsTheft","floor":18},{"not_picked":["Gremlin:BulkUp","Gremlin:GremlinMeal"],"picked":"Gremlin:PartyStick","floor":20},{"not_picked":["Gremlin:Whiz","Gremlin:GremlinMeal"],"picked":"Gremlin:FeelTheAudience+1","floor":24},{"not_picked":["Gremlin:ShankStone","Gremlin:Presto"],"picked":"Gremlin:Irritability","floor":28},{"not_picked":["Gremlin:FollowThrough","Gremlin:Whiz"],"picked":"Gremlin:PartyStick","floor":29},{"not_picked":["Gremlin:Whiz+1","Gremlin:Wizardry","Gremlin:GlitterGuard"],"picked":"SKIP","floor":30},{"not_picked":["Gremlin:GremlinOffensive","Gremlin:GlitterGuard+1"],"picked":"Gremlin:BubbleBarrier+1","floor":31},{"not_picked":["Gremlin:Encore","Gremlin:TargetWeakness"],"picked":"Gremlin:Unforgiving","floor":33},{"not_picked":["Gremlin:Jeer+1","Gremlin:Changeo"],"picked":"Gremlin:Tadah","floor":34},{"not_picked":["Gremlin:Irritability","Gremlin:SharpenBlades"],"picked":"Gremlin:CounterStrike+1","floor":35},{"not_picked":["Gremlin:BurlyBlow","Gremlin:BubbleBarrier+1"],"picked":"Gremlin:Flurry+1","floor":37},{"not_picked":["Gremlin:SharpenBlades","Gremlin:Pretaliation"],"picked":"Gremlin:Pinprick+1","floor":40},{"not_picked":["Gremlin:GremlinArms+1","Gremlin:Duplicate"],"picked":"Gremlin:DaggerDance+1","floor":42},{"not_picked":["Gremlin:Tadah+1","Gremlin:GlitterGuard+1"],"picked":"Gremlin:Flurry+1","floor":44},{"not_picked":["Gremlin:PinNeedle","Gremlin:ShowStopper"],"picked":"Gremlin:ToeStub+1","floor":45},{"not_picked":["Gremlin:Tadah+1","Gremlin:Wizardry"],"picked":"Gremlin:Changeo","floor":46},{"not_picked":["Gremlin:ToeStub+1","Gremlin:Jeer"],"picked":"Gremlin:Glimmer+1","floor":47},{"not_picked":["Gremlin:GremlinArms+1","Gremlin:CatScratch"],"picked":"Gremlin:Changeo+1","floor":54}],"player_experience":884540,"relics_obtained":[{"floor":6,"key":"potionbrewer:ToyAutogyro"},{"floor":8,"key":"White Beast Statue"},{"floor":9,"key":"StuffTheSpire:CocoNut"},{"floor":10,"key":"Blue Candle"},{"floor":24,"key":"Mercury Hourglass"},{"floor":26,"key":"Bottled Tornado"},{"floor":29,"key":"halation:PrussianBluePaint"},{"floor":40,"key":"TungstenRod"},{"floor":42,"key":"jedi:shrinkray"},{"floor":46,"key":"aspiration:FetidBarrel"},{"floor":54,"key":"Dota2Spire:CrimsonGuard"}],"event_choices":[{"damage_healed":0,"gold_gain":0,"player_choice":"Leave","damage_taken":0,"max_hp_gain":0,"max_hp_loss":0,"event_name":"The Cleric","floor":4,"gold_loss":0},{"damage_healed":0,"gold_gain":0,"player_choice":"Take","damage_taken":0,"max_hp_gain":0,"max_hp_loss":0,"event_name":"betterNote:BetterNote","floor":19,"gold_loss":0,"cards_obtained":["jedi:strikingstrike"]},{"damage_healed":0,"gold_gain":0,"player_choice":"Bet on Murderer","damage_taken":0,"max_hp_gain":0,"max_hp_loss":0,"event_name":"The Joust","floor":25,"gold_loss":50}],"is_beta":false,"boss_relics":[{"not_picked":["Coffee Dripper","Velvet Choker"],"picked":"REME_DuelDisc"},{"not_picked":["vexMod:EndlessSickness","halation:Risk"],"picked":"Tiny House"}],"items_purged_floors":[],"is_endless":false,"potions_floor_spawned":[1,7,11,14,16,18,20,24,28,29,30,31,33,35,37,40,42,44,45,46,47,54],"ascension_level":0}}