{"host":"88sw61cmk1203zgj","time":1607843141,"event":{"mods":["BaseMod","Minty Spire (QoL Compilation)"],"gold_per_floor":[115,125,141,154,166,166,178,178,258,292,292,321,321,339,339,440,440,457,467,246,266,286,286,315,327,386,398,427,339,339,351,351,454,454,466,466,478,493,493,519,519,545,545,577,577,590,219,219,219,219,219],"floor_reached":50,"playtime":4200,"items_purged":["Strike_B","Defend_B","Strike_B"],"score":868,"play_id":"e69b71bb-dea9-4a5f-a117-c1b24b93a74d","local_time":"20201213020541","is_ascension_mode":true,"campfire_choices":[{"data":"Coolheaded","floor":6.0,"key":"SMITH"},{"data":"Barrage","floor":8.0,"key":"SMITH"},{"floor":11.0,"key":"REST"},{"data":"Machine Learning","floor":15.0,"key":"SMITH"},{"data":"Coolheaded","floor":23.0,"key":"SMITH"},{"data":"Hologram","floor":25.0,"key":"SMITH"},{"data":"Biased Cognition","floor":27.0,"key":"SMITH"},{"floor":32.0,"key":"REST"},{"floor":41,"key":"REST"},{"floor":45,"key":"REST"},{"floor":49,"key":"RECALL"}],"circlet_count":0,"master_deck":["Strike_B","Strike_B","Defend_B","Defend_B","Defend_B","Zap","Dualcast","Coolheaded+1","Barrage+1","Gash","Gash","Machine Learning+1","Defragment+1","Gash","Biased Cognition+1","Skim+1","Hologram+1","Glacier+1","Reinforced Body+1","Coolheaded+1","Gash","Gash+1","Biased Cognition","Electrodynamics","Tempest+1","Beam Cell+1"],"relics":["Busted Crown","Question Card","Symbiotic Virus","StoneCalendar","Nuclear Battery","Orrery","MawBank","Inserter","Art of War","Blue Candle","Frozen Egg 2","Singing Bowl","Pear"],"acts_visited":["Exordium","TheCity","TheBeyond"],"potions_floor_usage":[40,44,50],"damage_taken":[{"damage":0.0,"enemies":"2 Louse","floor":1.0,"turns":3.0},{"damage":5.0,"enemies":"Cultist","floor":2.0,"turns":6.0},{"damage":9.0,"enemies":"Small Slimes","floor":3.0,"turns":5.0},{"damage":1.0,"enemies":"3 Louse","floor":4.0,"turns":5.0},{"damage":10.0,"enemies":"Exordium Wildlife","floor":5.0,"turns":4.0},{"damage":2.0,"enemies":"Red Slaver","floor":7.0,"turns":4.0},{"damage":16.0,"enemies":"Lagavulin","floor":10.0,"turns":6.0},{"damage":6.0,"enemies":"3 Sentries","floor":12.0,"turns":6.0},{"damage":5.0,"enemies":"Exordium Thugs","floor":14.0,"turns":5.0},{"damage":14.0,"enemies":"Hexaghost","floor":16.0,"turns":6.0},{"damage":4.0,"enemies":"Spheric Guardian","floor":18.0,"turns":3.0},{"damage":16.0,"enemies":"Shell Parasite","floor":19.0,"turns":4.0},{"damage":2.0,"enemies":"Cultist and Chosen","floor":21.0,"turns":7.0},{"damage":2.0,"enemies":"Snake Plant","floor":22.0,"turns":6.0},{"damage":5.0,"enemies":"Book of Stabbing","floor":24.0,"turns":7.0},{"damage":0.0,"enemies":"Centurion and Healer","floor":28.0,"turns":6.0},{"damage":2.0,"enemies":"Shelled Parasite and Fungi","floor":31.0,"turns":4.0},{"damage":9.0,"enemies":"Collector","floor":33.0,"turns":8.0},{"damage":26.0,"enemies":"3 Shapes","floor":35.0,"turns":4.0},{"damage":22,"enemies":"3 Darklings","floor":37,"turns":4},{"damage":0,"enemies":"Sphere and 2 Shapes","floor":38,"turns":3},{"damage":10,"enemies":"Reptomancer","floor":40,"turns":5},{"damage":18,"enemies":"Nemesis","floor":42,"turns":9},{"damage":9,"enemies":"Reptomancer","floor":44,"turns":4},{"damage":3,"enemies":"Transient","floor":46,"turns":5},{"damage":50,"enemies":"Awakened One","floor":50,"turns":4}],"seed_played":"-3126500035936651677","potions_obtained":[{"floor":5.0,"key":"Explosive Potion"},{"floor":7.0,"key":"LiquidBronze"},{"floor":12.0,"key":"BlessingOfTheForge"},{"floor":16.0,"key":"AttackPotion"},{"floor":21.0,"key":"Regen Potion"},{"floor":24.0,"key":"Explosive Potion"},{"floor":37,"key":"GamblersBrew"},{"floor":40,"key":"FocusPotion"}],"is_trial":false,"path_per_floor":["M","M","M","M","M","R","M","R","T","E","R","E","?","M","R","B",null,"M","M","$","M","M","R","E","R","T","R","M","$","?","M","R","B",null,"M","?","M","M","?","E","R","E","T","E","R","M","$","?","R","B"],"character_chosen":"DEFECT","items_purchased":["Orrery","Pear"],"campfire_rested":4,"item_purchase_floors":[20,47],"current_hp_per_floor":[68,63,54,53,43,43,41,41,41,25,47,41,41,36,36,22,62,58,42,42,40,38,38,48,48,48,48,48,48,34,32,56,47,72,46,46,24,24,24,14,36,18,18,11,34,33,43,43,43,0,0],"gold":219,"neow_bonus":"BOSS_RELIC","is_daily":false,"chose_seed":false,"campfire_upgraded":6,"win_rate":0.0,"timestamp":1607843141,"path_taken":["M","M","M","M","M","R","M","R","T","E","R","E","?","M","R","BOSS","M","M","$","M","M","R","E","R","T","R","M","$","?","M","R","BOSS","M","?","M","M","?","E","R","E","T","E","R","M","$","?","R","BOSS"],"items_purchased_type":["Relic","Relic"],"build_version":"2020-11-30","purchased_purges":3,"victory":false,"max_hp_per_floor":[75,75,75,75,75,75,75,75,75,75,75,75,75,75,75,75,75,75,75,75,75,75,75,75,75,75,75,75,75,80,80,80,80,80,80,76,76,76,76,76,76,76,76,78,78,80,90,90,90,90,90],"card_choices":[{"not_picked":[],"picked":"Coolheaded","floor":1.0},{"not_picked":[],"picked":"Barrage","floor":2.0},{"not_picked":[],"picked":"Gash","floor":3.0},{"not_picked":[],"picked":"Gash","floor":4.0},{"not_picked":["Steam Power"],"picked":"SKIP","floor":5.0},{"not_picked":["Barrage"],"picked":"SKIP","floor":7.0},{"not_picked":["Hyperbeam"],"picked":"Machine Learning","floor":10.0},{"not_picked":["Leap"],"picked":"Defragment","floor":12.0},{"not_picked":["Barrage"],"picked":"Gash","floor":14.0},{"not_picked":["Amplify"],"picked":"Biased Cognition","floor":16.0},{"not_picked":["Stack+1"],"picked":"Skim+1","floor":18.0},{"not_picked":["Sweeping Beam"],"picked":"Hologram","floor":19.0},{"not_picked":["Sweeping Beam"],"picked":"Glacier+1","floor":20.0},{"not_picked":["Cold Snap+1"],"picked":"Reinforced Body+1","floor":20.0},{"not_picked":["Buffer"],"picked":"Coolheaded","floor":20.0},{"not_picked":["Chill"],"picked":"Gash","floor":21.0},{"not_picked":["Sweeping Beam","Leap+1"],"picked":"SKIP","floor":22.0},{"not_picked":["Auto Shields"],"picked":"Gash+1","floor":24.0},{"not_picked":["Steam","Redo+1"],"picked":"SKIP","floor":28.0},{"not_picked":["Rebound"],"picked":"Biased Cognition","floor":31.0},{"not_picked":["Meteor Strike"],"picked":"Electrodynamics","floor":33.0},{"not_picked":["Genetic Algorithm+1","Leap"],"picked":"SKIP","floor":35},{"not_picked":["Sunder+1","Gash"],"picked":"SKIP","floor":37},{"not_picked":["Compile Driver","Gash"],"picked":"SKIP","floor":38},{"not_picked":["Rebound"],"picked":"Tempest+1","floor":40},{"not_picked":["Gash"],"picked":"Beam Cell+1","floor":42},{"not_picked":["Sweeping Beam","Hyperbeam"],"picked":"Singing Bowl","floor":44},{"not_picked":["Ball Lightning","Steam"],"picked":"Singing Bowl","floor":46}],"player_experience":1410192,"relics_obtained":[{"floor":9.0,"key":"Question Card"},{"floor":10.0,"key":"Symbiotic Virus"},{"floor":12.0,"key":"StoneCalendar"},{"floor":24.0,"key":"MawBank"},{"floor":40,"key":"Art of War"},{"floor":42,"key":"Blue Candle"},{"floor":43,"key":"Frozen Egg 2"},{"floor":44,"key":"Singing Bowl"}],"event_choices":[{"damage_healed":0.0,"max_hp_gain":0.0,"max_hp_loss":0.0,"gold_gain":0.0,"event_name":"Upgrade Shrine","player_choice":"Upgraded","floor":13.0,"gold_loss":0.0,"damage_taken":0.0,"cards_upgraded":["Defragment"]},{"damage_healed":0.0,"max_hp_gain":5.0,"max_hp_loss":0.0,"gold_gain":0.0,"event_name":"Forgotten Altar","player_choice":"Shed Blood","floor":30.0,"gold_loss":0.0,"damage_taken":19.0},{"damage_healed":0,"gold_gain":0,"player_choice":"Max HP","damage_taken":0,"max_hp_gain":0,"max_hp_loss":4,"event_name":"Winding Halls","floor":36,"gold_loss":0},{"damage_healed":0,"gold_gain":0,"player_choice":"Memory 1","damage_taken":0,"max_hp_gain":0,"max_hp_loss":0,"event_name":"SensoryStone","floor":39,"gold_loss":0},{"damage_healed":0,"gold_gain":0,"player_choice":"Ignored","damage_taken":0,"max_hp_gain":0,"max_hp_loss":0,"event_name":"Tomb of Lord Red Mask","floor":48,"gold_loss":0}],"is_beta":false,"boss_relics":[{"not_picked":["Philosopher\u0027s Stone","Sozu"],"picked":"Nuclear Battery"},{"not_picked":["Runic Pyramid","Astrolabe"],"picked":"Inserter"}],"items_purged_floors":[20,29,47],"is_endless":false,"potions_floor_spawned":[5,7,12,14,16,19,21,22,24,37,38,40],"killed_by":"Awakened One","ascension_level":9}}