{"host":"pvf7uj918he10jir","time":1607833343,"event":{"mods":["AchievementEnabler","BaseMod","Colored Map","Colored Powertips","Highlight Path","Minty Spire (QoL Compilation)","Relic Stats","Slay the Relics Exporter","everything is the same but u backflip on backflip"],"gold_per_floor":[125,137,168,180,204,246,258,285,321,368,380,424,436,466,478,490,490],"floor_reached":16,"playtime":881,"items_purged":[],"score":138,"play_id":"a73ea98e-9718-47ef-88a3-3574e8b2836e","local_time":"20201212232223","is_ascension_mode":true,"campfire_choices":[{"data":"Bash","floor":7,"key":"SMITH"},{"floor":11,"key":"REST"},{"floor":15,"key":"REST"}],"circlet_count":0,"master_deck":["Strike_R","Strike_R","Strike_R","Strike_R","Defend_R","Defend_R","Defend_R","Defend_R","Bash+1","Cleave","Limit Break","Flex","Pummel"],"relics":["Burning Blood","MawBank","Potion Belt","Blood Vial","Omamori","Regal Pillow","Shuriken"],"acts_visited":["Exordium"],"potions_floor_usage":[16,16,16],"damage_taken":[{"damage":2,"enemies":"Jaw Worm","floor":1,"turns":4},{"damage":1,"enemies":"Cultist","floor":3,"turns":3},{"damage":10,"enemies":"Small Slimes","floor":5,"turns":3},{"damage":32,"enemies":"Gremlin Nob","floor":6,"turns":4},{"damage":17,"enemies":"Looter","floor":8,"turns":3},{"damage":30,"enemies":"Lagavulin","floor":10,"turns":7},{"damage":18,"enemies":"Gremlin Nob","floor":12,"turns":4},{"damage":15,"enemies":"Exordium Wildlife","floor":14,"turns":4},{"damage":83,"enemies":"The Guardian","floor":16,"turns":15}],"seed_played":"-5046985941456420704","potions_obtained":[{"floor":3,"key":"Energy Potion"},{"floor":5,"key":"Regen Potion"},{"floor":8,"key":"LiquidMemories"},{"floor":14,"key":"CultistPotion"}],"is_trial":false,"path_per_floor":["M","?","M","$","M","E","R","M","T","E","R","E","T","M","R","B"],"character_chosen":"IRONCLAD","items_purchased":[],"campfire_rested":2,"item_purchase_floors":[],"current_hp_per_floor":[80,80,80,80,76,50,50,39,39,17,41,31,31,24,63,0,0],"gold":490,"neow_bonus":"RANDOM_COMMON_RELIC","is_daily":false,"chose_seed":false,"campfire_upgraded":1,"win_rate":0.0,"timestamp":1607833343,"path_taken":["M","?","?","?","M","E","R","M","T","E","R","E","?","M","R","BOSS"],"items_purchased_type":[],"build_version":"2020-11-30","purchased_purges":0,"victory":false,"max_hp_per_floor":[80,80,80,80,80,80,80,80,80,80,80,80,80,80,80,80,80],"relic_stats":{"Blood Vial":8,"Regal Pillow":15,"counters":[9,47],"Shuriken":[3],"MawBank":192,"obtain_stats":[{"Potion Belt":6,"Blood Vial":9,"Regal Pillow":12,"Shuriken":13,"Omamori":10,"MawBank":0,"Burning Blood":0},{"Potion Belt":4,"Blood Vial":5,"Regal Pillow":7,"Shuriken":7,"Omamori":6,"MawBank":0,"Burning Blood":0},{"Potion Belt":14,"Blood Vial":17,"Regal Pillow":28,"Shuriken":28,"Omamori":24,"MawBank":0,"Burning Blood":0}],"Burning Blood":39},"card_choices":[{"not_picked":["Combust","Metallicize"],"picked":"Cleave","floor":1},{"not_picked":["Thunderclap","Shrug It Off","Anger"],"picked":"SKIP","floor":3},{"not_picked":["Flex","Thunderclap","True Grit"],"picked":"SKIP","floor":5},{"not_picked":["Body Slam","True Grit"],"picked":"Limit Break","floor":6},{"not_picked":["True Grit","Cleave"],"picked":"Flex","floor":8},{"not_picked":["Sentinel","Intimidate","Headbutt"],"picked":"SKIP","floor":10},{"not_picked":["Shrug It Off","Warcry"],"picked":"Pummel","floor":12},{"not_picked":["Rage","Thunderclap","Sword Boomerang"],"picked":"SKIP","floor":14}],"player_experience":92028,"relics_obtained":[{"floor":6,"key":"Potion Belt"},{"floor":9,"key":"Blood Vial"},{"floor":10,"key":"Omamori"},{"floor":12,"key":"Regal Pillow"},{"floor":13,"key":"Shuriken"}],"event_choices":[{"cards_removed":["Strike_R"],"damage_healed":0,"gold_gain":0,"player_choice":"Card Removal","damage_taken":0,"max_hp_gain":0,"max_hp_loss":0,"event_name":"Wheel of Change","floor":2,"gold_loss":0}],"is_beta":false,"boss_relics":[],"items_purged_floors":[],"is_endless":false,"potions_floor_spawned":[3,5,8,14],"killed_by":"The Guardian","ascension_level":3}}