{"host":"BK","time":1607835418,"event":{"mods":["BaseMod","Highlight Path","Minty Spire (QoL Compilation)","StSLib"],"gold_per_floor":[110,110,110,157,168,168,49,49,98,98,133,149,149,164,164,243,243,257,257,257,257,270,270,281,281,281,316,331,331,365,377,377,453,453,471,52,77,95,110,110,120,120,120,135,165,165,165,182,182,182,182],"floor_reached":50,"playtime":3274,"items_purged":["Strike_P","Bite+1"],"score":1095,"play_id":"816a4edd-b1be-4ee1-9892-ae87ef52da92","local_time":"20201212215658","is_ascension_mode":true,"campfire_choices":[{"data":"Strike_P","floor":6.0,"key":"SMITH"},{"data":"CarveReality","floor":8.0,"key":"SMITH"},{"data":"Eruption","floor":10.0,"key":"SMITH"},{"data":"TalkToTheHand","floor":13.0,"key":"SMITH"},{"data":"SashWhip","floor":15.0,"key":"SMITH"},{"data":"Vigilance","floor":23.0,"key":"SMITH"},{"data":"Protect","floor":25.0,"key":"SMITH"},{"floor":32.0,"key":"RECALL"},{"floor":40,"key":"REST"},{"floor":47,"key":"REST"},{"floor":49,"key":"REST"}],"circlet_count":0,"master_deck":["AscendersBane","Defend_P+1","Defend_P+1","Defend_P+1","Defend_P+1","Eruption+1","Vigilance+1","Protect+1","CarveReality+1","TalkToTheHand+1","SashWhip+1","LessonLearned+1","SashWhip+1","EmptyFist+1","Swivel+1","Evaluate+1","Bite+1","Bite+1","Bite+1","Bite+1","Wallop+1","Meditate+1","MentalFortress","CutThroughFate+1","ClearTheMind+1","TalkToTheHand+1"],"relics":["Busted Crown","Pen Nib","Toy Ornithopter","Meat on the Bone","Astrolabe","Molten Egg 2","Whetstone","Mummified Hand","VioletLotus","Bronze Scales","CloakClasp","Frozen Egg 2","Happy Flower"],"acts_visited":["Exordium","TheCity","TheBeyond"],"potions_floor_usage":[39,45,45,50],"damage_taken":[{"damage":11.0,"enemies":"Small Slimes","floor":1.0,"turns":3.0},{"damage":2.0,"enemies":"Jaw Worm","floor":5.0,"turns":5.0},{"damage":0.0,"enemies":"Gremlin Nob","floor":11.0,"turns":2.0},{"damage":0.0,"enemies":"Cultist","floor":12.0,"turns":1.0},{"damage":1.0,"enemies":"Red Slaver","floor":14.0,"turns":3.0},{"damage":10.0,"enemies":"The Guardian","floor":16.0,"turns":8.0},{"damage":0.0,"enemies":"Chosen","floor":18.0,"turns":5.0},{"damage":15.0,"enemies":"3 Byrds","floor":22.0,"turns":6.0},{"damage":17.0,"enemies":"Snecko","floor":24.0,"turns":6.0},{"damage":24.0,"enemies":"Slavers","floor":27.0,"turns":5.0},{"damage":5.0,"enemies":"Shelled Parasite and Fungi","floor":28.0,"turns":4.0},{"damage":23.0,"enemies":"Book of Stabbing","floor":30.0,"turns":7.0},{"damage":10.0,"enemies":"Centurion and Healer","floor":31.0,"turns":6.0},{"damage":54,"enemies":"Automaton","floor":33,"turns":14},{"damage":46,"enemies":"3 Darklings","floor":35,"turns":7},{"damage":0,"enemies":"Mind Bloom Boss Battle","floor":37,"turns":4},{"damage":12,"enemies":"Orb Walker","floor":38,"turns":3},{"damage":28,"enemies":"4 Shapes","floor":39,"turns":6},{"damage":13,"enemies":"Maw","floor":41,"turns":8},{"damage":6,"enemies":"Sphere and 2 Shapes","floor":44,"turns":3},{"damage":68,"enemies":"Reptomancer","floor":45,"turns":11},{"damage":29,"enemies":"Transient","floor":48,"turns":6},{"damage":92,"enemies":"Time Eater","floor":50,"turns":14}],"seed_played":"-46729505647330515","potions_obtained":[{"floor":1.0,"key":"Regen Potion"},{"floor":11.0,"key":"DistilledChaos"},{"floor":18.0,"key":"Ancient Potion"},{"floor":22.0,"key":"SteroidPotion"},{"floor":35,"key":"Strength Potion"},{"floor":39,"key":"Swift Potion"},{"floor":48,"key":"Weak Potion"}],"is_trial":false,"path_per_floor":["M","?","?","T","M","R","$","R","T","R","E","M","R","M","R","B",null,"M","?","T","?","M","R","M","R","T","E","M","?","E","M","R","B",null,"M","$","?","M","M","R","M","?","T","M","E","?","R","M","R","B"],"character_chosen":"WATCHER","items_purchased":["CarveReality","Meditate","MentalFortress","Bronze Scales"],"campfire_rested":3,"item_purchase_floors":[7,36,36,36],"current_hp_per_floor":[50,50,55,55,53,53,53,53,53,53,58,58,58,57,57,52,68,68,68,68,51,48,48,41,41,41,36,43,30,40,54,54,29,49,33,33,36,36,40,56,52,52,52,49,32,32,48,34,50,0,0],"gold":182,"neow_bonus":"BOSS_RELIC","is_daily":false,"chose_seed":false,"campfire_upgraded":7,"win_rate":0.0,"timestamp":1607835418,"path_taken":["M","?","?","?","?","R","$","R","T","R","E","M","R","M","R","BOSS","M","?","?","?","M","R","?","R","T","E","M","?","E","M","R","BOSS","M","$","?","M","M","R","M","?","T","M","E","?","R","M","R","BOSS"],"items_purchased_type":["Card","Card","Card","Relic"],"build_version":"2020-12-07","purchased_purges":2,"victory":false,"max_hp_per_floor":[68,68,73,73,73,73,73,73,73,73,73,73,73,73,73,73,73,73,73,73,51,51,51,51,51,51,51,51,56,56,56,56,56,56,56,56,56,56,56,56,56,56,56,56,56,56,56,56,56,56,56],"card_choices":[{"not_picked":["WindmillStrike"],"picked":"SKIP","floor":1.0},{"not_picked":[],"picked":"Protect","floor":5.0},{"not_picked":["Nirvana"],"picked":"SKIP","floor":11.0},{"not_picked":[],"picked":"TalkToTheHand","floor":12.0},{"not_picked":[],"picked":"SashWhip","floor":14.0},{"not_picked":[],"picked":"LessonLearned","floor":16.0},{"not_picked":[],"picked":"Evaluate","floor":18.0},{"not_picked":["BattleHymn"],"picked":"SKIP","floor":22.0},{"not_picked":["Swivel"],"picked":"SKIP","floor":24.0},{"not_picked":["Judgement"],"picked":"SKIP","floor":27.0},{"not_picked":[],"picked":"Wallop+1","floor":28.0},{"not_picked":["WindmillStrike+1"],"picked":"SKIP","floor":30.0},{"not_picked":["CrushJoints+1"],"picked":"SKIP","floor":31.0},{"not_picked":["Indignation"],"picked":"SKIP","floor":35},{"not_picked":[],"picked":"CutThroughFate+1","floor":37},{"not_picked":["ThirdEye"],"picked":"SKIP","floor":38},{"not_picked":[],"picked":"ClearTheMind+1","floor":39},{"not_picked":["BowlingBash+1"],"picked":"SKIP","floor":41},{"not_picked":["CutThroughFate+1"],"picked":"SKIP","floor":44},{"not_picked":["JustLucky+1"],"picked":"SKIP","floor":45},{"not_picked":[],"picked":"TalkToTheHand+1","floor":48}],"player_experience":2358279,"relics_obtained":[{"floor":4.0,"key":"Pen Nib"},{"floor":9.0,"key":"Toy Ornithopter"},{"floor":11.0,"key":"Meat on the Bone"},{"floor":20.0,"key":"Molten Egg 2"},{"floor":27.0,"key":"Whetstone"},{"floor":30.0,"key":"Mummified Hand"},{"floor":37,"key":"CloakClasp"},{"floor":43,"key":"Frozen Egg 2"},{"floor":45,"key":"Happy Flower"}],"event_choices":[{"damage_healed":0.0,"max_hp_gain":0.0,"max_hp_loss":0.0,"gold_gain":0.0,"event_name":"The Cleric","player_choice":"Leave","floor":2.0,"gold_loss":0.0,"damage_taken":0.0},{"damage_healed":0.0,"max_hp_gain":5.0,"max_hp_loss":0.0,"gold_gain":0.0,"event_name":"Big Fish","player_choice":"Donut","floor":3.0,"gold_loss":0.0,"damage_taken":0.0},{"damage_healed":0.0,"max_hp_gain":0.0,"max_hp_loss":0.0,"gold_gain":0.0,"event_name":"Back to Basics","player_choice":"Simplicity","floor":19.0,"gold_loss":0.0,"damage_taken":0.0,"cards_upgraded":["Defend_P","Defend_P","Defend_P","Defend_P"]},{"damage_healed":0.0,"max_hp_gain":0.0,"max_hp_loss":22.0,"gold_gain":0.0,"event_name":"Vampires","player_choice":"Became a vampire","floor":21.0,"gold_loss":0.0,"damage_taken":0.0,"cards_obtained":["Bite","Bite","Bite","Bite","Bite"]},{"damage_healed":0.0,"max_hp_gain":5.0,"max_hp_loss":0.0,"gold_gain":0.0,"event_name":"Forgotten Altar","player_choice":"Shed Blood","floor":29.0,"gold_loss":0.0,"damage_taken":18.0},{"damage_healed":0,"gold_gain":0,"player_choice":"Fight","damage_taken":0,"max_hp_gain":0,"max_hp_loss":0,"event_name":"MindBloom","floor":37,"gold_loss":0},{"damage_healed":0,"gold_gain":0,"player_choice":"Ignored","damage_taken":0,"max_hp_gain":0,"max_hp_loss":0,"event_name":"Tomb of Lord Red Mask","floor":42,"gold_loss":0},{"damage_healed":0,"gold_gain":0,"player_choice":"Ignored","damage_taken":0,"max_hp_gain":0,"max_hp_loss":0,"event_name":"Mysterious Sphere","floor":46,"gold_loss":0}],"is_beta":true,"boss_relics":[{"not_picked":["Fusion Hammer","Empty Cage"],"picked":"Astrolabe"},{"not_picked":["SacredBark","Sozu"],"picked":"VioletLotus"}],"items_purged_floors":[7,36],"is_endless":false,"potions_floor_spawned":[1,11,18,22,24,35,39,41,48],"killed_by":"Time Eater","ascension_level":20}}