{"host":"t5h83eruwt5lxl3o","time":1607829677,"event":{"mods":["AchievementEnabler","Act Like it!","BaseMod","CapriCore","Colored Map","DeckTracker","Hermit","Highlight Path","Koishi","Marisa£¨Ùöéë¡¡Øª×âÞÞ£©","Minty Spire (QoL Compilation)","Permanent Neow","Quick Restart","StSLib","SuperFastMode","The Cursed","The Immortal","everything is the same but u backflip on backflip"],"gold_per_floor":[119,136,155,0,0,0,12,23,23,49,3,38,38,98,98,194,194,205,221,236,236,251,277,277,277,304,321,421,346,346,375,375,475,475,488,56,76,76,88,119,119,153,153,169,204,221,0,0,0,0],"floor_reached":51,"playtime":2229,"items_purged":["Strike_G"],"score":1506,"play_id":"3309c917-fe2d-4cb0-aff5-5c2fe8be66e2","local_time":"20201213122117","is_ascension_mode":true,"campfire_choices":[{"data":"Cloak And Dagger","floor":6.0,"key":"SMITH"},{"data":"Accuracy","floor":15.0,"key":"SMITH"},{"data":"Burst","floor":24.0,"key":"SMITH"},{"floor":30.0,"key":"REST"},{"data":"Adrenaline","floor":32.0,"key":"SMITH"},{"data":"Secret Technique","floor":41,"key":"SMITH"},{"data":"A Thousand Cuts","floor":49,"key":"SMITH"}],"circlet_count":0,"master_deck":["AscendersBane","Defend_G","Defend_G","Defend_G","Defend_G","Survivor","Neutralize","Blade Dance","Distraction","Cloak And Dagger+1","Choke+1","Adrenaline+1","Footwork","Accuracy+1","Blade Dance","Prepared","Blade Dance","Burst+1","PiercingWail","Die Die Die","Infinite Blades","Backflip","Adrenaline","Caltrops","Secret Technique+1","A Thousand Cuts+1","Blur+1"],"relics":["Ring of the Snake","PreservedInsect","Pocketwatch","Calipers","Pear","Meat on the Bone","Akabeko","SlaversCollar","Regal Pillow","Toy Ornithopter","Unceasing Top","Pantograph","Pen Nib","WristBlade","Medical Kit","Blood Vial","Smiling Mask","Toxic Egg 2","Shuriken","Red Mask"],"acts_visited":["Exordium","TheCity","TheBeyond"],"potions_floor_usage":[42,46],"damage_taken":[{"damage":1.0,"enemies":"Cultist","floor":1.0,"turns":4.0},{"damage":0.0,"enemies":"Small Slimes","floor":2.0,"turns":3.0},{"damage":4.0,"enemies":"Jaw Worm","floor":3.0,"turns":3.0},{"damage":2.0,"enemies":"Looter","floor":7.0,"turns":3.0},{"damage":19.0,"enemies":"Lots of Slimes","floor":8.0,"turns":5.0},{"damage":3.0,"enemies":"3 Sentries","floor":10.0,"turns":4.0},{"damage":2.0,"enemies":"Lagavulin","floor":12.0,"turns":5.0},{"damage":5.0,"enemies":"3 Sentries","floor":14.0,"turns":4.0},{"damage":0.0,"enemies":"Slime Boss","floor":16.0,"turns":3.0},{"damage":0.0,"enemies":"Spheric Guardian","floor":18.0,"turns":3.0},{"damage":29.0,"enemies":"2 Thieves","floor":19.0,"turns":4.0},{"damage":8.0,"enemies":"Sentry and Sphere","floor":20.0,"turns":4.0},{"damage":0.0,"enemies":"Chosen and Byrds","floor":22.0,"turns":4.0},{"damage":13.0,"enemies":"Book of Stabbing","floor":23.0,"turns":4.0},{"damage":0.0,"enemies":"3 Cultists","floor":27.0,"turns":4.0},{"damage":1.0,"enemies":"Colosseum Slavers","floor":28.0,"turns":4.0},{"damage":28.0,"enemies":"Colosseum Nobs","floor":28.0,"turns":4.0},{"damage":8.0,"enemies":"Gremlin Leader","floor":31.0,"turns":4.0},{"damage":49.0,"enemies":"Automaton","floor":33.0,"turns":9.0},{"damage":14.0,"enemies":"3 Shapes","floor":35.0,"turns":2.0},{"damage":2.0,"enemies":"Orb Walker","floor":37.0,"turns":3.0},{"damage":6,"enemies":"Jaw Worm Horde","floor":39,"turns":3},{"damage":0,"enemies":"Giant Head","floor":40,"turns":2},{"damage":0,"enemies":"Reptomancer","floor":42,"turns":2},{"damage":20,"enemies":"Maw","floor":44,"turns":5},{"damage":0,"enemies":"Giant Head","floor":45,"turns":3},{"damage":0,"enemies":"Transient","floor":46,"turns":5},{"damage":38,"enemies":"Donu and Deca","floor":50,"turns":5}],"seed_played":"8478672430744882011","potions_obtained":[{"floor":7.0,"key":"EssenceOfSteel"},{"floor":8.0,"key":"PowerPotion"},{"floor":10.0,"key":"Ancient Potion"},{"floor":18.0,"key":"LiquidBronze"},{"floor":19.0,"key":"AttackPotion"},{"floor":23.0,"key":"BlessingOfTheForge"},{"floor":27.0,"key":"SteroidPotion"},{"floor":33.0,"key":"Fire Potion"},{"floor":40,"key":"Poison Potion"},{"floor":44,"key":"AttackPotion"},{"floor":46,"key":"GamblersBrew"}],"is_trial":false,"path_per_floor":["M","M","M","$","?","R","M","M","T","E","$","E","?","?","R","B",null,"M","M","M","?","M","E","R","?","T","M","?","?","R","E","R","B",null,"M","$","M","?","M","E","R","E","T","M","E","M","?","?","R","B",null],"character_chosen":"THE_SILENT","items_purchased":["PreservedInsect","Blade Dance","Medical Kit","Blood Vial","Caltrops"],"campfire_rested":1,"item_purchase_floors":[4,11,36,36,36],"current_hp_per_floor":[62,62,58,58,46,46,44,25,25,32,32,30,23,30,30,42,71,71,42,46,46,46,45,45,45,45,45,33,33,72,64,64,43,71,62,62,62,62,58,60,60,67,67,49,51,58,58,58,58,42],"gold":0,"neow_bonus":"TRANSFORM_TWO_CARDS","is_daily":false,"chose_seed":false,"campfire_upgraded":6,"win_rate":0.0,"timestamp":1607829677,"path_taken":["M","M","M","$","?","R","M","M","T","E","$","E","?","?","R","BOSS","BOSS","M","M","M","?","M","E","R","?","T","?","?","?","R","E","R","BOSS","M","$","M","?","M","E","R","E","T","M","E","M","?","?","R","BOSS"],"items_purchased_type":["Relic","Card","Relic","Relic","Card"],"build_version":"2020-11-30","purchased_purges":1,"victory":true,"max_hp_per_floor":[70,70,70,70,70,70,70,70,70,80,80,80,80,80,80,80,80,80,80,80,80,80,80,80,80,80,80,80,80,80,80,80,80,80,80,80,80,80,80,80,80,80,80,80,80,80,80,80,80,80],"card_choices":[{"not_picked":["Deadly Poison","PiercingWail"],"picked":"Cloak And Dagger","floor":1.0},{"not_picked":["Noxious Fumes","Sucker Punch","Poisoned Stab"],"picked":"SKIP","floor":2.0},{"not_picked":["Masterful Stab","Infinite Blades"],"picked":"Choke","floor":3.0},{"not_picked":["Endless Agony","Acrobatics"],"picked":"Adrenaline","floor":7.0},{"not_picked":["Cloak And Dagger","Leg Sweep"],"picked":"Footwork","floor":8.0},{"not_picked":["Setup","Outmaneuver"],"picked":"Accuracy","floor":10.0},{"not_picked":["Acrobatics","Sucker Punch"],"picked":"Prepared","floor":12.0},{"not_picked":["Dagger Throw","Bane"],"picked":"Blade Dance","floor":14.0},{"not_picked":["Storm of Steel","Envenom"],"picked":"Burst","floor":16.0},{"not_picked":["Bouncing Flask","Acrobatics","Endless Agony"],"picked":"SKIP","floor":18.0},{"not_picked":["Dagger Throw","Quick Slash","Poisoned Stab"],"picked":"SKIP","floor":19.0},{"not_picked":["Blade Dance","Concentrate"],"picked":"PiercingWail","floor":20.0},{"not_picked":["Endless Agony","Sucker Punch"],"picked":"Die Die Die","floor":22.0},{"not_picked":["Blade Dance","Bane","Distraction"],"picked":"SKIP","floor":23.0},{"not_picked":["Dagger Spray","PiercingWail"],"picked":"Infinite Blades","floor":27.0},{"not_picked":["Poisoned Stab+1","Bane"],"picked":"Backflip","floor":28.0},{"not_picked":["Poisoned Stab","Noxious Fumes","Bullet Time"],"picked":"SKIP","floor":31.0},{"not_picked":["Die Die Die","Envenom"],"picked":"Adrenaline","floor":33.0},{"not_picked":["Bane","Flying Knee","Backstab+1"],"picked":"SKIP","floor":35.0},{"not_picked":["Flying Knee","Dash","Underhanded Strike+1"],"picked":"SKIP","floor":37.0},{"not_picked":["Purity","Impatience"],"picked":"Secret Technique","floor":38.0},{"not_picked":["Blade Dance","Reflex","PiercingWail"],"picked":"SKIP","floor":39},{"not_picked":["Prepared","Dash","Expertise"],"picked":"SKIP","floor":40},{"not_picked":["Dagger Throw","Well Laid Plans"],"picked":"A Thousand Cuts","floor":42},{"not_picked":["Bouncing Flask+1","Quick Slash","Deflect+1"],"picked":"SKIP","floor":44},{"not_picked":["Endless Agony","Caltrops"],"picked":"Blur+1","floor":45},{"not_picked":["Flying Knee+1","Deadly Poison+1","Slice"],"picked":"SKIP","floor":46}],"player_experience":587279,"relics_obtained":[{"floor":9.0,"key":"Calipers"},{"floor":10.0,"key":"Pear"},{"floor":12.0,"key":"Meat on the Bone"},{"floor":23.0,"key":"Regal Pillow"},{"floor":26.0,"key":"Toy Ornithopter"},{"floor":28.0,"key":"Unceasing Top"},{"floor":28.0,"key":"Pantograph"},{"floor":31.0,"key":"Pen Nib"},{"floor":40,"key":"Smiling Mask"},{"floor":42,"key":"Toxic Egg 2"},{"floor":45,"key":"Shuriken"}],"event_choices":[{"damage_healed":0.0,"max_hp_gain":0.0,"max_hp_loss":0.0,"gold_gain":0.0,"event_name":"Scrap Ooze","player_choice":"Success","floor":5.0,"gold_loss":0.0,"damage_taken":12.0,"relics_obtained":["Pocketwatch"]},{"cards_removed":["Clumsy"],"damage_healed":0.0,"max_hp_gain":0.0,"max_hp_loss":0.0,"gold_gain":0.0,"event_name":"Golden Wing","player_choice":"Card Removal","floor":13.0,"gold_loss":0.0,"damage_taken":7.0},{"damage_healed":0.0,"max_hp_gain":0.0,"max_hp_loss":0.0,"gold_gain":30.0,"event_name":"Dead Adventurer","player_choice":"Searched \u00273\u0027 times","floor":14.0,"gold_loss":0.0,"damage_taken":0.0,"relics_obtained":["Akabeko"]},{"cards_removed":["Strike_G"],"damage_healed":0.0,"max_hp_gain":0.0,"max_hp_loss":0.0,"gold_gain":0.0,"event_name":"Back to Basics","player_choice":"Elegance","floor":21.0,"gold_loss":0.0,"damage_taken":0.0},{"damage_healed":0.0,"max_hp_gain":0.0,"max_hp_loss":0.0,"gold_gain":0.0,"event_name":"Accursed Blacksmith","player_choice":"Forge","floor":25.0,"gold_loss":0.0,"damage_taken":0.0,"cards_upgraded":["Choke"]},{"damage_healed":0.0,"max_hp_gain":0.0,"max_hp_loss":0.0,"gold_gain":0.0,"event_name":"Colosseum","player_choice":"Fight","floor":28.0,"gold_loss":0.0,"damage_taken":0.0},{"damage_healed":0.0,"max_hp_gain":0.0,"max_hp_loss":0.0,"gold_gain":0.0,"event_name":"Colosseum","player_choice":"Fought Nobs","floor":28.0,"gold_loss":0.0,"damage_taken":0.0},{"cards_removed":["Strike_G"],"damage_healed":0.0,"max_hp_gain":0.0,"max_hp_loss":0.0,"gold_gain":0.0,"event_name":"Beggar","player_choice":"Gave Gold","floor":29.0,"gold_loss":75.0,"damage_taken":0.0},{"damage_healed":0.0,"max_hp_gain":0.0,"max_hp_loss":0.0,"gold_gain":0.0,"event_name":"SensoryStone","player_choice":"Memory 1","floor":38.0,"gold_loss":0.0,"damage_taken":0.0},{"damage_healed":0,"gold_gain":0,"player_choice":"Paid","damage_taken":0,"relics_obtained":["Red Mask"],"max_hp_gain":0,"max_hp_loss":0,"event_name":"Tomb of Lord Red Mask","floor":47,"gold_loss":221},{"cards_removed":["Strike_G"],"damage_healed":0,"gold_gain":0,"player_choice":"Removed Attack","damage_taken":0,"max_hp_gain":0,"max_hp_loss":0,"event_name":"Falling","floor":48,"gold_loss":0}],"is_beta":false,"boss_relics":[{"not_picked":["Coffee Dripper","Tiny House"],"picked":"SlaversCollar"},{"not_picked":["Sozu","Black Star"],"picked":"WristBlade"}],"items_purged_floors":[36],"is_endless":false,"potions_floor_spawned":[7,8,10,18,19,23,27,33,40,44,46],"ascension_level":12}}