{"host":"95780gohsonvnbsu","time":1607822185,"event":{"mods":["Aspiration","BaseMod","Better Match","Better Note","Better Sensory Stone","Colored Map","Conspire","Downfall","Hubris","Infinite Spire","Minty Spire (QoL Compilation)","StSLib","slay the spire mod where everything is the same but ironclad has a cowboy hat"],"gold_per_floor":[117,117,132,232,250,250,263,263,288,298,316,328,343,355,355,453,453,453,453,453,453,453,453,453,453,453,453,453,453,453,453,453,453,453],"floor_reached":33,"playtime":1778,"items_purged":[],"score":265,"play_id":"c32ccf35-62fb-4502-a6ee-3ab7d4cbad94","local_time":"20201212201625","is_ascension_mode":false,"campfire_choices":[{"data":"Calculated Gamble","floor":6.0,"key":"SMITH"},{"data":"Neutralize","floor":8.0,"key":"SMITH"},{"data":"Glass Knife","floor":15.0,"key":"SMITH"},{"data":"infinitespire:Collect","floor":23,"key":"SMITH"},{"floor":25,"key":"REST"},{"data":"Storm of Steel","floor":28,"key":"SMITH"},{"floor":32,"key":"REST"}],"circlet_count":0,"master_deck":["Strike_G","Strike_G","Strike_G","Strike_G","Strike_G","Defend_G","Defend_G","Defend_G","Defend_G","Defend_G","Survivor","Neutralize+1","PiercingWail","Calculated Gamble+1","Dagger Throw","Underhanded Strike","Glass Knife+1","Storm of Steel+1","infinitespire:Collect+1","Acrobatics+1","Prepared"],"relics":["Ring of the Snake","hubris:Towel","Orichalcum","Ectoplasm","infinitespire:Satchel","hubris:64BitClover","Nloth\u0027s Gift"],"acts_visited":["Exordium","TheCity"],"potions_floor_usage":[16,21,21,27,31,31,33],"damage_taken":[{"damage":0.0,"enemies":"conspire:RoseBush","floor":1.0,"turns":3.0},{"damage":0.0,"enemies":"Small Slimes","floor":3.0,"turns":3.0},{"damage":1.0,"enemies":"Cultist","floor":5.0,"turns":5.0},{"damage":1.0,"enemies":"Blue Slaver","floor":7.0,"turns":7.0},{"damage":0.0,"enemies":"Exordium Thugs","floor":10.0,"turns":5.0},{"damage":7.0,"enemies":"conspire:2 RoseBushes","floor":11.0,"turns":8.0},{"damage":2.0,"enemies":"3 Louse","floor":12.0,"turns":4.0},{"damage":2.0,"enemies":"Red Slaver","floor":13.0,"turns":5.0},{"damage":1.0,"enemies":"Lots of Slimes","floor":14.0,"turns":6.0},{"damage":28,"enemies":"The Guardian","floor":16,"turns":16},{"damage":12,"enemies":"conspire:FuzzyDice","floor":18,"turns":8},{"damage":0,"enemies":"3 Byrds","floor":19,"turns":7},{"damage":10,"enemies":"Cultist and Chosen","floor":21,"turns":7},{"damage":24,"enemies":"Slavers","floor":24,"turns":6},{"damage":0,"enemies":"Centurion and Healer","floor":27,"turns":5},{"damage":0,"enemies":"Snecko","floor":30,"turns":3},{"damage":10,"enemies":"Chosen and Byrds","floor":31,"turns":6},{"damage":58,"enemies":"Collector","floor":33,"turns":11}],"seed_played":"3747507723937573026","potions_obtained":[{"floor":1.0,"key":"champ:CounterPotion"},{"floor":3.0,"key":"Explosive Potion"},{"floor":7.0,"key":"Dexterity Potion"},{"floor":11.0,"key":"Weak Potion"},{"floor":14.0,"key":"Swift Potion"},{"floor":19,"key":"GamblersBrew"},{"floor":21,"key":"LiquidMemories"},{"floor":24,"key":"AttackPotion"},{"floor":30,"key":"SkillPotion"}],"is_trial":false,"path_per_floor":["M","?","M","?","M","R","M","R","T","M","M","M","M","M","R","B",null,"M","M","?","M","AVR","R","E","R","T","M","R","?","M","M","R","B"],"character_chosen":"THE_SILENT","items_purchased":[],"campfire_rested":2,"item_purchase_floors":[],"current_hp_per_floor":[70,70,70,70,69,69,68,68,68,68,61,59,57,56,56,28,70,58,58,70,60,60,60,36,57,57,57,57,57,57,47,68,10,10],"gold":453,"neow_bonus":"RANDOM_COMMON_RELIC","is_daily":false,"chose_seed":false,"campfire_upgraded":5,"win_rate":0.0,"timestamp":1607822185,"path_taken":["M","?","M","?","M","R","M","R","T","M","M","?","M","M","R","BOSS","M","M","?","?","AVR","R","E","R","T","M","R","?","M","M","R","BOSS"],"items_purchased_type":[],"build_version":"2020-11-30","purchased_purges":0,"victory":false,"max_hp_per_floor":[70,70,70,70,70,70,70,70,70,70,70,70,70,70,70,70,70,70,70,70,70,70,70,70,70,70,70,70,70,70,70,70,70,70],"card_choices":[{"not_picked":["Deflect","Prepared"],"picked":"PiercingWail","floor":1.0},{"not_picked":["hubris:SlightOfHand","Dagger Spray"],"picked":"Calculated Gamble","floor":3.0},{"not_picked":["Outmaneuver","Footwork","Concentrate"],"picked":"SKIP","floor":5.0},{"not_picked":["Skewer","Dash","Slice"],"picked":"SKIP","floor":7.0},{"not_picked":["hubris:SlightOfHand","Noxious Fumes"],"picked":"Dagger Throw","floor":10.0},{"not_picked":["Expertise","hubris:TrickCloak","PiercingWail"],"picked":"SKIP","floor":11.0},{"not_picked":["Envenom","Footwork"],"picked":"Underhanded Strike","floor":12.0},{"not_picked":["Outmaneuver","Acrobatics"],"picked":"Calculated Gamble","floor":13.0},{"not_picked":["Bane","All Out Attack"],"picked":"Glass Knife","floor":14.0},{"not_picked":["A Thousand Cuts","Bullet Time"],"picked":"Storm of Steel","floor":16},{"not_picked":["Cloak And Dagger+1","Backflip","Expertise"],"picked":"SKIP","floor":18},{"not_picked":["Slice+1","Phantasmal Killer","Escape Plan"],"picked":"SKIP","floor":19},{"not_picked":["Terror","Quick Slash","Flying Knee+1"],"picked":"SKIP","floor":21},{"not_picked":["Dagger Spray+1","Deadly Poison+1","Bouncing Flask"],"picked":"SKIP","floor":24},{"not_picked":["Deflect","hubris:SlightOfHand"],"picked":"Acrobatics+1","floor":27},{"not_picked":["Infinite Blades","aspiration:Lunge"],"picked":"Prepared","floor":30},{"not_picked":["Flying Knee","Calculated Gamble","Distraction"],"picked":"SKIP","floor":31}],"player_experience":312387,"relics_obtained":[{"floor":9.0,"key":"Orichalcum"},{"floor":24,"key":"infinitespire:Satchel"},{"floor":26,"key":"hubris:64BitClover"}],"event_choices":[{"damage_healed":0.0,"max_hp_gain":0.0,"max_hp_loss":0.0,"gold_gain":100.0,"event_name":"Golden Shrine","player_choice":"Pray","floor":4.0,"gold_loss":0.0,"damage_taken":0.0},{"cards_removed":["Calculated Gamble"],"damage_healed":12,"gold_gain":0,"player_choice":"Offered Uncommon","damage_taken":0,"max_hp_gain":0,"max_hp_loss":0,"event_name":"Bonfire Elementals","floor":20,"gold_loss":0},{"damage_healed":0,"gold_gain":0,"player_choice":"Traded Relic","damage_taken":0,"relics_obtained":["Nloth\u0027s Gift"],"max_hp_gain":0,"max_hp_loss":0,"event_name":"N\u0027loth","floor":29,"relics_lost":["MealTicket"],"gold_loss":0}],"is_beta":false,"boss_relics":[{"not_picked":["WristBlade","aspiration:SecretTechniqueScroll"],"picked":"Ectoplasm"}],"items_purged_floors":[],"is_endless":false,"potions_floor_spawned":[1,3,7,11,14,19,21,24,30],"killed_by":"Collector","ascension_level":0}}