{"host":"llpusn9usp8rznkj","time":1607839298,"event":{"mods":["2.2 Compatiblity","BaseMod","Colored Map","Colored Powertips","Conspire","Downfall","Hubris","Minty Spire (QoL Compilation)","Rare Cards Sparkle","Replay The Spire","StSLib","The Cursed"],"gold_per_floor":[113,125,139,155,155,155,155,155],"floor_reached":7,"playtime":374,"items_purged":[],"score":86,"play_id":"028ce959-c0ef-45b2-b82a-0b00824b1ef7","local_time":"20201213010138","is_ascension_mode":true,"campfire_choices":[{"data":"Mayhem","floor":6,"key":"SMITH"}],"circlet_count":0,"master_deck":["AscendersBane","Strike_R","Strike_R","Strike_R","Strike_R","Strike_R","Defend_R","Defend_R","Defend_R","Defend_R","Bash","Mayhem+1","Whirlwind","Flame Barrier","Limit Break","Flex"],"relics":["Burning Blood"],"acts_visited":["Exordium"],"potions_floor_usage":[4],"damage_taken":[{"damage":13,"enemies":"Cultist","floor":1,"turns":5},{"damage":8,"enemies":"2 Louse","floor":2,"turns":2},{"damage":24,"enemies":"Jaw Worm","floor":3,"turns":7},{"damage":3,"enemies":"2 Fungi Beasts","floor":4,"turns":4},{"damage":30,"enemies":"3 Sentries","floor":7,"turns":4}],"seed_played":"-8457055560279669824","potions_obtained":[{"floor":3,"key":"Dexterity Potion"},{"floor":4,"key":"Ancient Potion"}],"is_trial":false,"path_per_floor":["M","M","M","M","?","R","E"],"character_chosen":"IRONCLAD","items_purchased":[],"campfire_rested":0,"item_purchase_floors":[],"current_hp_per_floor":[43,41,23,26,26,26,0,0],"gold":155,"neow_bonus":"RANDOM_COLORLESS_2","is_daily":false,"chose_seed":false,"campfire_upgraded":1,"win_rate":0.0,"timestamp":1607839298,"path_taken":["M","M","?","M","?","R","E"],"items_purchased_type":[],"build_version":"2020-11-30","purchased_purges":0,"victory":false,"max_hp_per_floor":[75,75,75,75,75,75,75,75],"card_choices":[{"not_picked":["ReplayTheSpireMod:Necrogeddon","Master of Strategy"],"picked":"Mayhem","floor":0},{"not_picked":["Armaments","Cleave"],"picked":"Whirlwind","floor":1},{"not_picked":["True Grit","Pommel Strike"],"picked":"Flame Barrier","floor":2},{"not_picked":["ReplayTheSpireMod:Strike From Hell","Dark Embrace"],"picked":"Limit Break","floor":3},{"not_picked":["Clothesline","Clash"],"picked":"Flex","floor":4}],"player_experience":916172,"relics_obtained":[],"event_choices":[{"damage_healed":0,"gold_gain":0,"player_choice":"Ignored","damage_taken":0,"max_hp_gain":0,"max_hp_loss":0,"event_name":"Liars Game","floor":5,"gold_loss":0}],"is_beta":false,"boss_relics":[],"items_purged_floors":[],"is_endless":false,"potions_floor_spawned":[3,4],"killed_by":"3 Sentries","ascension_level":20}}