{"host":"j06fkfseroga8i8e","time":1607826782,"event":{"mods":["BaseMod","Bestiary","Colored Map","Colored Powertips","Minty Spire (QoL Compilation)","Relic Stats","StSLib"],"gold_per_floor":[109,109,109,109,34,34,68,68,91,122,135,159,184,218,218,342,342,357,376,204,204,225,225,225,225],"floor_reached":24,"playtime":491,"items_purged":["Strike_R","Strike_R"],"score":396,"play_id":"b6711005-948c-448e-93f0-5a931d4faec4","local_time":"20201212213302","is_ascension_mode":true,"campfire_choices":[{"data":"Rampage","floor":6,"key":"SMITH"},{"data":"Inflame","floor":8,"key":"SMITH"},{"data":"Infernal Blade","floor":15,"key":"SMITH"},{"floor":23,"key":"REST"}],"circlet_count":0,"master_deck":["AscendersBane","Strike_R+1","Defend_R","Defend_R","Defend_R","Defend_R","Bash+1","Rampage+1","Inflame+1","Bludgeon","Sword Boomerang","Infernal Blade+1","Headbutt","Immolate","Armaments","Thunderclap","Battle Trance","Perfected Strike","Warcry+1"],"relics":["Black Blood","NeowsBlessing","Golden Idol","CultistMask","Whetstone","Anchor","Sundial","WingedGreaves"],"acts_visited":["Exordium","TheCity"],"potions_floor_usage":[16,18,24],"damage_taken":[{"damage":0,"enemies":"Small Slimes","floor":1,"turns":1},{"damage":0,"enemies":"Lagavulin","floor":7,"turns":1},{"damage":0,"enemies":"3 Sentries","floor":10,"turns":2},{"damage":0,"enemies":"Cultist","floor":11,"turns":3},{"damage":0,"enemies":"2 Louse","floor":12,"turns":2},{"damage":0,"enemies":"Blue Slaver","floor":13,"turns":2},{"damage":40,"enemies":"Lagavulin","floor":14,"turns":4},{"damage":18,"enemies":"Hexaghost","floor":16,"turns":7},{"damage":23,"enemies":"2 Thieves","floor":18,"turns":3},{"damage":39,"enemies":"Shell Parasite","floor":19,"turns":6},{"damage":9,"enemies":"Snake Plant","floor":22,"turns":3},{"damage":87,"enemies":"Book of Stabbing","floor":24,"turns":6}],"seed_played":"6237066975257274749","potions_obtained":[{"floor":10,"key":"HeartOfIron"},{"floor":11,"key":"FairyPotion"},{"floor":14,"key":"Energy Potion"},{"floor":18,"key":"SkillPotion"}],"is_trial":false,"path_per_floor":["M","?","?","?","$","R","E","R","T","E","M","M","M","E","R","B",null,"M","M","$","?","M","R","E"],"character_chosen":"IRONCLAD","items_purchased":["Battle Trance"],"campfire_rested":1,"item_purchase_floors":[20],"current_hp_per_floor":[78,71,71,71,71,71,74,74,74,74,74,74,74,40,40,28,63,52,25,25,25,28,50,0,0],"gold":225,"neow_bonus":"THREE_ENEMY_KILL","is_daily":false,"chose_seed":false,"campfire_upgraded":3,"win_rate":0.0,"timestamp":1607826782,"path_taken":["M","?","?","?","$","R","E","R","T","E","?","M","?","E","R","BOSS","M","M","$","?","?","R","E"],"items_purchased_type":["Card"],"build_version":"2020-11-30","purchased_purges":2,"victory":false,"max_hp_per_floor":[80,80,74,74,74,74,74,74,74,74,74,74,74,74,74,74,74,74,74,74,74,74,74,74,74],"relic_stats":{"counters":[12,40],"Golden Idol":69,"Sundial":[4],"Black Blood":57,"Whetstone":["Strike_R","Bash"],"obtain_stats":[{"Anchor":9,"NeowsBlessing":0,"Golden Idol":3,"Sundial":10,"Black Blood":17,"CultistMask":4,"WingedGreaves":14,"Whetstone":7,"Burning Blood":0},{"Anchor":2,"NeowsBlessing":0,"Golden Idol":1,"Sundial":3,"Black Blood":8,"CultistMask":1,"WingedGreaves":7,"Whetstone":2,"Burning Blood":0},{"Anchor":2,"NeowsBlessing":0,"Golden Idol":1,"Sundial":4,"Black Blood":22,"CultistMask":1,"WingedGreaves":15,"Whetstone":2,"Burning Blood":0}]},"card_choices":[{"not_picked":["Havoc","Pummel"],"picked":"Rampage","floor":1},{"not_picked":["Hemokinesis","Sword Boomerang"],"picked":"Inflame","floor":7},{"not_picked":["Havoc","Dark Embrace"],"picked":"Bludgeon","floor":10},{"not_picked":["Perfected Strike","Reckless Charge"],"picked":"Sword Boomerang","floor":11},{"not_picked":["Body Slam","True Grit","Combust"],"picked":"SKIP","floor":12},{"not_picked":["Clash","Wild Strike"],"picked":"Infernal Blade","floor":13},{"not_picked":["Sword Boomerang","Flame Barrier"],"picked":"Headbutt","floor":14},{"not_picked":["Corruption","Demon Form"],"picked":"Immolate","floor":16},{"not_picked":["True Grit","Feel No Pain"],"picked":"Armaments","floor":18},{"not_picked":["Metallicize","Bloodletting"],"picked":"Thunderclap","floor":19},{"not_picked":["Body Slam+1","Armaments"],"picked":"Warcry+1","floor":22}],"player_experience":499000,"relics_obtained":[{"floor":7,"key":"Whetstone"},{"floor":9,"key":"Anchor"},{"floor":10,"key":"Sundial"},{"floor":14,"key":"WingedGreaves"}],"event_choices":[{"cards_removed":["Strike_R"],"damage_healed":0,"gold_gain":0,"player_choice":"Card Removal","damage_taken":7,"max_hp_gain":0,"max_hp_loss":0,"event_name":"Golden Wing","floor":2,"gold_loss":0},{"damage_healed":0,"gold_gain":0,"player_choice":"Lose Max HP","damage_taken":0,"relics_obtained":["Golden Idol"],"max_hp_gain":0,"max_hp_loss":6,"event_name":"Golden Idol","floor":3,"gold_loss":0},{"damage_healed":0,"gold_gain":0,"player_choice":"Trade","damage_taken":0,"relics_obtained":["CultistMask"],"max_hp_gain":0,"max_hp_loss":0,"event_name":"FaceTrader","floor":4,"gold_loss":0},{"damage_healed":0,"gold_gain":0,"cards_transformed":["Strike_R"],"player_choice":"Transformed","damage_taken":0,"max_hp_gain":0,"max_hp_loss":0,"event_name":"Transmorgrifier","floor":21,"gold_loss":0,"cards_obtained":["Perfected Strike"]}],"is_beta":false,"boss_relics":[{"not_picked":["Tiny House","SlaversCollar"],"picked":"Black Blood"}],"items_purged_floors":[5,20],"is_endless":false,"potions_floor_spawned":[10,11,14,18],"killed_by":"Book of Stabbing","ascension_level":10}}