{"host":"vtakxgab1vu2j1nx","time":1607833166,"event":{"mods":["AchievementEnabler","BaseMod","Colored Map","Minty Spire (QoL Compilation)","Quick Restart","SuperFastMode"],"gold_per_floor":[119,137,154,229,67,67,67,101,101,31,50,50,50,50,50,50,50],"floor_reached":16,"playtime":272,"items_purged":[],"score":157,"play_id":"b6ce962e-fece-477b-84f3-d4e5daa25d42","local_time":"20201212231926","is_ascension_mode":true,"campfire_choices":[{"data":"Body Slam","floor":6,"key":"SMITH"},{"data":"Perfected Strike","floor":12,"key":"SMITH"},{"data":"Metamorphosis","floor":15,"key":"SMITH"}],"circlet_count":0,"master_deck":["AscendersBane","Strike_R","Strike_R","Strike_R","Strike_R","Strike_R","Defend_R","Defend_R","Defend_R","Defend_R","Bash","Power Through","Body Slam+1","Perfected Strike+1","Metamorphosis+1","Perfected Strike","Inflame","Inflame"],"relics":["Burning Blood","NeowsBlessing","Paper Frog","Vajra","Omamori","Singing Bowl"],"acts_visited":["Exordium"],"potions_floor_usage":[11,11],"damage_taken":[{"damage":0,"enemies":"Jaw Worm","floor":1,"turns":1},{"damage":0,"enemies":"2 Louse","floor":2,"turns":1},{"damage":7,"enemies":"Small Slimes","floor":3,"turns":2},{"damage":10,"enemies":"Gremlin Nob","floor":8,"turns":4},{"damage":20,"enemies":"Gremlin Gang","floor":11,"turns":4},{"damage":37,"enemies":"Hexaghost","floor":16,"turns":7}],"seed_played":"9160532592186153776","potions_obtained":[{"floor":1,"key":"Ancient Potion"},{"floor":2,"key":"SkillPotion"},{"floor":11,"key":"ElixirPotion"}],"is_trial":false,"path_per_floor":["M","M","M","?","$","R","?","E","T","$","M","R","$","T","R","B"],"character_chosen":"IRONCLAD","items_purchased":["Metamorphosis","Inflame"],"campfire_rested":0,"item_purchase_floors":[5,10],"current_hp_per_floor":[78,80,79,68,68,68,61,57,57,57,43,43,43,43,43,6,6],"gold":50,"neow_bonus":"THREE_ENEMY_KILL","is_daily":false,"chose_seed":false,"campfire_upgraded":3,"win_rate":0.0,"timestamp":1607833166,"path_taken":["M","M","M","?","$","R","?","E","T","?","M","R","?","?","R","BOSS"],"items_purchased_type":["Card","Card"],"build_version":"2020-11-30","purchased_purges":0,"victory":false,"max_hp_per_floor":[80,80,80,80,80,80,80,80,80,80,80,80,80,80,80,80,80],"card_choices":[{"not_picked":["Intimidate","Hemokinesis"],"picked":"Power Through","floor":1},{"not_picked":["Iron Wave","Hemokinesis"],"picked":"Body Slam","floor":2},{"not_picked":["Warcry","Anger"],"picked":"Perfected Strike","floor":3},{"not_picked":["Seeing Red","Heavy Blade"],"picked":"Perfected Strike","floor":8},{"not_picked":["Evolve","Feel No Pain"],"picked":"Inflame","floor":11}],"player_experience":178480,"relics_obtained":[{"floor":8,"key":"Vajra"},{"floor":9,"key":"Omamori"},{"floor":14,"key":"Singing Bowl"}],"event_choices":[{"damage_healed":0,"gold_gain":75,"player_choice":"Gather Gold","damage_taken":11,"max_hp_gain":0,"max_hp_loss":0,"event_name":"World of Goop","floor":4,"gold_loss":0},{"damage_healed":0,"gold_gain":0,"player_choice":"Success","damage_taken":7,"relics_obtained":["Paper Frog"],"max_hp_gain":0,"max_hp_loss":0,"event_name":"Scrap Ooze","floor":7,"gold_loss":0}],"is_beta":false,"boss_relics":[],"items_purged_floors":[],"is_endless":false,"potions_floor_spawned":[1,2,11],"killed_by":"Hexaghost","ascension_level":12}}