{"host":"qrt7o4dq2qslzw13","time":1607884656,"event":{"mods":["AchievementEnabler","BaseMod","Colored Map","Colored Powertips","Minty Spire (QoL Compilation)","Quick Restart","Rare Cards Sparkle","StSLib","SuperFastMode"],"gold_per_floor":[368,386,40,56,56,56,75,75,75,75,125,125,140,153,153,153,153],"floor_reached":16,"playtime":635,"items_purged":[],"score":179,"play_id":"a6e6a737-c8d9-4984-b574-76a03581eb56","local_time":"20201213133736","is_ascension_mode":true,"campfire_choices":[{"data":"Transmutation","floor":6.0,"key":"SMITH"},{"data":"Havoc","floor":8.0,"key":"SMITH"},{"floor":12,"key":"REST"},{"data":"Spot Weakness","floor":15,"key":"SMITH"}],"circlet_count":0,"master_deck":["AscendersBane","Strike_R","Strike_R","Strike_R","Strike_R","Strike_R","Defend_R","Defend_R","Defend_R","Defend_R","Bash","Iron Wave","Havoc+1","Reckless Charge","Burning Pact","Transmutation+1","Shockwave","Regret","Battle Trance","Spot Weakness+1","Pummel"],"relics":["Burning Blood","Shuriken","Torii","Mercury Hourglass"],"acts_visited":["Exordium"],"potions_floor_usage":[14],"damage_taken":[{"damage":6.0,"enemies":"Cultist","floor":1.0,"turns":3.0},{"damage":2.0,"enemies":"2 Louse","floor":2.0,"turns":3.0},{"damage":9.0,"enemies":"Small Slimes","floor":4.0,"turns":4.0},{"damage":1.0,"enemies":"Gremlin Gang","floor":7.0,"turns":3.0},{"damage":0,"enemies":"Exordium Wildlife","floor":13,"turns":3},{"damage":3,"enemies":"2 Fungi Beasts","floor":14,"turns":3},{"damage":64,"enemies":"The Guardian","floor":16,"turns":8}],"seed_played":"-1788155350760833169","potions_obtained":[{"floor":2.0,"key":"ElixirPotion"},{"floor":4.0,"key":"Explosive Potion"},{"floor":13,"key":"Weak Potion"}],"is_trial":false,"path_per_floor":["M","M","$","M","?","R","M","R","T","?","?","R","M","M","R","B"],"character_chosen":"IRONCLAD","items_purchased":["Reckless Charge","Burning Pact","Transmutation"],"campfire_rested":1,"item_purchase_floors":[3,3,3],"current_hp_per_floor":[68,68,68,65,65,65,68,68,68,42,36,56,62,65,65,1,1],"gold":153,"neow_bonus":"TWO_FIFTY_GOLD","is_daily":false,"chose_seed":false,"campfire_upgraded":3,"win_rate":0.0,"timestamp":1607884656,"path_taken":["M","M","$","M","?","R","M","R","T","?","?","R","M","?","R","BOSS"],"items_purchased_type":["Card","Card","Card"],"build_version":"2020-11-30","purchased_purges":0,"victory":false,"max_hp_per_floor":[68,68,68,68,68,68,68,68,68,68,68,68,68,68,68,68,68],"card_choices":[{"not_picked":["Clash","Sword Boomerang"],"picked":"Iron Wave","floor":1.0},{"not_picked":["Headbutt","Blood for Blood"],"picked":"Havoc","floor":2.0},{"not_picked":["Headbutt","Pommel Strike"],"picked":"Shockwave","floor":4.0},{"not_picked":["Iron Wave","Perfected Strike"],"picked":"Battle Trance","floor":7.0},{"not_picked":["Blood for Blood","Flex"],"picked":"Spot Weakness","floor":13},{"not_picked":["Flex","Whirlwind"],"picked":"Pummel","floor":14}],"player_experience":446432,"relics_obtained":[{"floor":9.0,"key":"Torii"}],"event_choices":[{"damage_healed":0.0,"max_hp_gain":0.0,"max_hp_loss":0.0,"gold_gain":0.0,"event_name":"Big Fish","player_choice":"Box","floor":5.0,"gold_loss":0.0,"damage_taken":0.0,"relics_obtained":["Shuriken"],"cards_obtained":["Regret"]},{"damage_healed":0.0,"max_hp_gain":0.0,"max_hp_loss":0.0,"gold_gain":0.0,"event_name":"Scrap Ooze","player_choice":"Success","floor":10.0,"gold_loss":0.0,"damage_taken":26.0,"relics_obtained":["Mercury Hourglass"]},{"damage_healed":0,"gold_gain":50,"player_choice":"Touch","damage_taken":6,"max_hp_gain":0,"max_hp_loss":0,"event_name":"FaceTrader","floor":11,"gold_loss":0}],"is_beta":false,"boss_relics":[],"items_purged_floors":[],"is_endless":false,"potions_floor_spawned":[2,4,13],"killed_by":"The Guardian","ascension_level":19}}