{"host":"e8rlfedn69rz2s07","time":1607865968,"event":{"mods":["BaseMod","Challenge The Spire","Hubris","Infinite Spire","Minty Spire (QoL Compilation)","Permanent Neow","Relic Stats","Replay The Spire","Shop Mod","StSLib"],"gold_per_floor":[877,410,445,486,517,517,517,163,200,230,270,270,270,534,561,587,619,667],"floor_reached":19,"playtime":1116,"items_purged":["Strike_R","Strike_R"],"score":420,"play_id":"518b6788-56af-4e52-826d-303e86fc00a9","local_time":"20201213152608","daily_mods":["challengethespire:Bronze Difficulty","challengethespire:Elite Rush","Uncertain Future"],"is_ascension_mode":false,"campfire_choices":[{"data":"Spot Weakness","floor":7.0,"key":"SMITH"},{"floor":13.0,"key":"REST"},{"data":"Limit Break","floor":13.0,"key":"SMITH"}],"circlet_count":0,"master_deck":["Strike_R+1","Strike_R+1","Defend_R","Defend_R","Bash+1","Shrug It Off","Apotheosis","hubris:ReadiedAction+1","Spot Weakness+1","Pot Of Greed","Pot Of Greed","Immolate","Flame Barrier","hubris:CleavingFinish+1","Shrug It Off","Limit Break+1","Flame Barrier","Metallicize","Iron Wave+1","Limit Break+1","Warcry+1","Shockwave","Pot Of Greed","Uppercut","Barricade","Corruption","Demonic Infusion","Feed"],"relics":["Burning Blood","Black Star","Sling","PreservedInsect","ReplayTheSpireMod:Lightbulb","infinitespire:Midas Blood","Whetstone","Grinning Jar","Strawberry","King of Hearts","Replay:Ringing Soul","Cursed Key","Vajra","Replay:Towering Pillar of Hats","Nunchaku","infinitespire:Magic Flask","Ancient Tea Set","Du-Vu Doll","Toy Ornithopter","Astrolabe","hubris:NiceRug","infinitespire:EmpoweringShard","InkBottle","Chemical X","Durian","Counterbalance","Replay:Bandana","Replay:Baseball","hubris:SlimyHat","Blue Candle","Oddly Smooth Stone","Replay:Bottled Eggs"],"acts_visited":["Exordium"],"potions_floor_usage":[15,18,18],"damage_taken":[{"damage":2.0,"enemies":"Lagavulin","floor":3.0,"turns":5.0},{"damage":9.0,"enemies":"3 Sentries","floor":4.0,"turns":9.0},{"damage":8.0,"enemies":"Gremlin Nob","floor":5.0,"turns":3.0},{"damage":10.0,"enemies":"Book of Stabbing","floor":9.0,"turns":3.0},{"damage":11.0,"enemies":"Gremlin Leader","floor":10.0,"turns":4.0},{"damage":33.0,"enemies":"Slavers","floor":11.0,"turns":3.0},{"damage":66,"enemies":"hubris:Merchant","floor":14,"turns":7},{"damage":4,"enemies":"Nemesis","floor":15,"turns":4},{"damage":0,"enemies":"Reptomancer","floor":16,"turns":6},{"damage":0,"enemies":"Giant Head","floor":17,"turns":6},{"damage":14,"enemies":"Shield and Spear","floor":18,"turns":3}],"seed_played":"-152387227208135542","potions_obtained":[{"floor":5.0,"key":"Strength Potion"},{"floor":10.0,"key":"Regen Potion"},{"floor":11.0,"key":"HeartOfIron"},{"floor":14,"key":"Flashbang"},{"floor":16,"key":"BlessingOfTheForge"},{"floor":18,"key":"AttackPotion"}],"is_trial":true,"path_per_floor":["$","$","E","E","E","T","R","$","E","E","E","T","R","$","E","E","E","E",null],"character_chosen":"IRONCLAD","items_purchased":["Shrug It Off","Apotheosis","ReplayTheSpireMod:Lightbulb","hubris:ReadiedAction+1","PowerPotion","hubris:CleavingFinish+1","Shrug It Off","Vajra","Shockwave"],"campfire_rested":1,"item_purchase_floors":[1,2,2,2,2,8,8,8,14],"current_hp_per_floor":[80,80,80,84,85,85,85,88,87,85,61,64,95,38,53,62,71,76],"gold":667,"neow_bonus":"","is_daily":false,"chose_seed":false,"campfire_upgraded":2,"win_rate":0.0,"timestamp":1607865968,"path_taken":["$","$","E","E","E","T","R","$","E","E","E","T","R","$","E","E","E","E"],"items_purchased_type":["Card","Card","Relic","Card","Potion","Card","Card","Relic","Card"],"build_version":"2020-11-30","purchased_purges":2,"victory":true,"max_hp_per_floor":[80,80,80,87,90,90,90,93,96,99,102,105,105,108,116,119,122,125],"relic_stats":{"counters":[11,53],"Astrolabe":["Iron Wave","Limit Break","Warcry"],"Blue Candle":[0],"PreservedInsect":506,"Whetstone":["Bash","Strike_R"],"Cursed Key":0,"Burning Blood":62,"Nunchaku":[4],"Black Star":10,"Chemical X":[0],"obtain_stats":[{"Vajra":8,"King of Hearts":5,"hubris:SlimyHat":17,"Whetstone":3,"Sling":0,"Cursed Key":6,"Ancient Tea Set":10,"Burning Blood":0,"Replay:Ringing Soul":5,"Nunchaku":9,"Replay:Bandana":16,"Strawberry":4,"Chemical X":14,"Replay:Bottled Eggs":18,"InkBottle":14,"Replay:Towering Pillar of Hats":9,"Astrolabe":12,"Counterbalance":15,"Blue Candle":17,"Oddly Smooth Stone":18,"PreservedInsect":0,"infinitespire:Magic Flask":10,"Du-Vu Doll":11,"Replay:Baseball":16,"Black Star":0,"infinitespire:EmpoweringShard":14,"Durian":15,"Grinning Jar":4,"ReplayTheSpireMod:Lightbulb":2,"Toy Ornithopter":11,"infinitespire:Midas Blood":3,"hubris:NiceRug":14},{"Vajra":3,"King of Hearts":3,"hubris:SlimyHat":10,"Whetstone":1,"Sling":0,"Cursed Key":3,"Ancient Tea Set":5,"Burning Blood":0,"Replay:Ringing Soul":3,"Nunchaku":4,"Replay:Bandana":9,"Strawberry":2,"Chemical X":7,"Replay:Bottled Eggs":11,"InkBottle":7,"Replay:Towering Pillar of Hats":4,"Astrolabe":6,"Counterbalance":8,"Blue Candle":10,"Oddly Smooth Stone":11,"PreservedInsect":0,"infinitespire:Magic Flask":5,"Du-Vu Doll":6,"Replay:Baseball":9,"Black Star":0,"infinitespire:EmpoweringShard":7,"Durian":8,"Grinning Jar":2,"ReplayTheSpireMod:Lightbulb":0,"Toy Ornithopter":6,"infinitespire:Midas Blood":1,"hubris:NiceRug":7},{"Vajra":17,"King of Hearts":17,"hubris:SlimyHat":50,"Whetstone":5,"Sling":0,"Cursed Key":17,"Ancient Tea Set":24,"Burning Blood":0,"Replay:Ringing Soul":17,"Nunchaku":20,"Replay:Bandana":44,"Strawberry":14,"Chemical X":34,"Replay:Bottled Eggs":53,"InkBottle":34,"Replay:Towering Pillar of Hats":20,"Astrolabe":27,"Counterbalance":38,"Blue Candle":50,"Oddly Smooth Stone":53,"PreservedInsect":0,"infinitespire:Magic Flask":24,"Du-Vu Doll":27,"Replay:Baseball":44,"Black Star":0,"infinitespire:EmpoweringShard":34,"Durian":38,"Grinning Jar":14,"ReplayTheSpireMod:Lightbulb":0,"Toy Ornithopter":27,"infinitespire:Midas Blood":5,"hubris:NiceRug":34}],"Toy Ornithopter":15,"InkBottle":[7]},"card_choices":[{"not_picked":[],"picked":"Uppercut","floor":14},{"not_picked":["Hemokinesis"],"picked":"SKIP","floor":14},{"not_picked":["Flex"],"picked":"SKIP","floor":14},{"not_picked":["Dark Embrace"],"picked":"SKIP","floor":14},{"not_picked":["Good Instincts"],"picked":"SKIP","floor":14},{"not_picked":["HandOfGreed"],"picked":"SKIP","floor":14}],"player_experience":700792,"relics_obtained":[{"floor":3.0,"key":"infinitespire:Midas Blood"},{"floor":3.0,"key":"Whetstone"},{"floor":4.0,"key":"Grinning Jar"},{"floor":4.0,"key":"Strawberry"},{"floor":5.0,"key":"King of Hearts"},{"floor":5.0,"key":"Replay:Ringing Soul"},{"floor":9.0,"key":"Replay:Towering Pillar of Hats"},{"floor":9.0,"key":"Nunchaku"},{"floor":10.0,"key":"infinitespire:Magic Flask"},{"floor":10.0,"key":"Ancient Tea Set"},{"floor":11.0,"key":"Du-Vu Doll"},{"floor":11.0,"key":"Toy Ornithopter"},{"floor":14,"key":"infinitespire:EmpoweringShard"},{"floor":14,"key":"InkBottle"},{"floor":14,"key":"Chemical X"},{"floor":15,"key":"Durian"},{"floor":15,"key":"Counterbalance"},{"floor":16,"key":"Replay:Bandana"},{"floor":16,"key":"Replay:Baseball"},{"floor":17,"key":"hubris:SlimyHat"},{"floor":17,"key":"Blue Candle"},{"floor":18,"key":"Oddly Smooth Stone"},{"floor":18,"key":"Replay:Bottled Eggs"}],"event_choices":[],"is_beta":false,"boss_relics":[{"not_picked":["Kintsugi","Runic Cube"],"picked":"Cursed Key"},{"not_picked":["hubris:RunicObelisk","Sozu"],"picked":"Astrolabe"}],"items_purged_floors":[1,8],"is_endless":false,"potions_floor_spawned":[5,10,11,16,18],"ascension_level":0}}