{"host":"fq9q35as5g8xdsoo","time":1607823973,"event":{"mods":["2.2 Compatiblity","AchievementEnabler","Act Like it!","Aspiration","BaseMod","Beaked The Cultist","Better Skull","Card Forge","Colored Map","Colored Powertips","Conspire","Dota2Spire","Energized Spire","Gensokyo","GifTheSpireLib","Halation","Hermit","Hubris","Marked Mod","Menagerie","Minty Spire (QoL Compilation)","Pale of the Ancients","Permanent Neow","Quick Restart","Relic Filter","Replay The Spire","Robot Space Explorer","Spicy Shops","Spikes Relics","StSLib","Stuff the Spire","SuperFastMode","The Blue Laboratory","The Construct","The Disciple","The Factory","The Gatherer","The Jungle","The Runesmith","The Servant 0.9.4","Trackpad","WarShipGirlsR/????R mod","vexMod"],"gold_per_floor":[118,128,128,103,103,137,137,166,211,242,40,60,70,70,70,174,840,850,863,743,693,693,718,718,737,737,737,737,737,748,758,758,856,856,869,671,690,707,707,739,739,763,787,815,532,532,532,577,577,577,577],"floor_reached":50,"playtime":2166,"items_purged":[],"score":789,"play_id":"9b049e71-df18-41e0-a03b-ddf4cfd91c53","local_time":"20201212174613","is_ascension_mode":true,"campfire_choices":[{"data":"ShatteredReality","floor":7,"key":"SMITH"},{"data":"SilverBlades","floor":15,"key":"SMITH"},{"data":"Starlight","floor":24,"key":"SMITH"},{"data":"ShatteredReality","floor":29,"key":"SMITH"},{"floor":32,"key":"RECALL"},{"data":"Exchange","floor":46,"key":"SMITH"},{"floor":49,"key":"REST"}],"circlet_count":0,"master_deck":["ShatteredReality+1","Starlight+1","SilverBlades+1","ShatteredReality+1","Exchange+1"],"relics":["Uniform","Hammer of Thor","Seething Fire","Anvil of the Gods","aspiration:Nostalgia","StuffTheSpire:OccultApparatus","Gensokyo:PortableGap","Tiny Chest","Nunchaku","StuffTheSpire:ForceGauntlet","aspiration:ChemicalBlood","Membership Card","Shuriken","StuffTheSpire:Wildfire","vexMod:RockOfEvil","trackpad:DisasterInABottle","Grinning Jar","Dota2Spire:CrimsonGuard","Dota2Spire:Bloodstone","Strawberry","Quantum Egg","trackpad:CultistFigurine","ReplayTheSpireMod:TigerMarble","StuffTheSpire:Gunfinga","aspiration:Lifesprig","Mummified Hand","Kunai","Pan","Dota2Spire:AghanimScepter"],"acts_visited":["Gensokyo:Gensokyo","Gensokyo:Gensokyoer","TheBeyond"],"potions_floor_usage":[33,33,40,50],"damage_taken":[{"damage":3,"enemies":"Gensokyo:Gryphon","floor":1,"turns":4},{"damage":0,"enemies":"Gensokyo:3_Fairies","floor":2,"turns":2},{"damage":0,"enemies":"Gensokyo:Mamizou","floor":6,"turns":7},{"damage":0,"enemies":"Gensokyo:Aya","floor":8,"turns":2},{"damage":0,"enemies":"Gensokyo:Cirno","floor":10,"turns":4},{"damage":0,"enemies":"Gensokyo:Python","floor":12,"turns":1},{"damage":0,"enemies":"Gensokyo:3_Kodama","floor":13,"turns":1},{"damage":8,"enemies":"Gensokyo:Yukari","floor":16,"turns":4},{"damage":0,"enemies":"Gensokyo:3_Dogs","floor":18,"turns":1},{"damage":0,"enemies":"Gensokyo:CosmicMonolith","floor":19,"turns":1},{"damage":0,"enemies":"Gensokyo:Tenshi","floor":23,"turns":1},{"damage":0,"enemies":"Gensokyo:Wraith","floor":25,"turns":2},{"damage":0,"enemies":"Gensokyo:3_Gloops","floor":30,"turns":1},{"damage":0,"enemies":"Gensokyo:Slime_Group","floor":31,"turns":1},{"damage":42,"enemies":"Gensokyo:Kaguya","floor":33,"turns":3},{"damage":0,"enemies":"3 Shapes","floor":35,"turns":1},{"damage":0,"enemies":"Orb Walker","floor":37,"turns":1},{"damage":10,"enemies":"Writhing Mass","floor":38,"turns":2},{"damage":25,"enemies":"R_Hoarder","floor":40,"turns":3},{"damage":0,"enemies":"Reptomancer","floor":44,"turns":1},{"damage":0,"enemies":"conspire:MimicChest","floor":48,"turns":2},{"damage":89,"enemies":"conspire:OrnateMirror","floor":50,"turns":1}],"seed_played":"6551447962044325300","potions_obtained":[{"floor":2,"key":"blueLaboratory:BottleOfRum"},{"floor":6,"key":"blueLaboratory:FrostheartPotion"},{"floor":10,"key":"blueLaboratory:ArtificerPotion"},{"floor":33,"key":"Fire Potion"},{"floor":40,"key":"blueLaboratory:FruitPunch"},{"floor":40,"key":"SkillPotion"}],"is_trial":false,"path_per_floor":["M","M","?","?","?","E","R","E","T","E","$","M","M","T","R","B",null,"M","M","$","?","?","E","R","M","T","?","T","R","M","M","R","B",null,"M","$","M","M","?","E","?","T","T","E","$","R","?","?","R","B"],"character_chosen":"THE_SERVANT","items_purchased":["Membership Card","Shuriken","trackpad:DisasterInABottle","Strawberry","Quantum Egg","Mummified Hand","Kunai","Pan"],"campfire_rested":1,"item_purchase_floors":[11,11,20,36,36,45,45,45],"current_hp_per_floor":[62,62,59,59,59,59,59,59,59,59,59,59,59,59,59,51,59,59,59,59,66,66,66,66,66,66,66,66,66,66,66,66,24,66,66,73,73,63,63,40,48,48,48,48,48,48,48,48,70,0,0],"gold":577,"neow_bonus":"NOSTALGIA","is_daily":false,"chose_seed":false,"campfire_upgraded":5,"win_rate":0.0,"timestamp":1607823973,"path_taken":["M","M","?","?","?","E","R","E","T","E","?","?","M","?","R","BOSS","M","M","$","?","?","E","R","M","T","?","?","R","M","?","R","BOSS","M","$","M","M","?","E","?","?","T","E","?","R","?","?","R","BOSS"],"items_purchased_type":["Relic","Relic","Relic","Relic","Relic","Relic","Relic","Relic"],"build_version":"2020-11-30","purchased_purges":0,"victory":false,"max_hp_per_floor":[65,65,59,59,59,59,59,59,59,59,59,59,59,59,59,59,59,59,59,59,66,66,66,66,66,66,66,66,66,66,66,66,66,66,66,73,73,73,73,75,75,75,75,75,75,75,75,75,75,75,75],"card_choices":[{"not_picked":["FastForward","Reset"],"picked":"ShatteredReality","floor":1},{"not_picked":["DoubleEdge","Spin"],"picked":"Starlight","floor":2},{"not_picked":["Spin","SpecialFormula"],"picked":"Snipe","floor":5},{"not_picked":["Advance","FastForward"],"picked":"SilverBlades","floor":5},{"not_picked":["Misdirection","Reset","Gouge"],"picked":"SKIP","floor":6},{"not_picked":["Read","KillingDoll","Defy"],"picked":"SKIP","floor":8},{"not_picked":["BottledTime","Solidify","Desolation"],"picked":"SKIP","floor":10},{"not_picked":["Starlight","Defy","Rewind"],"picked":"SKIP","floor":12},{"not_picked":["WasteNot","Defy","Starlight"],"picked":"SKIP","floor":13},{"not_picked":["Rewind+1","Advance","ReturningBlade"],"picked":"SKIP","floor":18},{"not_picked":["Comet","Rewind"],"picked":"ShatteredReality","floor":19},{"not_picked":["Sabotage","FastForward","Foresight"],"picked":"SKIP","floor":23},{"not_picked":["Potential","Spin","DoubleEdge"],"picked":"SKIP","floor":25},{"not_picked":["Replace","Luminosity","Defy"],"picked":"SKIP","floor":30},{"not_picked":["FastForward+1","Spin+1","Rewind"],"picked":"SKIP","floor":31},{"not_picked":["Replace+1","Potential","Desolation"],"picked":"SKIP","floor":35},{"not_picked":["Replace+1","Spin+1","WasteNot"],"picked":"SKIP","floor":37},{"not_picked":["TimeWarp+1","FastForward","BestPractice+1"],"picked":"SKIP","floor":38},{"not_picked":["Rearm","FastForward","Snipe+1"],"picked":"SKIP","floor":40},{"not_picked":["Replace+1","Alleviate","ReturningBlade+1"],"picked":"SKIP","floor":44}],"player_experience":940072,"relics_obtained":[{"floor":6,"key":"Nunchaku"},{"floor":8,"key":"StuffTheSpire:ForceGauntlet"},{"floor":10,"key":"aspiration:ChemicalBlood"},{"floor":14,"key":"StuffTheSpire:Wildfire"},{"floor":23,"key":"Grinning Jar"},{"floor":26,"key":"Dota2Spire:CrimsonGuard"},{"floor":40,"key":"trackpad:CultistFigurine"},{"floor":42,"key":"ReplayTheSpireMod:TigerMarble"},{"floor":43,"key":"StuffTheSpire:Gunfinga"},{"floor":44,"key":"aspiration:Lifesprig"},{"floor":48,"key":"Dota2Spire:AghanimScepter"}],"event_choices":[{"damage_healed":0,"gold_gain":0,"player_choice":"Leave","damage_taken":0,"max_hp_gain":0,"max_hp_loss":0,"event_name":"conspire:Investor","floor":27,"gold_loss":0},{"cards_removed":["Exchange"],"damage_healed":0,"gold_gain":0,"player_choice":"Removed Skill","damage_taken":0,"max_hp_gain":0,"max_hp_loss":0,"event_name":"Falling","floor":39,"gold_loss":0}],"is_beta":false,"boss_relics":[{"not_picked":["energizedSpire:MagnifyingGlass","halation:Yufonium"],"picked":"vexMod:RockOfEvil"},{"not_picked":["energizedSpire:RedRose","aspiration:MobileForge"],"picked":"Dota2Spire:Bloodstone"}],"items_purged_floors":[],"is_endless":false,"potions_floor_spawned":[2,6,10,12,19,25,38,44,48],"killed_by":"conspire:OrnateMirror","ascension_level":1}}