{"host":"ifd7sfhtlbe34qll","time":1607881674,"event":{"mods":["2.2 Compatiblity","BaseMod","Block Reminder","Colored Map","Downfall","Highlight Path","Minty Spire (QoL Compilation)","Potion Indicator Mod","Quick Restart","Random Character Button","Relic Stats","StSLib"],"gold_per_floor":[99,99,274,274,299,399,399,464,464,464],"floor_reached":9,"playtime":245,"items_purged":[],"score":96,"play_id":"f4c2b18b-1637-488e-a6b3-e1151abe535c","local_time":"20201213114754","is_ascension_mode":true,"campfire_choices":[{"data":"Slimebound:CorrosiveSpit","floor":1,"key":"SMITH"}],"circlet_count":0,"master_deck":["Slimebound:Strike_Slimebound","Slimebound:Strike_Slimebound","Slimebound:Strike_Slimebound","Slimebound:Tackle","Slimebound:Defend_Slimebound","Slimebound:Defend_Slimebound","Slimebound:Defend_Slimebound","Slimebound:Defend_Slimebound","Slimebound:Split","Slimebound:CorrosiveSpit+1","Slimebound:GrowthPunch","Doubt","Slimebound:GoopSpray","Slimebound:MassFeed","Slimebound:LivingWall"],"relics":["Slimebound:AbsorbEndCombat","downfall:HeartsMalice","The Courier","Mummified Hand"],"acts_visited":["Exordium"],"potions_floor_usage":[9],"damage_taken":[{"damage":0,"enemies":"Small Slimes","floor":2,"turns":1},{"damage":0,"enemies":"2 Louse","floor":4,"turns":1},{"damage":0,"enemies":"Gremlin Nob","floor":5,"turns":1},{"damage":43,"enemies":"Gremlin Nob","floor":8,"turns":4},{"damage":30,"enemies":"3 Sentries","floor":9,"turns":4}],"seed_played":"6931617328495418776","potions_obtained":[{"floor":5,"key":"ColorlessPotion"}],"is_trial":false,"path_per_floor":["R","M","?","M","E","?","T","?","E"],"character_chosen":"SLIMEBOUND","items_purchased":[],"campfire_rested":0,"item_purchase_floors":[],"current_hp_per_floor":[60,60,60,60,60,60,60,25,0,0],"gold":464,"neow_bonus":"THREE_ENEMY_KILL","is_daily":false,"chose_seed":false,"campfire_upgraded":1,"win_rate":0.0,"timestamp":1607881674,"path_taken":["R","M","?","M","E","?","T","?","E"],"items_purchased_type":[],"build_version":"2020-11-30","purchased_purges":0,"victory":false,"max_hp_per_floor":[60,60,60,60,60,60,60,60,63,63],"relic_stats":{"counters":[5,8],"Mummified Hand":[1],"obtain_stats":[{"Mummified Hand":8,"downfall:HeartsMalice":0,"The Courier":7,"Slimebound:AbsorbEndCombat":0},{"Mummified Hand":4,"downfall:HeartsMalice":0,"The Courier":3,"Slimebound:AbsorbEndCombat":0},{"Mummified Hand":4,"downfall:HeartsMalice":0,"The Courier":0,"Slimebound:AbsorbEndCombat":0}]},"card_choices":[{"not_picked":["Slimebound:PressTheAttack","Slimebound:Schlurp"],"picked":"Slimebound:GrowthPunch","floor":2},{"not_picked":["Slimebound:SamplingLick","Slimebound:Nibble"],"picked":"Slimebound:GoopSpray","floor":4},{"not_picked":["Slimebound:SlimeTap","Slimebound:Equalize"],"picked":"Slimebound:MassFeed","floor":5},{"not_picked":["Slimebound:ForwardTackle","Slimebound:GrowthPunch"],"picked":"Slimebound:LivingWall","floor":8}],"player_experience":1533959,"relics_obtained":[{"floor":7,"key":"The Courier"},{"floor":8,"key":"Mummified Hand"}],"event_choices":[],"is_beta":false,"boss_relics":[],"items_purged_floors":[],"is_endless":false,"potions_floor_spawned":[5],"killed_by":"3 Sentries","ascension_level":4}}