{"host":"dl5mjdlimopbuch5","time":1607875724,"event":{"mods":["AchievementEnabler","BaseMod","Colored Powertips","Googly Eyes","Minty Spire (QoL Compilation)","Quick Restart"],"gold_per_floor":[118,118,118,136,136,136,168,186,186,136,167,179,179,235,235,334,334,352,532,88,3,22,22,22,22,22,22,41,41,59,59,59,164,164,174,188,188,73,0,0,10,10,33,33,33,44,94,94,94,94,94],"floor_reached":50,"playtime":1618,"items_purged":[],"score":541,"play_id":"2fce70e7-cf6d-4a8a-bdd5-13ab108eb2eb","local_time":"20201213160844","is_ascension_mode":true,"campfire_choices":[{"data":"Eruption","floor":6.0,"key":"SMITH"},{"floor":15.0,"key":"REST"},{"floor":23.0,"key":"REST"},{"floor":27.0,"key":"REST"},{"data":"Vault","floor":29.0,"key":"SMITH"},{"floor":32.0,"key":"REST"},{"floor":40.0,"key":"REST"},{"floor":49.0,"key":"REST"}],"circlet_count":0,"master_deck":["Strike_P","Strike_P","Strike_P","Strike_P","Defend_P+1","Defend_P","Defend_P","Defend_P+1","Eruption+1","Vigilance","Vengeance","EmptyFist+1","BowlingBash","TalkToTheHand","EmptyFist","Vault+1","Prostrate+1","Prostrate+1","DeusExMachina+1","CurseOfTheBell","Devotion+1"],"relics":["PureWater","NeowsBlessing","White Beast Statue","Smiling Mask","Juzu Bracelet","Blue Candle","Busted Crown","Lantern","Toxic Egg 2","Mercury Hourglass","CultistMask","Strawberry","Calling Bell","Anchor","The Courier","Lizard Tail","Red Mask","Potion Belt","Thread and Needle"],"acts_visited":["Exordium","TheCity","TheBeyond"],"potions_floor_usage":[50,50],"damage_taken":[{"damage":0.0,"enemies":"Small Slimes","floor":1.0,"turns":1.0},{"damage":0.0,"enemies":"Jaw Worm","floor":4.0,"turns":1.0},{"damage":0.0,"enemies":"Gremlin Nob","floor":7.0,"turns":1.0},{"damage":9.0,"enemies":"Cultist","floor":8.0,"turns":3.0},{"damage":10.0,"enemies":"3 Sentries","floor":11.0,"turns":4.0},{"damage":0.0,"enemies":"Exordium Wildlife","floor":12.0,"turns":3.0},{"damage":52.0,"enemies":"Hexaghost","floor":16.0,"turns":8.0},{"damage":21.0,"enemies":"3 Byrds","floor":18.0,"turns":5.0},{"damage":17.0,"enemies":"Shell Parasite","floor":22.0,"turns":5.0},{"damage":9.0,"enemies":"Chosen and Byrds","floor":28.0,"turns":4.0},{"damage":11.0,"enemies":"Shelled Parasite and Fungi","floor":30.0,"turns":4.0},{"damage":82.0,"enemies":"Automaton","floor":33.0,"turns":10.0},{"damage":7.0,"enemies":"Orb Walker","floor":35.0,"turns":4.0},{"damage":27.0,"enemies":"3 Shapes","floor":36.0,"turns":6.0},{"damage":38.0,"enemies":"Maw","floor":41.0,"turns":9.0},{"damage":3.0,"enemies":"Jaw Worm Horde","floor":46.0,"turns":4.0},{"damage":32.0,"enemies":"Mind Bloom Boss Battle","floor":47.0,"turns":8.0},{"damage":91,"enemies":"Awakened One","floor":50,"turns":14}],"seed_played":"-6926226342097662289","potions_obtained":[{"floor":1.0,"key":"BlessingOfTheForge"},{"floor":4.0,"key":"BottledMiracle"},{"floor":7.0,"key":"Energy Potion"},{"floor":8.0,"key":"AttackPotion"},{"floor":11.0,"key":"Ancient Potion"},{"floor":12.0,"key":"FairyPotion"},{"floor":16.0,"key":"StancePotion"},{"floor":18.0,"key":"ColorlessPotion"},{"floor":22.0,"key":"Energy Potion"},{"floor":30.0,"key":"PowerPotion"},{"floor":33.0,"key":"StancePotion"},{"floor":35.0,"key":"StancePotion"},{"floor":36.0,"key":"Strength Potion"},{"floor":41.0,"key":"Ancient Potion"},{"floor":46.0,"key":"Fruit Juice"},{"floor":47.0,"key":"SteroidPotion"}],"is_trial":false,"path_per_floor":["M","?","?","M","$","R","E","M","T","?","E","M","?","?","R","B",null,"M","?","$","?","M","R","?","$","T","R","M","R","M","?","R","B",null,"M","M","?","$","?","R","M","?","T","?","?","M","?","?","R","B"],"character_chosen":"WATCHER","items_purchased":["Lantern","Toxic Egg 2","Prostrate+1","Devotion"],"campfire_rested":6,"item_purchase_floors":[20,20,20,38],"current_hp_per_floor":[72,72,58,58,58,58,58,49,49,49,39,39,39,39,60,8,72,51,32,32,32,15,36,36,36,43,66,57,57,46,46,69,15,79,72,45,45,45,45,68,30,30,30,50,50,52,20,20,45,0,0],"gold":94,"neow_bonus":"THREE_ENEMY_KILL","is_daily":false,"chose_seed":false,"campfire_upgraded":2,"win_rate":0.0,"timestamp":1607875724,"path_taken":["M","?","?","M","?","R","E","M","T","?","E","M","?","?","R","BOSS","M","?","$","?","M","R","?","$","T","R","M","R","M","?","R","BOSS","M","M","?","$","?","R","M","?","T","?","?","M","?","?","R","BOSS"],"items_purchased_type":["Relic","Relic","Card","Card"],"build_version":"2020-11-30","purchased_purges":0,"victory":false,"max_hp_per_floor":[72,72,72,72,72,72,72,72,72,72,72,72,72,72,72,72,72,72,72,72,72,72,72,72,72,79,79,79,79,79,79,79,79,79,79,79,79,79,79,79,79,79,79,79,79,84,84,84,84,84,84],"card_choices":[{"not_picked":["Nirvana","Conclude"],"picked":"Vengeance","floor":1.0},{"not_picked":["JustLucky","Sanctity"],"picked":"EmptyFist","floor":4.0},{"not_picked":["Establishment","WheelKick"],"picked":"BowlingBash","floor":7.0},{"not_picked":["Indignation","InnerPeace"],"picked":"TalkToTheHand","floor":8.0},{"not_picked":["ClearTheMind","SashWhip"],"picked":"EmptyFist","floor":11.0},{"not_picked":["Evaluate","BowlingBash","ForeignInfluence"],"picked":"SKIP","floor":12.0},{"not_picked":["Establishment","Scrawl"],"picked":"Vault","floor":16.0},{"not_picked":["SignatureMove+1"],"picked":"SKIP","floor":18.0},{"not_picked":["ThirdEye+1"],"picked":"SKIP","floor":22.0},{"not_picked":["EmptyFist"],"picked":"SKIP","floor":28.0},{"not_picked":[],"picked":"Prostrate+1","floor":30.0},{"not_picked":[],"picked":"DeusExMachina+1","floor":33.0},{"not_picked":["FlyingSleeves+1"],"picked":"SKIP","floor":35.0},{"not_picked":["Meditate+1"],"picked":"SKIP","floor":36.0},{"not_picked":["FollowUp+1"],"picked":"SKIP","floor":41.0},{"not_picked":["MentalFortress"],"picked":"SKIP","floor":46.0}],"player_experience":206955,"relics_obtained":[{"floor":7.0,"key":"Smiling Mask"},{"floor":9.0,"key":"Juzu Bracelet"},{"floor":11.0,"key":"Blue Candle"},{"floor":26.0,"key":"Strawberry"},{"floor":34.0,"key":"Anchor"},{"floor":34.0,"key":"The Courier"},{"floor":34.0,"key":"Lizard Tail"},{"floor":43.0,"key":"Potion Belt"},{"floor":47.0,"key":"Thread and Needle"}],"event_choices":[{"damage_healed":0.0,"max_hp_gain":0.0,"max_hp_loss":0.0,"gold_gain":0.0,"event_name":"Big Fish","player_choice":"Box","floor":2.0,"gold_loss":0.0,"damage_taken":0.0,"relics_obtained":["White Beast Statue"],"cards_obtained":["Regret"]},{"damage_healed":0.0,"max_hp_gain":0.0,"max_hp_loss":0.0,"gold_gain":0.0,"event_name":"Shining Light","player_choice":"Entered Light","floor":3.0,"gold_loss":0.0,"damage_taken":14.0,"cards_upgraded":["Defend_P","Defend_P"]},{"cards_removed":["Regret"],"damage_healed":0.0,"max_hp_gain":0.0,"max_hp_loss":0.0,"gold_gain":0.0,"event_name":"The Cleric","player_choice":"Card Removal","floor":10.0,"gold_loss":50.0,"damage_taken":0.0},{"damage_healed":0.0,"max_hp_gain":0.0,"max_hp_loss":0.0,"gold_gain":0.0,"event_name":"Upgrade Shrine","player_choice":"Upgraded","floor":13.0,"gold_loss":0.0,"damage_taken":0.0,"cards_upgraded":["EmptyFist"]},{"damage_healed":0.0,"max_hp_gain":0.0,"max_hp_loss":0.0,"gold_gain":56.0,"event_name":"Golden Wing","player_choice":"Gained Gold","floor":14.0,"gold_loss":0.0,"damage_taken":0.0},{"damage_healed":0.0,"max_hp_gain":0.0,"max_hp_loss":0.0,"gold_gain":180.0,"event_name":"Knowing Skull","player_choice":"GOLD GOLD ","floor":19.0,"potions_obtained":[],"gold_loss":0.0,"damage_taken":19.0,"cards_obtained":[]},{"damage_healed":0.0,"max_hp_gain":0.0,"max_hp_loss":0.0,"gold_gain":0.0,"event_name":"Addict","player_choice":"Obtained Relic","floor":21.0,"gold_loss":85.0,"damage_taken":0.0,"relics_obtained":["Mercury Hourglass"]},{"damage_healed":0.0,"max_hp_gain":0.0,"max_hp_loss":0.0,"gold_gain":0.0,"event_name":"FaceTrader","player_choice":"Trade","floor":24.0,"gold_loss":0.0,"damage_taken":0.0,"relics_obtained":["CultistMask"]},{"damage_healed":0.0,"max_hp_gain":0.0,"max_hp_loss":0.0,"gold_gain":0.0,"event_name":"Purifier","player_choice":"Ignored","floor":31.0,"gold_loss":0.0,"damage_taken":0.0},{"damage_healed":0.0,"max_hp_gain":0.0,"max_hp_loss":0.0,"gold_gain":0.0,"event_name":"SensoryStone","player_choice":"Memory 1","floor":37.0,"gold_loss":0.0,"damage_taken":0.0},{"damage_healed":0.0,"max_hp_gain":0.0,"max_hp_loss":0.0,"gold_gain":0.0,"event_name":"Tomb of Lord Red Mask","player_choice":"Paid","floor":39.0,"gold_loss":73.0,"damage_taken":0.0,"relics_obtained":["Red Mask"]},{"damage_healed":0.0,"max_hp_gain":0.0,"max_hp_loss":0.0,"gold_gain":0.0,"event_name":"Mysterious Sphere","player_choice":"Ignored","floor":42.0,"gold_loss":0.0,"damage_taken":0.0},{"damage_healed":20.0,"max_hp_gain":0.0,"max_hp_loss":0.0,"gold_gain":0.0,"event_name":"Winding Halls","player_choice":"Writhe","floor":44.0,"gold_loss":0.0,"damage_taken":0.0,"cards_obtained":["Writhe"]},{"damage_healed":0.0,"max_hp_gain":0.0,"max_hp_loss":0.0,"gold_gain":0.0,"event_name":"Upgrade Shrine","player_choice":"Upgraded","floor":45.0,"gold_loss":0.0,"damage_taken":0.0,"cards_upgraded":["Devotion"]},{"damage_healed":0.0,"max_hp_gain":0.0,"max_hp_loss":0.0,"gold_gain":0.0,"event_name":"MindBloom","player_choice":"Fight","floor":47.0,"gold_loss":0.0,"damage_taken":0.0},{"cards_removed":["Writhe"],"damage_healed":0.0,"max_hp_gain":0.0,"max_hp_loss":0.0,"gold_gain":0.0,"event_name":"Fountain of Cleansing","player_choice":"Removed Curses","floor":48.0,"gold_loss":0.0,"damage_taken":0.0}],"is_beta":false,"boss_relics":[{"not_picked":["Black Star","Empty Cage"],"picked":"Busted Crown"},{"not_picked":["Astrolabe","SlaversCollar"],"picked":"Calling Bell"}],"items_purged_floors":[],"is_endless":false,"potions_floor_spawned":[1,4,7,8,11,12,16,18,22,28,30,33,35,36,41,46,47],"killed_by":"Awakened One","ascension_level":2}}