{"host":"k6qwgpygxbgz06bg","time":1607865833,"event":{"mods":["BaseMod","Beaked The Cultist","Better Third Choice","BetterRewards","Clockwork Mod","Colored Map","Downfall","Friendly Minions","Infinite Spire","Marisa????????","Minty Spire (QoL Compilation)","Replay The Spire","StSLib","The Administrix","The Bug Knight","The Cursed","The Gatherer","The Mystic","The Witch"],"gold_per_floor":[99,99,24,24,41,55,55,55,84,84,84,95,95,110,121,217,217,217,250,250,269,269,269,287,287,287,287,287,322,339,89,89,189,199,303,303,153,179,179,190,190,190],"floor_reached":41,"playtime":3832,"items_purged":[],"score":495,"play_id":"a5b679a3-58b9-4314-bb19-cb17bdf05774","local_time":"20201213142353","is_ascension_mode":false,"campfire_choices":[{"data":"Slimebound:Split","floor":10,"key":"SMITH"},{"data":"Slimebound:FirmFortitude","floor":18,"key":"SMITH"},{"data":"Slimebound:SlimeSlap","floor":25,"key":"SMITH"},{"data":"Slimebound:SlimeSlap","floor":27,"key":"SMITH"},{"data":"ReplayTheSpireMod:Book of Names","floor":37,"key":"SMITH"},{"data":"Slimebound:OneTwoCombo","floor":39,"key":"SMITH"}],"circlet_count":0,"master_deck":["Slimebound:Strike_Slimebound","Slimebound:Strike_Slimebound","Slimebound:Tackle","Slimebound:Defend_Slimebound","Slimebound:Defend_Slimebound","Slimebound:Defend_Slimebound","Slimebound:Defend_Slimebound","Slimebound:Split+1","Slimebound:SlimeSlap+1","Slimebound:SplitAcid","Slimebound:SlimeSlap+1","Slimebound:AcidTongue","Slimebound:FormOfPuddle","Slimebound:MinionMaster","Slimebound:Dissolve+1","Slimebound:Nibble+1","Slimebound:HauntingLick","Gatherer:FruitForce","Slimebound:Teamwork+1","Slimebound:FirmFortitude+1","Slimebound:OneTwoCombo+1","Slimebound:Schlurp+1","Writhe","Slimebound:SplitMire+1","Slimebound:SplitMire+1","ReplayTheSpireMod:Book of Names+1","Slimebound:WasteNot","Slimebound:SplitBruiser","GremboGang","Necronomicurse","Slimebound:AcidTongue+1","Slimebound:Schlurp+1","Slimebound:Overexert","AbeCurse","Slimebound:LivingWall+1","Slimebound:GoopSpray+1"],"relics":["Slimebound:AbsorbEndCombat","downfall:HeartsMalice","Odd Mushroom","Sozu","infinitespire:Satchel","Bag of Preparation","Lantern","War Paint","Necronomicon","Durian","Bottled Lightning","Abe\u0027s Treasure","downfall:HeartBlessingGreen","downfall:HeartBlessingBlue","infinitespire:Broken Mirror"],"acts_visited":["Exordium","TheCity","TheBeyond"],"potions_floor_usage":[16,19,29,35],"damage_taken":[{"damage":0,"enemies":"Cultist","floor":2,"turns":1},{"damage":0,"enemies":"downfall:FleeingMerchant","floor":3,"turns":1},{"damage":0,"enemies":"2 Louse","floor":4,"turns":1},{"damage":4,"enemies":"Small Slimes","floor":5,"turns":3},{"damage":19,"enemies":"Lots of Slimes","floor":6,"turns":2},{"damage":14,"enemies":"The Mushroom Lair","floor":9,"turns":4},{"damage":24,"enemies":"Blue Slaver","floor":12,"turns":3},{"damage":26,"enemies":"Red Slaver","floor":14,"turns":4},{"damage":12,"enemies":"Large Slime","floor":15,"turns":4},{"damage":82,"enemies":"downfall:Silent","floor":16,"turns":10},{"damage":44,"enemies":"Nightmare","floor":19,"turns":8},{"damage":33,"enemies":"3 Byrds","floor":21,"turns":3},{"damage":9,"enemies":"Chosen","floor":24,"turns":2},{"damage":32,"enemies":"Book of Stabbing","floor":29,"turns":4},{"damage":21,"enemies":"Shelled Parasite and Fungi","floor":30,"turns":3},{"damage":11,"enemies":"downfall:Watcher","floor":33,"turns":4},{"damage":2,"enemies":"Centurion and Healer","floor":34,"turns":3},{"damage":14,"enemies":"downfall:Ironclad","floor":35,"turns":5},{"damage":27,"enemies":"Reptomancer","floor":38,"turns":4},{"damage":3,"enemies":"3 Shapes","floor":40,"turns":2},{"damage":39,"enemies":"infinitespire:Three Voidlings","floor":41,"turns":4},{"damage":88,"enemies":"Nightmare_Alpha","floor":41,"turns":5}],"seed_played":"-385550150890711181","potions_obtained":[{"floor":6,"key":"Milkshake"},{"floor":9,"key":"Block Potion"},{"floor":14,"key":"Slimebound:SlimedPotion"},{"floor":15,"key":"LifebloodPotion"},{"floor":16,"key":"Block Potion"}],"is_trial":false,"path_per_floor":["R_BF","M","$","M","M","M","T","?","?","R","?","M","?","M","M","B",null,"R_BF","NM","?","M","PTL","PTL","M","R","T","R","AVR","E","M","?","?","?","M","B",null,"R_BF","E","R","M","?"],"character_chosen":"SLIMEBOUND","items_purchased":["Slimebound:AcidTongue"],"campfire_rested":0,"item_purchase_floors":[3],"current_hp_per_floor":[60,60,60,60,60,49,49,49,59,59,59,48,48,42,58,24,60,60,60,60,43,43,43,60,60,60,60,60,48,60,60,44,62,65,65,65,75,75,75,75,0,0],"gold":190,"neow_bonus":"THREE_ENEMY_KILL","is_daily":false,"chose_seed":false,"campfire_upgraded":6,"win_rate":0.0,"timestamp":1607865833,"path_taken":["R_BF","M","$","M","M","?","T","?","?","R","?","?","?","?","M","BOSS","R_BF","NM","?","M","PTL","PTL","M","R","T","R","AVR","E","M","?","?","?","M","BOSS","R_BF","E","R","M","?"],"items_purchased_type":["Card"],"build_version":"2020-11-30","purchased_purges":0,"victory":false,"max_hp_per_floor":[60,60,60,60,60,60,60,60,60,60,60,60,60,60,60,60,60,60,60,60,60,60,60,60,60,60,60,60,60,60,60,60,65,65,65,65,75,75,75,75,75,75],"card_choices":[{"not_picked":["Slimebound:GrowthPunch","Slimebound:ItLooksTasty"],"picked":"Slimebound:SplitAcid","floor":2},{"not_picked":["Slimebound:GoopSpray","Slimebound:ViciousTackle"],"picked":"Slimebound:SlimeSlap","floor":3},{"not_picked":["Slimebound:PressTheAttack","Slimebound:LeechEnergy"],"picked":"Slimebound:FormOfPuddle","floor":4},{"not_picked":["Slimebound:SamplingLick","Slimebound:SlimeBarrage"],"picked":"Slimebound:MinionMaster","floor":5},{"not_picked":["Slimebound:ComboTackle","Slimebound:Chomp"],"picked":"Slimebound:Dissolve","floor":6},{"not_picked":["Slimebound:ComboTackle","Slimebound:GoopTackle"],"picked":"Slimebound:HauntingLick","floor":9},{"not_picked":["Slimebound:Grow","Slimebound:PressTheAttack"],"picked":"Slimebound:SplitMire","floor":12},{"not_picked":["Slimebound:Schlurp","Slimebound:LeechEnergy"],"picked":"Slimebound:Teamwork","floor":14},{"not_picked":["Slimebound:RollThrough","Slimebound:LevelUp"],"picked":"Slimebound:FirmFortitude","floor":15},{"not_picked":["Slimebound:MassRepurpose","Slimebound:SlimeSlap"],"picked":"Slimebound:OneTwoCombo","floor":16},{"not_picked":["Slimebound:GrowthPunch","Slimebound:SamplingLick"],"picked":"Slimebound:Schlurp+1","floor":19},{"not_picked":["Slimebound:GoopTackle","Slimebound:BestDefense+1"],"picked":"Slimebound:SplitMire+1","floor":21},{"not_picked":["Slimebound:SamplingLick","Slimebound:GoopSpray"],"picked":"Slimebound:SplitMire+1","floor":24},{"not_picked":["Slimebound:ItLooksTasty","Slimebound:SlimeBarrage"],"picked":"Slimebound:WasteNot","floor":29},{"not_picked":["Slimebound:FinishingTackle","Slimebound:LeechEnergy"],"picked":"Slimebound:SplitBruiser","floor":30},{"not_picked":["Slimebound:SlimeBrawl","Slimebound:FlameTackle"],"picked":"Slimebound:AcidTongue+1","floor":33},{"not_picked":["Slimebound:HauntingLick","Slimebound:PressTheAttack"],"picked":"Slimebound:Schlurp+1","floor":34},{"not_picked":["Slimebound:DuplicatedForm","Slimebound:OozeBath"],"picked":"Slimebound:Overexert","floor":35},{"not_picked":["Slimebound:DuplicatedForm","Slimebound:LeechEnergy"],"picked":"Slimebound:LivingWall+1","floor":38},{"not_picked":["Slimebound:FinishingTackle","Slimebound:Dissolve"],"picked":"Slimebound:GoopSpray+1","floor":40}],"player_experience":181471,"relics_obtained":[{"floor":9,"key":"Odd Mushroom"},{"floor":19,"key":"infinitespire:Satchel"},{"floor":26,"key":"Lantern"},{"floor":29,"key":"War Paint"},{"floor":32,"key":"Necronomicon"},{"floor":33,"key":"Durian"},{"floor":33,"key":"Bottled Lightning"},{"floor":38,"key":"infinitespire:Broken Mirror"}],"event_choices":[{"damage_healed":0,"gold_gain":0,"player_choice":"Fought Mushrooms","damage_taken":0,"max_hp_gain":0,"max_hp_loss":0,"event_name":"Mushrooms","floor":9,"gold_loss":0},{"cards_removed":["Slimebound:SplitMire"],"damage_healed":0,"gold_gain":0,"player_choice":"Took Card","damage_taken":0,"max_hp_gain":0,"max_hp_loss":0,"event_name":"NoteForYourself","floor":13,"gold_loss":0,"cards_obtained":["Gatherer:FruitForce"]}],"is_beta":false,"boss_relics":[{"not_picked":["Replay:Drink Me","Snecko Eye"],"picked":"Sozu"},{"not_picked":["Ring of Chaos","Busted Crown"],"picked":"Abe\u0027s Treasure"}],"items_purged_floors":[],"is_endless":true,"potions_floor_spawned":[6,9,14,15,16,19,24,34,41],"killed_by":"Nightmare_Alpha","ascension_level":0}}