{"host":"xy2rxz4qi1jt0r97","time":1607839591,"event":{"mods":["Act Like it!","BaseMod","Better Vampires","Dota2Spire","HumanHunterMod(π÷ŒÔ…±»Àmod)","Minty Spire (QoL Compilation)","StSLib","vexMod","°æ“≈ŒÔø®≈∆°øREMEMod"],"gold_per_floor":[109,128,303,273,291,310,37,47,47,79,79,79,79,91,91,91,91],"floor_reached":16,"playtime":1206,"items_purged":["Doubt"],"score":127,"play_id":"e99bfd46-cdfb-47a8-b203-d966eaa2a2eb","local_time":"20201213140631","is_ascension_mode":false,"campfire_choices":[{"data":"Regret","floor":12,"key":"PURGE"},{"data":"Strike_R","floor":15,"key":"PURGE"}],"circlet_count":0,"master_deck":["Strike_R","Strike_R","Strike_R","Strike_R","Defend_R","Defend_R","Defend_R","Defend_R","Bash","Twin Strike","Bullet Time","Armaments","Shrug It Off","Infernal Blade","Thunderclap","Double Tap","Twin Strike"],"relics":["Burning Blood","REME_ComplimentaryCards","REME_HandOfSuture","TungstenRod","Dota2Spire:EtherealBlade","Peace Pipe","Bag of Preparation"],"acts_visited":["Exordium"],"potions_floor_usage":[5,6,8,8,10],"damage_taken":[{"damage":0,"enemies":"2 Louse","floor":1,"turns":2},{"damage":2,"enemies":"Small Slimes","floor":2,"turns":3},{"damage":6,"enemies":"Cultist","floor":5,"turns":4},{"damage":20,"enemies":"Blue Slaver","floor":6,"turns":5},{"damage":11,"enemies":"Lots of Slimes","floor":8,"turns":5},{"damage":0,"enemies":"Gremlin Nob","floor":10,"turns":2},{"damage":0,"enemies":"Exordium Wildlife","floor":14,"turns":2},{"damage":93,"enemies":"Hexaghost","floor":16,"turns":14}],"seed_played":"3755966565622255078","potions_obtained":[{"floor":2,"key":"SteroidPotion"},{"floor":4,"key":"Dota2Spire:HealingSalve"},{"floor":4,"key":"SkillPotion"},{"floor":5,"key":"Swift Potion"},{"floor":6,"key":"DuplicationPotion"}],"is_trial":false,"path_per_floor":["M","M","?","?","M","M","$","M","T","E","?","R","T","M","R","B"],"character_chosen":"IRONCLAD","items_purchased":["REME_HandOfSuture","Thunderclap"],"campfire_rested":0,"item_purchase_floors":[7,7],"current_hp_per_floor":[88,88,88,88,88,80,80,75,75,81,81,81,81,87,87,0,0],"gold":91,"neow_bonus":"TEN_PERCENT_HP_BONUS","is_daily":false,"chose_seed":false,"campfire_upgraded":0,"win_rate":0.0,"timestamp":1607839591,"path_taken":["M","M","?","?","M","?","$","M","T","E","?","R","?","M","R","BOSS"],"items_purchased_type":["Relic","Card"],"build_version":"2020-11-30","purchased_purges":1,"victory":false,"max_hp_per_floor":[88,88,88,88,88,88,88,88,88,88,88,88,88,88,88,88,88],"card_choices":[{"not_picked":["Anger","Rupture"],"picked":"Twin Strike","floor":1},{"not_picked":["True Grit","Clothesline"],"picked":"Armaments","floor":2},{"not_picked":["Armaments","Body Slam"],"picked":"Shrug It Off","floor":5},{"not_picked":["Warcry","Rupture"],"picked":"Infernal Blade","floor":6},{"not_picked":["REME_Cut","Flex"],"picked":"Double Tap","floor":8},{"not_picked":["Whirlwind","Body Slam","Perfected Strike"],"picked":"SKIP","floor":10},{"not_picked":["Infernal Blade","Perfected Strike"],"picked":"Twin Strike","floor":14}],"player_experience":2661,"relics_obtained":[{"floor":9,"key":"TungstenRod"},{"floor":10,"key":"Dota2Spire:EtherealBlade"},{"floor":13,"key":"Bag of Preparation"}],"event_choices":[{"damage_healed":0,"gold_gain":175,"player_choice":"AGREE","damage_taken":0,"max_hp_gain":0,"max_hp_loss":0,"event_name":"Liars Game","floor":3,"gold_loss":0,"cards_obtained":["Doubt"]},{"damage_healed":0,"gold_gain":0,"player_choice":"Bought 2 Potions","damage_taken":0,"max_hp_gain":0,"max_hp_loss":0,"event_name":"The Woman in Blue","floor":4,"gold_loss":0},{"damage_healed":0,"gold_gain":0,"player_choice":"Box","damage_taken":0,"relics_obtained":["Peace Pipe"],"max_hp_gain":0,"max_hp_loss":0,"event_name":"Big Fish","floor":11,"gold_loss":0,"cards_obtained":["Regret"]}],"is_beta":false,"boss_relics":[],"items_purged_floors":[7],"is_endless":false,"potions_floor_spawned":[2,5,6],"killed_by":"Hexaghost","ascension_level":0}}