{"host":"tyfpg4h531zkrrpn","time":1607850185,"event":{"mods":["Act Like it!","BaseMod","CapriCore","Card Filter","Colored Map","Minty Spire (QoL Compilation)","MostiFishMod","Permanent Neow","Quick Restart","StSLib","Waifu the Spire"],"gold_per_floor":[-1285,-1269,-1269,-1249,-1249,-1214,-1214,-1183,-1183,-1183,-1183,-1171,-1171,-1159,-1159,-1057,-1057,18,18,18,33,33,68,68,97,145,145,155,185,197,197,197,300,300,315,325,325,341,352,377,377,404,416,428,469,481,506,552,564,576,588,600,612,656,668],"floor_reached":56,"playtime":1899,"items_purged":[],"score":2403,"play_id":"9b3bd291-d29a-4728-bf73-e24448a8d295","local_time":"20201213010305","is_ascension_mode":true,"campfire_choices":[{"data":"Barrage","floor":11,"key":"SMITH"},{"data":"Coolheaded","floor":13,"key":"SMITH"},{"data":"Capacitor","floor":15,"key":"SMITH"},{"floor":24,"key":"RECALL"},{"floor":32,"key":"REST"},{"data":"MostiFishMod:SephirahHod","floor":41,"key":"SMITH"},{"floor":44,"key":"REST"},{"data":"MostiFishMod:ActiveDefenseSystem","floor":46,"key":"SMITH"},{"data":"MostiFishMod:ReadyAimFire","floor":49,"key":"SMITH"},{"data":"Echo Form","floor":52,"key":"SMITH"}],"circlet_count":0,"master_deck":["Strike_B","Strike_B","Strike_B","Strike_B","Defend_B","Defend_B","Defend_B","Defend_B","Zap","Dualcast","Ball Lightning","Sweeping Beam","Conserve Battery","Barrage+1","White Noise","Coolheaded+1","Capacitor+1","MostiFishMod:GatherIntelligence","MostiFishMod:SephirahHod+1","Coolheaded","Coolheaded+1","MostiFishMod:ActiveDefenseSystem+1","Leap+1","Echo Form+1","Coolheaded","Conserve Battery+1","MostiFishMod:ReadyAimFire+1","Redo+1","White Noise+1"],"relics":["Cracked Core","DaveBox","SynthV:MejaisSoulstealer","Calipers","Question Card","Art of War","Ice Cream","StrikeDummy","White Beast Statue","ImportantClient","MostiFishMod:Hod","InkBottle","CombinedTypeHook","Happy Flower","Centennial Puzzle","Inserter","Blue Candle","MawBank","Torii","Oddly Smooth Stone","Bag of Marbles","HornCleat"],"acts_visited":["Exordium","TheCity","TheBeyond","TheEnding"],"potions_floor_usage":[55,55],"damage_taken":[{"damage":2,"enemies":"Jaw Worm","floor":1,"turns":4},{"damage":0,"enemies":"2 Louse","floor":2,"turns":2},{"damage":0,"enemies":"Small Slimes","floor":4,"turns":1},{"damage":0,"enemies":"Gremlin Nob","floor":6,"turns":3},{"damage":0,"enemies":"Lagavulin","floor":8,"turns":5},{"damage":0,"enemies":"Red Slaver","floor":12,"turns":2},{"damage":0,"enemies":"2 Fungi Beasts","floor":14,"turns":2},{"damage":0,"enemies":"Slime Boss","floor":16,"turns":3},{"damage":0,"enemies":"2 Thieves","floor":18,"turns":2},{"damage":0,"enemies":"3 Byrds","floor":21,"turns":3},{"damage":1,"enemies":"Book of Stabbing","floor":23,"turns":2},{"damage":0,"enemies":"Gremlin Leader","floor":25,"turns":3},{"damage":0,"enemies":"3 Cultists","floor":28,"turns":2},{"damage":0,"enemies":"Book of Stabbing","floor":29,"turns":4},{"damage":0,"enemies":"Snecko","floor":30,"turns":3},{"damage":0,"enemies":"Automaton","floor":33,"turns":6},{"damage":1,"enemies":"3 Darklings","floor":35,"turns":2},{"damage":0,"enemies":"Orb Walker","floor":36,"turns":3},{"damage":0,"enemies":"Maw","floor":38,"turns":3},{"damage":0,"enemies":"Writhing Mass","floor":39,"turns":3},{"damage":0,"enemies":"Reptomancer","floor":40,"turns":1},{"damage":0,"enemies":"Giant Head","floor":42,"turns":3},{"damage":0,"enemies":"Reptomancer","floor":45,"turns":1},{"damage":0,"enemies":"Transient","floor":47,"turns":4},{"damage":0,"enemies":"Nemesis","floor":48,"turns":1},{"damage":0,"enemies":"Donu and Deca","floor":50,"turns":3},{"damage":0,"enemies":"Shield and Spear","floor":54,"turns":4},{"damage":0,"enemies":"The Heart","floor":55,"turns":5}],"seed_played":"6695147804919650009","potions_obtained":[{"floor":1,"key":"LiquidBronze"},{"floor":12,"key":"Energy Potion"},{"floor":14,"key":"SteroidPotion"},{"floor":16,"key":"FearPotion"},{"floor":23,"key":"Block Potion"},{"floor":29,"key":"EssenceOfDarkness"}],"is_trial":false,"path_per_floor":["M","M","?","M","T","E","?","E","T","?","R","M","R","M","R","B",null,"M","?","$","M","?","E","R","E","T","?","M","E","M","?","R","B",null,"M","M","?","M","M","E","R","E","T","R","E","R","M","E","R","B",null,"R","$","E","B",null],"character_chosen":"DEFECT","items_purchased":[],"campfire_rested":2,"item_purchase_floors":[],"current_hp_per_floor":[66,66,66,66,66,66,71,71,71,71,71,71,71,71,71,71,73,73,73,73,73,73,72,72,72,72,72,72,72,72,59,78,78,78,77,77,77,77,77,77,77,77,77,78,78,78,78,78,78,78,78,78,78,78,78],"gold":680,"neow_bonus":"ONE_RARE_RELIC","is_daily":false,"chose_seed":false,"campfire_upgraded":7,"win_rate":0.0,"timestamp":1607850185,"path_taken":["M","M","?","M","?","E","?","E","T","?","R","?","R","M","R","BOSS","M","?","?","M","?","E","R","E","T","?","?","E","M","?","R","BOSS","M","M","?","M","?","E","R","E","T","R","E","R","M","E","R","BOSS","R","$","E","BOSS"],"items_purchased_type":[],"build_version":"2020-11-30","purchased_purges":0,"victory":true,"max_hp_per_floor":[68,68,68,68,68,68,73,73,73,73,73,73,73,73,73,73,73,73,73,73,73,73,73,73,73,73,73,73,73,73,78,78,78,78,78,78,78,78,78,78,78,78,78,78,78,78,78,78,78,78,78,78,78,78,78],"card_choices":[{"not_picked":["Static Discharge","Coolheaded"],"picked":"Ball Lightning","floor":1},{"not_picked":["Streamline","Turbo","Redo"],"picked":"Sweeping Beam","floor":2},{"not_picked":["Loop","Coolheaded","Barrage"],"picked":"Conserve Battery","floor":4},{"not_picked":["Skim","Auto Shields","Streamline"],"picked":"Barrage","floor":6},{"not_picked":["Consume","Double Energy","Coolheaded"],"picked":"White Noise","floor":8},{"not_picked":["Turbo","Sweeping Beam","Self Repair"],"picked":"Coolheaded","floor":12},{"not_picked":["Darkness","Redo","Beam Cell"],"picked":"Capacitor","floor":14},{"not_picked":["MostiFishMod:GoodWordForIt","Buffer","Machine Learning"],"picked":"MostiFishMod:GatherIntelligence","floor":16},{"not_picked":["Turbo","Loop","Heatsinks+1"],"picked":"Coolheaded","floor":18},{"not_picked":["Cold Snap","Force Field","Tempest+1","Fusion"],"picked":"SKIP","floor":21},{"not_picked":["Leap+1","Conserve Battery","Redo"],"picked":"MostiFishMod:ActiveDefenseSystem","floor":23},{"not_picked":["Streamline","Cold Snap","Chill"],"picked":"Leap+1","floor":25},{"not_picked":["Stack","Ball Lightning+1","Barrage"],"picked":"Coolheaded","floor":28},{"not_picked":["Heatsinks+1","MostiFishMod:Culaccino","Doom and Gloom"],"picked":"Conserve Battery+1","floor":29},{"not_picked":["Chaos","Hologram","Turbo","Leap"],"picked":"SKIP","floor":30},{"not_picked":["Fission","MostiFishMod:GatherIntelligence","MostiFishMod:ActiveDefenseSystem"],"picked":"MostiFishMod:ReadyAimFire","floor":33},{"not_picked":["Doom and Gloom+1","Cold Snap+1","Conserve Battery+1"],"picked":"Redo+1","floor":35},{"not_picked":["Sweeping Beam+1","Fusion","Loop+1","Hologram+1"],"picked":"SKIP","floor":36},{"not_picked":["Streamline","Barrage","Defragment","Ball Lightning+1"],"picked":"SKIP","floor":38},{"not_picked":["Barrage+1","Hologram","Lockon","Beam Cell"],"picked":"SKIP","floor":39},{"not_picked":["Barrage+1","Leap+1","Beam Cell+1","Echo Form"],"picked":"SKIP","floor":40},{"not_picked":["Storm+1","Fusion","Self Repair+1","Coolheaded"],"picked":"SKIP","floor":42},{"not_picked":["Leap","Cold Snap","Chaos","Sweeping Beam+1"],"picked":"SKIP","floor":45},{"not_picked":["Cold Snap","Reinforced Body+1","Lockon","Fusion+1"],"picked":"SKIP","floor":47},{"not_picked":["Leap","Steam Power+1","Blizzard+1"],"picked":"White Noise+1","floor":48},{"not_picked":["Self Repair+1","Leap","Stack","Defragment+1"],"picked":"SKIP","floor":54}],"player_experience":567311,"relics_obtained":[{"floor":1,"key":"Question Card"},{"floor":6,"key":"Art of War"},{"floor":8,"key":"Ice Cream"},{"floor":9,"key":"StrikeDummy"},{"floor":16,"key":"ImportantClient"},{"floor":23,"key":"InkBottle"},{"floor":25,"key":"CombinedTypeHook"},{"floor":26,"key":"Happy Flower"},{"floor":29,"key":"Centennial Puzzle"},{"floor":40,"key":"Blue Candle"},{"floor":42,"key":"MawBank"},{"floor":43,"key":"Torii"},{"floor":45,"key":"Oddly Smooth Stone"},{"floor":48,"key":"Bag of Marbles"},{"floor":54,"key":"HornCleat"}],"event_choices":[{"damage_healed":0,"gold_gain":0,"player_choice":"Ignored","damage_taken":0,"max_hp_gain":0,"max_hp_loss":0,"event_name":"Liars Game","floor":3,"gold_loss":0},{"damage_healed":0,"gold_gain":0,"player_choice":"Donut","damage_taken":0,"max_hp_gain":5,"max_hp_loss":0,"event_name":"Big Fish","floor":7,"gold_loss":0},{"damage_healed":0,"gold_gain":0,"player_choice":"Gave Potion","damage_taken":0,"relics_obtained":["White Beast Statue"],"max_hp_gain":0,"max_hp_loss":0,"event_name":"WeMeetAgain","floor":10,"gold_loss":0},{"damage_healed":0,"gold_gain":0,"player_choice":"Copied","damage_taken":0,"max_hp_gain":0,"max_hp_loss":0,"event_name":"Duplicator","floor":19,"gold_loss":0,"cards_obtained":["Coolheaded"]},{"damage_healed":0,"gold_gain":0,"player_choice":"Ignored","damage_taken":0,"max_hp_gain":0,"max_hp_loss":0,"event_name":"Cursed Tome","floor":22,"gold_loss":0},{"damage_healed":0,"gold_gain":0,"player_choice":"Read","damage_taken":0,"max_hp_gain":0,"max_hp_loss":0,"event_name":"The Library","floor":27,"gold_loss":0,"cards_obtained":["Echo Form"]},{"damage_healed":0,"gold_gain":0,"player_choice":"Shed Blood","damage_taken":18,"max_hp_gain":5,"max_hp_loss":0,"event_name":"Forgotten Altar","floor":31,"gold_loss":0},{"damage_healed":0,"gold_gain":0,"player_choice":"Bought 0 Potions","damage_taken":0,"max_hp_gain":0,"max_hp_loss":0,"event_name":"The Woman in Blue","floor":37,"gold_loss":0}],"is_beta":false,"boss_relics":[{"not_picked":["Calling Bell","Philosopher\u0027s Stone"],"picked":"MostiFishMod:Hod"},{"not_picked":["GuanYuAspect","SlaversCollar"],"picked":"Inserter"}],"items_purged_floors":[],"is_endless":false,"potions_floor_spawned":[1,12,14,16,18,21,23,25,28,29,30,33,35,36,38,39,40,42,45,47,48,54],"ascension_level":9}}