{"host":"efbmiwe3kdtynlc6","time":1607855184,"event":{"mods":["BaseMod","Colored Map","Minty Spire (QoL Compilation)","Permanent Neow","Quick Restart","Rare Cards Sparkle","StSLib","SuperFastMode","UnlockEverythingMod","everything is the same but u backflip on backflip"],"gold_per_floor":[116,135,151,169,179,179,208,208,208,208,235,235,264,46,46,122,122,142,142,160,75,91,91,91,106,106,106,156,156,156,184,184,184,184],"floor_reached":33,"playtime":1186,"items_purged":["Strike_R"],"score":566,"play_id":"5b1b0b50-f4e5-4903-b3fd-e0d0eca7c221","local_time":"20201213192624","is_ascension_mode":true,"campfire_choices":[{"data":"Carnage","floor":6.0,"key":"SMITH"},{"data":"Infernal Blade","floor":8.0,"key":"SMITH"},{"data":"Feel No Pain","floor":10.0,"key":"SMITH"},{"data":"Immolate","floor":12.0,"key":"SMITH"},{"data":"Metallicize","floor":15.0,"key":"SMITH"},{"floor":23.0,"key":"REST"},{"data":"Offering","floor":24.0,"key":"SMITH"},{"floor":29,"key":"REST"},{"data":"Double Tap","floor":30,"key":"SMITH"},{"data":"Disarm","floor":32,"key":"SMITH"}],"circlet_count":0,"master_deck":["AscendersBane","Strike_R","Strike_R","Strike_R","Strike_R","Defend_R","Defend_R","Defend_R","Defend_R","Bash+1","Infernal Blade+1","Carnage+1","Feel No Pain+1","Immolate+1","Double Tap+1","Metallicize+1","Offering+1","Shrug It Off","Disarm+1","Disarm"],"relics":["Burning Blood","WingedGreaves","The Courier","Akabeko","Pocketwatch","Cursed Key","Enchiridion","Anchor","Lizard Tail"],"acts_visited":["Exordium","TheCity"],"potions_floor_usage":[33,33],"damage_taken":[{"damage":1.0,"enemies":"Cultist","floor":1.0,"turns":3.0},{"damage":7.0,"enemies":"Jaw Worm","floor":2.0,"turns":4.0},{"damage":5.0,"enemies":"Small Slimes","floor":3.0,"turns":4.0},{"damage":12.0,"enemies":"2 Fungi Beasts","floor":4.0,"turns":4.0},{"damage":19.0,"enemies":"Exordium Wildlife","floor":5.0,"turns":4.0},{"damage":8.0,"enemies":"Gremlin Nob","floor":7.0,"turns":3.0},{"damage":20.0,"enemies":"Lagavulin","floor":11.0,"turns":5.0},{"damage":6.0,"enemies":"3 Sentries","floor":13.0,"turns":3.0},{"damage":8.0,"enemies":"The Guardian","floor":16.0,"turns":7.0},{"damage":15.0,"enemies":"3 Byrds","floor":18.0,"turns":4.0},{"damage":6.0,"enemies":"2 Thieves","floor":20.0,"turns":3.0},{"damage":20.0,"enemies":"Shelled Parasite and Fungi","floor":22.0,"turns":4.0},{"damage":6.0,"enemies":"Snake Plant","floor":25.0,"turns":2.0},{"damage":22,"enemies":"Book of Stabbing","floor":31,"turns":4},{"damage":102,"enemies":"Collector","floor":33,"turns":9}],"seed_played":"-6181362565446441192","potions_obtained":[{"floor":2.0,"key":"LiquidMemories"},{"floor":4.0,"key":"EntropicBrew"},{"floor":11.0,"key":"Explosive Potion"},{"floor":13.0,"key":"FearPotion"},{"floor":20.0,"key":"PowerPotion"},{"floor":22.0,"key":"ColorlessPotion"},{"floor":25.0,"key":"PowerPotion"},{"floor":31,"key":"GamblersBrew"}],"is_trial":false,"path_per_floor":["M","M","M","M","M","R","E","R","T","R","E","R","E","$","R","B",null,"M","?","M","?","M","R","R","M","T","?","?","R","R","E","R","B"],"character_chosen":"IRONCLAD","items_purchased":["Fruit Juice","Metallicize"],"campfire_rested":2,"item_purchase_floors":[14,14],"current_hp_per_floor":[73,72,73,67,54,54,52,52,52,52,38,38,38,43,43,41,70,61,40,40,40,26,50,50,50,50,27,27,52,52,36,36,0,0],"gold":184,"neow_bonus":"UPGRADE_CARD","is_daily":false,"chose_seed":false,"campfire_upgraded":8,"win_rate":0.0,"timestamp":1607855184,"path_taken":["M","M","M","M","?","R","E","R","T","R","E","R","E","$","R","BOSS","M","?","M","?","M","R","R","M","T","?","?","R","R","E","R","BOSS"],"items_purchased_type":["Potion","Card"],"build_version":"2020-11-30","purchased_purges":1,"victory":false,"max_hp_per_floor":[75,75,75,75,75,75,75,75,75,75,75,75,75,80,80,80,80,80,80,80,80,80,80,80,80,80,85,85,85,85,85,85,85,85],"card_choices":[{"not_picked":["Warcry","Flex","Pommel Strike"],"picked":"SKIP","floor":1.0},{"not_picked":["True Grit","Clash","Iron Wave"],"picked":"SKIP","floor":2.0},{"not_picked":["Rage","Dual Wield"],"picked":"Infernal Blade","floor":3.0},{"not_picked":["Sentinel","Twin Strike","Wild Strike"],"picked":"SKIP","floor":4.0},{"not_picked":["Pommel Strike","Headbutt"],"picked":"Carnage","floor":5.0},{"not_picked":["Heavy Blade","Intimidate"],"picked":"Feel No Pain","floor":7.0},{"not_picked":["Iron Wave","Perfected Strike"],"picked":"Immolate","floor":11.0},{"not_picked":["Clash","Bloodletting"],"picked":"Double Tap","floor":13.0},{"not_picked":["Demon Form","Limit Break"],"picked":"Offering","floor":16.0},{"not_picked":["Sword Boomerang","Fire Breathing"],"picked":"Shrug It Off","floor":18.0},{"not_picked":["Flame Barrier","Rampage"],"picked":"Disarm","floor":20.0},{"not_picked":["Reckless Charge","Armaments"],"picked":"Disarm","floor":22.0},{"not_picked":["Heavy Blade+1","Twin Strike","Warcry"],"picked":"SKIP","floor":25.0},{"not_picked":["Iron Wave","Thunderclap+1","Fire Breathing"],"picked":"SKIP","floor":31}],"player_experience":316682,"relics_obtained":[{"floor":7.0,"key":"WingedGreaves"},{"floor":9.0,"key":"The Courier"},{"floor":11.0,"key":"Akabeko"},{"floor":13.0,"key":"Pocketwatch"},{"floor":19.0,"key":"Enchiridion"},{"floor":31,"key":"Lizard Tail"}],"event_choices":[{"damage_healed":0.0,"max_hp_gain":0.0,"max_hp_loss":0.0,"gold_gain":0.0,"event_name":"Cursed Tome","player_choice":"Obtained Book","floor":19.0,"gold_loss":0.0,"damage_taken":21.0},{"damage_healed":0.0,"max_hp_gain":0.0,"max_hp_loss":0.0,"gold_gain":0.0,"event_name":"Addict","player_choice":"Obtained Relic","floor":21.0,"gold_loss":85.0,"damage_taken":0.0,"relics_obtained":["Anchor"]},{"damage_healed":0,"gold_gain":0,"player_choice":"Shed Blood","damage_taken":28,"max_hp_gain":5,"max_hp_loss":0,"event_name":"Forgotten Altar","floor":27,"gold_loss":0},{"damage_healed":0,"gold_gain":50,"player_choice":"Stole From Cult","damage_taken":0,"max_hp_gain":0,"max_hp_loss":0,"event_name":"Nest","floor":28,"gold_loss":0}],"is_beta":false,"boss_relics":[{"not_picked":["Astrolabe","Busted Crown"],"picked":"Cursed Key"}],"items_purged_floors":[14],"is_endless":false,"potions_floor_spawned":[2,4,11,13,20,22,25,31],"killed_by":"Collector","ascension_level":20}}