{"host":"wukocnei7dgudpva","time":1607901725,"event":{"mods":["AchievementEnabler","BaseMod","Colored Map","Minty Spire (QoL Compilation)","StSLib"],"gold_per_floor":[117,67,67,28,48,48,64,64,113,136,160,160,160,160,160],"floor_reached":14,"playtime":803,"items_purged":[],"score":80,"play_id":"e9953c6a-d8a1-40b5-93a4-363432d35e40","local_time":"20201214082205","is_ascension_mode":false,"campfire_choices":[{"data":"Defragment","floor":6,"key":"SMITH"},{"floor":8,"key":"REST"},{"data":"Chill","floor":12,"key":"SMITH"}],"circlet_count":0,"master_deck":["Strike_B","Strike_B","Strike_B","Defend_B","Defend_B","Defend_B","Defend_B","Zap","Dualcast","Capacitor","Defragment+1","Chill+1","BootSequence"],"relics":["Cracked Core","Golden Idol","Regal Pillow","Ice Cream"],"acts_visited":["Exordium"],"potions_floor_usage":[],"damage_taken":[{"damage":2,"enemies":"Small Slimes","floor":1,"turns":3},{"damage":8,"enemies":"2 Louse","floor":5,"turns":2},{"damage":6,"enemies":"Jaw Worm","floor":7,"turns":4},{"damage":1,"enemies":"Exordium Thugs","floor":10,"turns":4},{"damage":6,"enemies":"3 Louse","floor":11,"turns":5},{"damage":73,"enemies":"Gremlin Nob","floor":14,"turns":6}],"seed_played":"4940959498689816033","potions_obtained":[{"floor":1,"key":"SteroidPotion"},{"floor":7,"key":"Dexterity Potion"},{"floor":11,"key":"Swift Potion"}],"is_trial":false,"path_per_floor":["M","?","?","$","M","R","M","R","T","M","M","R","?","E"],"character_chosen":"DEFECT","items_purchased":["Defragment"],"campfire_rested":1,"item_purchase_floors":[4],"current_hp_per_floor":[80,80,60,60,52,52,46,70,70,69,63,63,56,0,0],"gold":160,"neow_bonus":"TEN_PERCENT_HP_BONUS","is_daily":false,"chose_seed":false,"campfire_upgraded":2,"win_rate":0.0,"timestamp":1607901725,"path_taken":["M","?","?","?","M","R","M","R","T","?","M","R","?","E"],"items_purchased_type":["Card"],"build_version":"2020-11-30","purchased_purges":0,"victory":false,"max_hp_per_floor":[82,82,82,82,82,82,82,82,82,82,82,82,82,82,82],"card_choices":[{"not_picked":["Streamline","Heatsinks"],"picked":"Capacitor","floor":1},{"not_picked":["Sweeping Beam","Capacitor","Consume"],"picked":"SKIP","floor":5},{"not_picked":["Heatsinks","Steam Power","Sweeping Beam"],"picked":"SKIP","floor":7},{"not_picked":["Blizzard","Reprogram"],"picked":"Chill","floor":10},{"not_picked":["Sweeping Beam","Doom and Gloom"],"picked":"BootSequence","floor":11}],"player_experience":208430,"relics_obtained":[{"floor":9,"key":"Regal Pillow"}],"event_choices":[{"cards_removed":["Strike_B"],"damage_healed":0,"gold_gain":0,"player_choice":"Card Removal","damage_taken":0,"max_hp_gain":0,"max_hp_loss":0,"event_name":"The Cleric","floor":2,"gold_loss":50},{"damage_healed":0,"gold_gain":0,"player_choice":"Take Damage","damage_taken":20,"relics_obtained":["Golden Idol"],"max_hp_gain":0,"max_hp_loss":0,"event_name":"Golden Idol","floor":3,"gold_loss":0},{"damage_healed":0,"gold_gain":0,"player_choice":"Success","damage_taken":7,"relics_obtained":["Ice Cream"],"max_hp_gain":0,"max_hp_loss":0,"event_name":"Scrap Ooze","floor":13,"gold_loss":0}],"is_beta":false,"boss_relics":[],"items_purged_floors":[],"is_endless":false,"potions_floor_spawned":[1,7,11],"killed_by":"Gremlin Nob","ascension_level":0}}