{"host":"xy2rxz4qi1jt0r97","time":1607844343,"event":{"mods":["Act Like it!","BaseMod","Better Vampires","HumanHunterMod(π÷ŒÔ…±»Àmod)","Minty Spire (QoL Compilation)","StSLib","[IsaacMod]“‘»ˆº‚À˛","vexMod","°æ“≈ŒÔø®≈∆°øREMEMod"],"gold_per_floor":[119,94,104,189,201,231,245,275,275,275,285,318,3,20,20,123,123,140,14,14,32,32,65,65,65,65,65,99,199,3,23,23,119,119,133,143,43,43,61,61,61,61],"floor_reached":41,"playtime":2232,"items_purged":["Strike_R","Strike_R","Strike_R"],"score":574,"play_id":"10658d86-e745-4223-904b-3b2410942023","local_time":"20201213152543","is_ascension_mode":false,"campfire_choices":[{"data":"Seek","floor":10,"key":"SMITH"},{"data":"Flex","floor":15,"key":"SMITH"},{"data":"Strike_R","floor":25,"key":"PURGE"},{"data":"Limit Break","floor":27,"key":"SMITH"},{"data":"Flex","floor":32,"key":"SMITH"},{"data":"Strike_R","floor":40,"key":"PURGE"}],"circlet_count":0,"master_deck":["Defend_R","Defend_R","Defend_R","Defend_R","Bash","Seek+1","Flex+1","Iron Wave+1","Twin Strike","Shrug It Off+1","Pummel+1","Limit Break+1","Battle Trance+1","Thunderclap","Flex+1","Shrug It Off+1","Whirlwind","Inflame","Twin Strike","Heavy Blade+1"],"relics":["Burning Blood","REME_ComplimentaryCards","HushsDoor","NeowsBlessing","GuppysPaw","Cracked Core","vexMod:MemoryStick","Eternal Feather","Mercury Hourglass","Peace Pipe","Velvet Choker","GuppysHairball","UnicornStump","Toxic Egg 2","Boot","vexMod:TimeEaterHat","vexMod:ImprovementManual"],"acts_visited":["Exordium","TheCity","TheBeyond"],"potions_floor_usage":[6,12,16,23,28,33,39,41],"damage_taken":[{"damage":0,"enemies":"Jaw Worm","floor":1,"turns":1},{"damage":0,"enemies":"Cultist","floor":3,"turns":1},{"damage":0,"enemies":"2 Louse","floor":5,"turns":1},{"damage":12,"enemies":"3 Sentries","floor":6,"turns":10},{"damage":9,"enemies":"Red Slaver","floor":7,"turns":4},{"damage":0,"enemies":"Gremlin Nob","floor":8,"turns":2},{"damage":11,"enemies":"3 Louse","floor":11,"turns":3},{"damage":62,"enemies":"Lagavulin","floor":12,"turns":7},{"damage":15,"enemies":"2 Fungi Beasts","floor":14,"turns":2},{"damage":0,"enemies":"Slime Boss","floor":16,"turns":3},{"damage":6,"enemies":"Chosen","floor":18,"turns":3},{"damage":10,"enemies":"3 Byrds","floor":21,"turns":3},{"damage":0,"enemies":"Gremlin Leader","floor":23,"turns":2},{"damage":37,"enemies":"Book of Stabbing","floor":28,"turns":3},{"damage":0,"enemies":"Snecko","floor":31,"turns":2},{"damage":31,"enemies":"Champ","floor":33,"turns":7},{"damage":8,"enemies":"3 Darklings","floor":35,"turns":3},{"damage":0,"enemies":"Orb Walker","floor":36,"turns":2},{"damage":43,"enemies":"4 Shapes","floor":39,"turns":4},{"damage":155,"enemies":"Maw","floor":41,"turns":5}],"seed_played":"-6718987095167619554","potions_obtained":[{"floor":1,"key":"LiquidMemories"},{"floor":8,"key":"FairyPotion"},{"floor":11,"key":"GamblersBrew"},{"floor":14,"key":"DuplicationPotion"},{"floor":16,"key":"BlessingOfTheForge"},{"floor":18,"key":"Ancient Potion"},{"floor":23,"key":"FearPotion"},{"floor":28,"key":"FairyPotion"},{"floor":35,"key":"Fire Potion"},{"floor":39,"key":"Ancient Potion"}],"is_trial":false,"path_per_floor":["M","?","M","?","M","E","M","E","T","R","M","E","$","M","R","B",null,"M","$","?","M","?","E","?","R","T","R","E","?","$","M","R","B",null,"M","M","$","?","M","R","M"],"character_chosen":"IRONCLAD","items_purchased":["Damocles","GuppysHairball","Battle Trance","Flex","vexMod:TimeEaterHat","PowerPotion"],"campfire_rested":0,"item_purchase_floors":[13,17,17,19,30,30],"current_hp_per_floor":[80,80,80,65,71,65,62,68,68,74,69,13,13,24,33,39,62,62,62,62,58,58,62,51,63,63,67,36,21,21,27,39,14,67,65,67,67,64,27,39,0,0],"gold":61,"neow_bonus":"THREE_ENEMY_KILL","is_daily":false,"chose_seed":false,"campfire_upgraded":4,"win_rate":0.0,"timestamp":1607844343,"path_taken":["M","?","?","?","M","E","M","E","T","R","M","E","$","M","R","BOSS","M","$","?","?","?","E","?","R","T","R","E","?","$","?","R","BOSS","M","M","$","?","M","R","M"],"items_purchased_type":["Relic","Relic","Card","Card","Relic","Potion"],"build_version":"2020-11-30","purchased_purges":3,"victory":false,"max_hp_per_floor":[80,80,80,80,80,80,80,80,80,80,80,80,80,80,80,80,62,62,62,62,62,62,62,67,67,67,67,67,67,67,67,67,67,67,67,67,67,64,64,64,64,64],"card_choices":[{"not_picked":["Warcry","Clothesline"],"picked":"Flex","floor":1},{"not_picked":["Iron Wave","Perfected Strike"],"picked":"Bomb","floor":3},{"not_picked":["Hemokinesis","Clash"],"picked":"Iron Wave","floor":5},{"not_picked":["Battle Trance","Burning Pact"],"picked":"Bomb","floor":6},{"not_picked":["Battle Trance","Dark Embrace"],"picked":"Bomb","floor":7},{"not_picked":["Rupture","True Grit","Clothesline"],"picked":"SKIP","floor":8},{"not_picked":["Dropkick","Pummel"],"picked":"Twin Strike","floor":11},{"not_picked":["Anger","Perfected Strike"],"picked":"Shrug It Off","floor":12},{"not_picked":["Bloodletting","Impervious"],"picked":"Pummel","floor":14},{"not_picked":["Double Tap","Fiend Fire"],"picked":"Limit Break","floor":16},{"not_picked":["Burning Pact","Dual Wield"],"picked":"Thunderclap","floor":18},{"not_picked":["Anger","Pommel Strike+1"],"picked":"Shrug It Off","floor":21},{"not_picked":["Headbutt","Iron Wave+1"],"picked":"Whirlwind","floor":23},{"not_picked":["Barricade","Metallicize"],"picked":"Inflame","floor":28},{"not_picked":["Sword Boomerang","Thunderclap"],"picked":"Twin Strike","floor":31},{"not_picked":["Hemokinesis+1","Anger+1"],"picked":"Heavy Blade+1","floor":35},{"not_picked":["Spot Weakness+1","Clothesline+1","Carnage"],"picked":"SKIP","floor":36},{"not_picked":["Clash","Armaments+1","Shockwave+1"],"picked":"SKIP","floor":39}],"player_experience":5262,"relics_obtained":[{"floor":6,"key":"vexMod:MemoryStick"},{"floor":8,"key":"Eternal Feather"},{"floor":9,"key":"Mercury Hourglass"},{"floor":12,"key":"Peace Pipe"},{"floor":23,"key":"UnicornStump"},{"floor":26,"key":"Toxic Egg 2"},{"floor":28,"key":"Boot"}],"event_choices":[{"damage_healed":20,"gold_gain":0,"player_choice":"Heal","damage_taken":0,"max_hp_gain":0,"max_hp_loss":0,"event_name":"The Library","floor":20,"gold_loss":0},{"damage_healed":0,"gold_gain":0,"player_choice":"Ignored","damage_taken":0,"max_hp_gain":0,"max_hp_loss":0,"event_name":"Vampires","floor":22,"gold_loss":0},{"damage_healed":0,"gold_gain":0,"player_choice":"Shed Blood","damage_taken":16,"max_hp_gain":5,"max_hp_loss":0,"event_name":"Forgotten Altar","floor":24,"gold_loss":0},{"damage_healed":0,"gold_gain":0,"player_choice":"Max HP","damage_taken":0,"max_hp_gain":0,"max_hp_loss":3,"event_name":"Winding Halls","floor":38,"gold_loss":0}],"is_beta":false,"boss_relics":[{"not_picked":["Mark of Pain","Cursed Key"],"picked":"Velvet Choker"},{"not_picked":[]},{"not_picked":["Runic Cube","vexMod:TanglingVine"],"picked":"vexMod:ImprovementManual"},{"not_picked":[]}],"items_purged_floors":[17,19,37],"is_endless":false,"potions_floor_spawned":[1,8,11,14,16,18,23,28,35,39],"killed_by":"Maw","ascension_level":0}}