{"host":"99ad87xtd5ypi7ii","time":1607902629,"event":{"mods":["BaseMod","Hermit","Highlight Path","Marisa????????","Minty Spire (QoL Compilation)","Robot Space Explorer","StSLib","The Bladedancer","The Construct","The Cursed","The Disciple","The Elementalist","The Gatherer","The Hierophant","The Runesmith","The Servant 0.9.4","TheVacant"],"gold_per_floor":[118,131,131,56,74,74,107,49,49,65,65,65,84,112,112,215,215,229,106,106,106,116,144,157,182,482,357,357,337,364,382,382,483,483,498,348,365,44,64,64,97,97,97,123,141,155,190,204,204,204],"floor_reached":51,"playtime":6337,"items_purged":["RobotSpaceExplorer:Strike","RobotSpaceExplorer:Strike","RobotSpaceExplorer:Strike","RobotSpaceExplorer:Defend","RobotSpaceExplorer:Defend"],"score":1006,"play_id":"51e31444-260e-4855-b464-44d3ed75f4b5","local_time":"20201214003709","is_ascension_mode":true,"campfire_choices":[{"data":"RobotSpaceExplorer:MiniLasers","floor":6,"key":"SMITH"},{"data":"RobotSpaceExplorer:Exploration","floor":11,"key":"SMITH"},{"data":"RobotSpaceExplorer:Fix","floor":15,"key":"SMITH"},{"data":"RobotSpaceExplorer:TrailblazerForm","floor":28,"key":"SMITH"},{"floor":32,"key":"REST"},{"data":"RobotSpaceExplorer:BlastShield","floor":40,"key":"SMITH"},{"data":"RobotSpaceExplorer:Comet","floor":49,"key":"SMITH"}],"circlet_count":0,"master_deck":["RobotSpaceExplorer:Strike+1","RobotSpaceExplorer:Defend+1","RobotSpaceExplorer:Scan+1","RobotSpaceExplorer:MiniLasers+1","RobotSpaceExplorer:Fix+1","RobotSpaceExplorer:SurgingShield+1","RobotSpaceExplorer:SurgingStrike+1","RobotSpaceExplorer:MiniDrones+1","RobotSpaceExplorer:ScrapMissile","RobotSpaceExplorer:TrailblazerForm+1","RobotSpaceExplorer:TrailblazerForm+1","RobotSpaceExplorer:Jetpack+1","RobotSpaceExplorer:SurgingStrike","RobotSpaceExplorer:RigExplosive","RobotSpaceExplorer:Comet+1","RobotSpaceExplorer:Jetpack","RobotSpaceExplorer:JunkDive+1","RobotSpaceExplorer:BlastShield+1","RobotSpaceExplorer:RigExplosive+1","RobotSpaceExplorer:MiniLasers+1","RobotSpaceExplorer:BlastShield+1","RobotSpaceExplorer:BigMissile+1","RobotSpaceExplorer:MiniDrones"],"relics":["RobotSpaceExplorer:RoboCore","Torii","MealTicket","construct:RocketBooster","Eternal Feather","Omamori","Boot","Runic Pyramid","Ginger","WingedGreaves","Old Coin","White Beast Statue","SacredBark","DollysMirror","Du-Vu Doll","construct:FoamFinger","CaptainsWheel","construct:BoolHorns"],"acts_visited":["Exordium","TheCity","TheBeyond"],"potions_floor_usage":[7,16,18,22,23,23,24,25,25,30,31,33,35,35,37,39,39,41,41,41,44,44,44,44,45,46,47,47,48,50,50,50,50],"damage_taken":[{"damage":2,"enemies":"Jaw Worm","floor":1,"turns":5},{"damage":6,"enemies":"Small Slimes","floor":2,"turns":4},{"damage":0,"enemies":"Cultist","floor":5,"turns":5},{"damage":13,"enemies":"Gremlin Nob","floor":7,"turns":3},{"damage":0,"enemies":"Large Slime","floor":10,"turns":6},{"damage":1,"enemies":"3 Louse","floor":13,"turns":3},{"damage":2,"enemies":"3 Sentries","floor":14,"turns":6},{"damage":6,"enemies":"Hexaghost","floor":16,"turns":8},{"damage":2,"enemies":"Chosen","floor":18,"turns":5},{"damage":18,"enemies":"Spheric Guardian","floor":22,"turns":6},{"damage":27,"enemies":"Gremlin Leader","floor":23,"turns":6},{"damage":10,"enemies":"Snake Plant","floor":24,"turns":5},{"damage":46,"enemies":"Book of Stabbing","floor":25,"turns":9},{"damage":3,"enemies":"Gremlin Leader","floor":30,"turns":8},{"damage":17,"enemies":"Shelled Parasite and Fungi","floor":31,"turns":8},{"damage":0,"enemies":"Automaton","floor":33,"turns":10},{"damage":21,"enemies":"3 Darklings","floor":35,"turns":9},{"damage":1,"enemies":"3 Shapes","floor":37,"turns":7},{"damage":35,"enemies":"Writhing Mass","floor":39,"turns":6},{"damage":22,"enemies":"Nemesis","floor":41,"turns":5},{"damage":6,"enemies":"Reptomancer","floor":44,"turns":3},{"damage":11,"enemies":"Spire Growth","floor":45,"turns":5},{"damage":0,"enemies":"4 Shapes","floor":46,"turns":6},{"damage":14,"enemies":"Nemesis","floor":47,"turns":7},{"damage":13,"enemies":"3 Darklings","floor":48,"turns":5},{"damage":66,"enemies":"Time Eater","floor":50,"turns":11}],"seed_played":"8852947679696280525","potions_obtained":[{"floor":2,"key":"LiquidBronze"},{"floor":5,"key":"AttackPotion"},{"floor":16,"key":"SmokeBomb"},{"floor":18,"key":"Fruit Juice"},{"floor":21,"key":"EssenceOfSteel"},{"floor":21,"key":"Regen Potion"},{"floor":22,"key":"DuplicationPotion"},{"floor":25,"key":"Explosive Potion"},{"floor":29,"key":"Ancient Potion"},{"floor":31,"key":"ColorlessPotion"},{"floor":33,"key":"RobotSpaceExplorer:RecyclePotion"},{"floor":35,"key":"FearPotion"},{"floor":37,"key":"PowerPotion"},{"floor":41,"key":"Dexterity Potion"},{"floor":44,"key":"Block Potion"},{"floor":45,"key":"Regen Potion"},{"floor":47,"key":"SteroidPotion"},{"floor":48,"key":"Regen Potion"}],"is_trial":false,"path_per_floor":["M","M","?","$","M","R","E","?","T","M","R","?","M","E","R","B",null,"M","$","?","?","M","E","M","E","T","$","R","?","E","M","R","B",null,"M","$","M","$","M","R","E","?","T","E","M","M","E","M","R","B",null],"character_chosen":"RobotSpaceExplorer","items_purchased":["RobotSpaceExplorer:SurgingStrike","DollysMirror"],"campfire_rested":1,"item_purchase_floors":[19,38],"current_hp_per_floor":[80,78,62,62,66,66,57,57,57,61,61,36,35,37,46,46,73,82,87,87,87,84,63,59,19,19,34,43,43,46,35,73,79,85,66,81,86,87,58,70,54,54,54,48,43,87,74,67,79,59],"gold":204,"neow_bonus":"TEN_PERCENT_HP_BONUS","is_daily":false,"chose_seed":false,"campfire_upgraded":6,"win_rate":0.0,"timestamp":1607902629,"path_taken":["M","M","?","$","M","R","E","?","T","?","R","?","M","E","R","BOSS","M","$","?","?","?","E","M","E","T","$","R","?","E","M","R","BOSS","M","$","M","$","?","R","E","?","T","E","M","?","E","M","R","BOSS"],"items_purchased_type":["Card","Relic"],"build_version":"2020-11-30","purchased_purges":5,"victory":true,"max_hp_per_floor":[82,82,82,82,82,82,82,82,82,82,82,82,82,82,82,82,82,87,87,87,87,87,87,87,87,87,87,87,87,87,87,87,87,87,87,87,87,87,87,87,87,87,87,87,87,87,87,87,87,87],"card_choices":[{"not_picked":["RobotSpaceExplorer:GlueShot","RobotSpaceExplorer:Ammunition"],"picked":"RobotSpaceExplorer:Fix","floor":1},{"not_picked":["RobotSpaceExplorer:ShovelStrike","RobotSpaceExplorer:Blitz"],"picked":"RobotSpaceExplorer:SurgingShield","floor":2},{"not_picked":["RobotSpaceExplorer:Reload","RobotSpaceExplorer:Probe"],"picked":"RobotSpaceExplorer:SurgingStrike","floor":5},{"not_picked":["RobotSpaceExplorer:Pulsar","RobotSpaceExplorer:RigExplosive"],"picked":"RobotSpaceExplorer:Exploration","floor":7},{"not_picked":["RobotSpaceExplorer:FranticSearch","RobotSpaceExplorer:ShockKick"],"picked":"RobotSpaceExplorer:MiniDrones","floor":10},{"not_picked":["RobotSpaceExplorer:SwiftStep","RobotSpaceExplorer:ShockKick"],"picked":"RobotSpaceExplorer:ScrapMissile","floor":13},{"not_picked":["RobotSpaceExplorer:DoubleBlock","RobotSpaceExplorer:StarDust"],"picked":"RobotSpaceExplorer:TrailblazerForm","floor":14},{"not_picked":["RobotSpaceExplorer:DroneSwarm","RobotSpaceExplorer:Autoloader"],"picked":"RobotSpaceExplorer:TrailblazerForm","floor":16},{"not_picked":["RobotSpaceExplorer:MiniDrones","RobotSpaceExplorer:ScrapMissile"],"picked":"RobotSpaceExplorer:Jetpack","floor":18},{"not_picked":["RobotSpaceExplorer:MetalStrike","RobotSpaceExplorer:Counterblock"],"picked":"RobotSpaceExplorer:RigExplosive","floor":22},{"not_picked":["RobotSpaceExplorer:SlimeMissile+1","RobotSpaceExplorer:GlueShot"],"picked":"RobotSpaceExplorer:Comet","floor":23},{"not_picked":["RobotSpaceExplorer:MetalStrike+1","RobotSpaceExplorer:MakeshiftVolley"],"picked":"RobotSpaceExplorer:Jetpack","floor":24},{"not_picked":["RobotSpaceExplorer:ShockKick","RobotSpaceExplorer:StunGrenade","RobotSpaceExplorer:TurboDodge"],"picked":"SKIP","floor":25},{"not_picked":["RobotSpaceExplorer:Blaster","RobotSpaceExplorer:SlimeMissile","RobotSpaceExplorer:SwiftStep"],"picked":"SKIP","floor":30},{"not_picked":["RobotSpaceExplorer:SlimeMissile","RobotSpaceExplorer:Pulsar+1"],"picked":"RobotSpaceExplorer:JunkDive+1","floor":31},{"not_picked":["RobotSpaceExplorer:Multitool","RobotSpaceExplorer:DroneSwarm"],"picked":"RobotSpaceExplorer:BlastShield","floor":33},{"not_picked":["RobotSpaceExplorer:SurgingStrike","RobotSpaceExplorer:StunGrenade+1","RobotSpaceExplorer:MakeshiftVolley"],"picked":"SKIP","floor":35},{"not_picked":["RobotSpaceExplorer:SurgingStrike","RobotSpaceExplorer:TurboDodge"],"picked":"RobotSpaceExplorer:RigExplosive+1","floor":37},{"not_picked":["RobotSpaceExplorer:Smokescreen","RobotSpaceExplorer:Reload","RobotSpaceExplorer:Probe+1"],"picked":"SKIP","floor":39},{"not_picked":["RobotSpaceExplorer:Blaster","RobotSpaceExplorer:FreezingShield+1","RobotSpaceExplorer:ToxicBomb"],"picked":"SKIP","floor":41},{"not_picked":["RobotSpaceExplorer:Pulsar","RobotSpaceExplorer:LaserBurst+1"],"picked":"RobotSpaceExplorer:BigMissile+1","floor":44},{"not_picked":["RobotSpaceExplorer:LaserBurst+1","RobotSpaceExplorer:Electroshield+1","RobotSpaceExplorer:ShovelStrike+1"],"picked":"SKIP","floor":45},{"not_picked":["RobotSpaceExplorer:GlueShot","RobotSpaceExplorer:Electropulse"],"picked":"RobotSpaceExplorer:MiniDrones","floor":46},{"not_picked":["RobotSpaceExplorer:LaserBurst","RobotSpaceExplorer:MakeshiftVolley","RobotSpaceExplorer:Scanner"],"picked":"SKIP","floor":47},{"not_picked":["RobotSpaceExplorer:SlimeMissile","RobotSpaceExplorer:FreezeRay","RobotSpaceExplorer:SwiftStep+1"],"picked":"SKIP","floor":48}],"player_experience":720234,"relics_obtained":[{"floor":7,"key":"Torii"},{"floor":9,"key":"construct:RocketBooster"},{"floor":13,"key":"Omamori"},{"floor":14,"key":"Boot"},{"floor":23,"key":"Ginger"},{"floor":25,"key":"WingedGreaves"},{"floor":26,"key":"Old Coin"},{"floor":30,"key":"White Beast Statue"},{"floor":41,"key":"Du-Vu Doll"},{"floor":43,"key":"construct:FoamFinger"},{"floor":44,"key":"CaptainsWheel"},{"floor":47,"key":"construct:BoolHorns"}],"event_choices":[{"damage_healed":0,"gold_gain":0,"player_choice":"Entered Light","damage_taken":16,"max_hp_gain":0,"max_hp_loss":0,"event_name":"Shining Light","floor":3,"gold_loss":0,"cards_upgraded":["RobotSpaceExplorer:Defend","RobotSpaceExplorer:Strike"]},{"damage_healed":0,"gold_gain":0,"player_choice":"Paid Gold","damage_taken":0,"relics_obtained":["MealTicket"],"max_hp_gain":0,"max_hp_loss":0,"event_name":"WeMeetAgain","floor":8,"gold_loss":58},{"damage_healed":0,"gold_gain":0,"player_choice":"Success","damage_taken":25,"relics_obtained":["Eternal Feather"],"max_hp_gain":0,"max_hp_loss":0,"event_name":"Scrap Ooze","floor":12,"gold_loss":0},{"damage_healed":0,"gold_gain":0,"player_choice":"Ignored","damage_taken":0,"max_hp_gain":0,"max_hp_loss":0,"event_name":"Ghosts","floor":20,"gold_loss":0},{"damage_healed":0,"gold_gain":0,"player_choice":"Got Potions","damage_taken":0,"max_hp_gain":0,"max_hp_loss":0,"event_name":"Lab","floor":21,"gold_loss":0},{"damage_healed":0,"gold_gain":0,"player_choice":"Bought 1 Potion","damage_taken":0,"max_hp_gain":0,"max_hp_loss":0,"event_name":"The Woman in Blue","floor":29,"gold_loss":0},{"damage_healed":0,"gold_gain":0,"cards_transformed":["RobotSpaceExplorer:Defend"],"player_choice":"Transformed","damage_taken":0,"max_hp_gain":0,"max_hp_loss":0,"event_name":"Transmorgrifier","floor":42,"gold_loss":0,"cards_obtained":["RobotSpaceExplorer:BlastShield"]}],"is_beta":false,"boss_relics":[{"not_picked":["Tiny House","Philosopher\u0027s Stone"],"picked":"Runic Pyramid"},{"not_picked":["Busted Crown","Empty Cage"],"picked":"SacredBark"}],"items_purged_floors":[4,19,27,36,38],"is_endless":false,"potions_floor_spawned":[2,5,16,18,22,25,31,33,35,37,39,41,44,45,46,47,48],"ascension_level":5}}