{"host":"cjhtzh7tp54jdfyv","time":1607877253,"event":{"mods":["BaseMod","Minty Spire (QoL Compilation)"],"gold_per_floor":[110,128,143,143,163,207,207,231,282,282,282],"floor_reached":10,"playtime":519,"items_purged":[],"score":140,"play_id":"799acc89-cd59-405b-bb6d-28a9c38aef37","local_time":"20201213113413","is_ascension_mode":true,"campfire_choices":[{"data":"Uppercut","floor":7,"key":"SMITH"}],"circlet_count":0,"master_deck":["AscendersBane","Strike_R","Strike_R","Strike_R","Strike_R","Strike_R","Defend_R","Defend_R","Defend_R","Defend_R","Bash","Uppercut+1","Shrug It Off","Inflame","Whirlwind","Spot Weakness"],"relics":["Burning Blood","Golden Idol","Pear","Red Skull"],"acts_visited":["Exordium"],"potions_floor_usage":[8],"damage_taken":[{"damage":3.0,"enemies":"Small Slimes","floor":1.0,"turns":4.0},{"damage":0.0,"enemies":"Jaw Worm","floor":2.0,"turns":3.0},{"damage":6.0,"enemies":"Cultist","floor":3.0,"turns":4.0},{"damage":29,"enemies":"Large Slime","floor":5,"turns":6},{"damage":39,"enemies":"3 Sentries","floor":6,"turns":8},{"damage":18,"enemies":"Lots of Slimes","floor":8,"turns":3},{"damage":31,"enemies":"Gremlin Nob","floor":10,"turns":3}],"seed_played":"-6646084494972572521","potions_obtained":[{"floor":1.0,"key":"Energy Potion"},{"floor":6,"key":"PowerPotion"}],"is_trial":false,"path_per_floor":["M","M","M","?","M","E","R","M","T","E"],"character_chosen":"IRONCLAD","items_purchased":[],"campfire_rested":0,"item_purchase_floors":[],"current_hp_per_floor":[78,82,82,74,51,28,28,16,16,0,0],"gold":282,"neow_bonus":"TEN_PERCENT_HP_BONUS","is_daily":false,"chose_seed":false,"campfire_upgraded":1,"win_rate":0.0,"timestamp":1607877253,"path_taken":["M","M","M","?","M","E","R","M","T","E"],"items_purchased_type":[],"build_version":"2020-11-30","purchased_purges":0,"victory":false,"max_hp_per_floor":[82,82,82,74,74,84,84,84,84,84,84],"card_choices":[{"not_picked":["Perfected Strike","Armaments"],"picked":"Uppercut","floor":1.0},{"not_picked":["Havoc","Sentinel"],"picked":"Shrug It Off","floor":2.0},{"not_picked":["Juggernaut","Warcry"],"picked":"Inflame","floor":3.0},{"not_picked":["Sever Soul","Clothesline","Dropkick"],"picked":"SKIP","floor":5},{"not_picked":["Searing Blow","Reckless Charge"],"picked":"Whirlwind","floor":6},{"not_picked":["Carnage","True Grit"],"picked":"Spot Weakness","floor":8}],"player_experience":4241736,"relics_obtained":[{"floor":6,"key":"Pear"},{"floor":9,"key":"Red Skull"}],"event_choices":[{"damage_healed":0.0,"max_hp_gain":0.0,"max_hp_loss":8.0,"gold_gain":0.0,"event_name":"Golden Idol","player_choice":"Lose Max HP","floor":4.0,"gold_loss":0.0,"damage_taken":0.0,"relics_obtained":["Golden Idol"]}],"is_beta":false,"boss_relics":[],"items_purged_floors":[],"is_endless":false,"potions_floor_spawned":[1,6],"killed_by":"Gremlin Nob","ascension_level":20}}