{"host":"s41rn2jhghpwfrvz","time":1607869291,"event":{"mods":["BaseMod","Minty Spire (QoL Compilation)","Quick Restart","Relic Stats","SuperFastMode"],"gold_per_floor":[110,130,55,55,65,94,94,124,124,153,164,191,226,242,242,319,319,330,255,255,255,274,299,315,350,399,419,419,454,454,486,486,563,563,574,203,228,228,239,274,274,290,290,305,340,340,354,380,380,380,380,380,380,29,61,61,61],"floor_reached":56,"playtime":2352,"items_purged":["Cold Snap","Consecrate","Capacitor"],"score":2476,"play_id":"d48463ce-4e91-4e90-b269-e47a8ce4b81f","local_time":"20201213162131","daily_mods":["SealedDeck","Diverse","DeadlyEvents"],"is_ascension_mode":true,"campfire_choices":[{"data":"Coolheaded","floor":7,"key":"SMITH"},{"data":"Skim","floor":15,"key":"SMITH"},{"data":"Backflip","floor":28,"key":"SMITH"},{"data":"White Noise","floor":30,"key":"SMITH"},{"data":"Evolve","floor":32,"key":"SMITH"},{"floor":41,"key":"RECALL"}],"circlet_count":0,"master_deck":["AscendersBane","Coolheaded+1","Beam Cell","White Noise+1","Backflip+1","Evolve+1","Skim+1","Coolheaded+1","Fire Breathing","Cloak And Dagger+1","Gash","Reboot+1","Expertise+1","Deep Breath+1","Madness+1","Impatience+1","Barricade"],"relics":["Burning Blood","Lizard Tail","Blue Candle","Mercury Hourglass","Gremlin Horn","Odd Mushroom","Toxic Egg 2","Coffee Dripper","Pen Nib","Charon\u0027s Ashes","Pantograph","MealTicket","Tiny Chest","Fusion Hammer","Bag of Preparation","Prayer Wheel","Unceasing Top","Frozen Egg 2","Regal Pillow","Art of War","HandDrill","Kunai"],"acts_visited":["Exordium","TheCity","TheBeyond","TheEnding"],"potions_floor_usage":[8,13,13,14,56,56,56,56],"damage_taken":[{"damage":0,"enemies":"Small Slimes","floor":1,"turns":3},{"damage":0,"enemies":"Jaw Worm","floor":2,"turns":3},{"damage":0,"enemies":"2 Louse","floor":5,"turns":3},{"damage":0,"enemies":"Lagavulin","floor":6,"turns":7},{"damage":22,"enemies":"Gremlin Nob","floor":8,"turns":4},{"damage":14,"enemies":"3 Sentries","floor":10,"turns":4},{"damage":0,"enemies":"Lots of Slimes","floor":11,"turns":2},{"damage":0,"enemies":"The Mushroom Lair","floor":12,"turns":3},{"damage":65,"enemies":"Gremlin Nob","floor":13,"turns":5},{"damage":9,"enemies":"Looter","floor":14,"turns":3},{"damage":21,"enemies":"Slime Boss","floor":16,"turns":8},{"damage":0,"enemies":"Chosen","floor":18,"turns":4},{"damage":1,"enemies":"3 Byrds","floor":22,"turns":4},{"damage":31,"enemies":"Gremlin Leader","floor":23,"turns":4},{"damage":15,"enemies":"Centurion and Healer","floor":24,"turns":3},{"damage":29,"enemies":"Slavers","floor":25,"turns":2},{"damage":0,"enemies":"Snake Plant","floor":27,"turns":3},{"damage":14,"enemies":"Book of Stabbing","floor":29,"turns":3},{"damage":0,"enemies":"Gremlin Leader","floor":31,"turns":4},{"damage":0,"enemies":"Champ","floor":33,"turns":8},{"damage":0,"enemies":"3 Darklings","floor":35,"turns":3},{"damage":17,"enemies":"Mind Bloom Boss Battle","floor":37,"turns":3},{"damage":0,"enemies":"3 Shapes","floor":39,"turns":1},{"damage":0,"enemies":"Giant Head","floor":40,"turns":1},{"damage":0,"enemies":"Spire Growth","floor":42,"turns":1},{"damage":0,"enemies":"Transient","floor":44,"turns":3},{"damage":0,"enemies":"Nemesis","floor":45,"turns":3},{"damage":0,"enemies":"Jaw Worm Horde","floor":47,"turns":1},{"damage":0,"enemies":"Donu and Deca","floor":50,"turns":2},{"damage":34,"enemies":"Awakened One","floor":51,"turns":5},{"damage":11,"enemies":"Shield and Spear","floor":55,"turns":2},{"damage":63,"enemies":"The Heart","floor":56,"turns":2}],"seed_played":"3440868594898524042","potions_obtained":[{"floor":5,"key":"ColorlessPotion"},{"floor":8,"key":"SmokeBomb"},{"floor":10,"key":"EntropicBrew"},{"floor":12,"key":"BlessingOfTheForge"},{"floor":14,"key":"EntropicBrew"},{"floor":47,"key":"PowerPotion"}],"is_trial":true,"path_per_floor":["M","M","?","?","M","E","R","E","T","E","M","?","E","M","R","B",null,"M","$","?","?","M","E","M","E","T","M","R","E","R","E","R","B",null,"M","$","?","?","M","E","R","M","T","M","E","R","M","T","R","B","B",null,"R","$","E","B"],"character_chosen":"IRONCLAD","items_purchased":["Deep Breath+1","Bag of Preparation","Dexterity Potion","HandDrill"],"campfire_rested":0,"item_purchase_floors":[36,36,54,54],"current_hp_per_floor":[74,75,75,75,75,75,75,59,59,51,57,63,43,55,55,40,66,72,72,72,72,75,50,41,18,18,24,24,16,16,22,22,53,70,75,75,64,54,60,66,66,72,72,75,75,75,75,75,75,75,47,68,68,75,70,12,12],"gold":61,"neow_bonus":"","is_daily":false,"chose_seed":false,"campfire_upgraded":5,"win_rate":0.0,"timestamp":1607869291,"path_taken":["M","M","?","?","M","E","R","?","T","E","M","?","E","M","R","BOSS","M","$","?","?","M","E","M","E","T","M","R","E","R","?","R","BOSS","M","$","?","?","?","E","R","M","T","M","E","R","M","?","R","BOSS","BOSS","R","$","E","BOSS"],"items_purchased_type":["Card","Relic","Potion","Relic"],"build_version":"2020-11-30","purchased_purges":3,"victory":false,"max_hp_per_floor":[75,75,75,75,75,75,75,75,75,75,75,75,75,75,75,75,75,75,75,75,75,75,75,75,75,75,75,75,75,75,75,75,75,75,75,75,75,75,75,75,75,75,75,75,75,75,75,75,75,75,75,75,75,75,75,75,75],"relic_stats":{"Regal Pillow":0,"Gremlin Horn":[30,31],"counters":[32,107],"Blue Candle":[2],"Pen Nib":[47],"Charon\u0027s Ashes":[551],"Bag of Preparation":[22],"Burning Blood":145,"Mercury Hourglass":[401],"Lizard Tail":37,"Pantograph":30,"MealTicket":7,"Tiny Chest":1,"Prayer Wheel":4,"Art of War":[0],"HandDrill":[0],"Kunai":[9],"obtain_stats":[{"Regal Pillow":45,"Gremlin Horn":10,"Blue Candle":8,"Pen Nib":21,"Charon\u0027s Ashes":23,"Bag of Preparation":36,"Odd Mushroom":12,"Frozen Egg 2":43,"Burning Blood":0,"Mercury Hourglass":9,"Lizard Tail":6,"Pantograph":25,"MealTicket":29,"Tiny Chest":31,"Prayer Wheel":37,"Fusion Hammer":34,"Coffee Dripper":17,"Art of War":48,"HandDrill":54,"Kunai":55,"Toxic Egg 2":13,"Unceasing Top":40},{"Regal Pillow":27,"Gremlin Horn":6,"Blue Candle":5,"Pen Nib":12,"Charon\u0027s Ashes":14,"Bag of Preparation":21,"Odd Mushroom":8,"Frozen Egg 2":25,"Burning Blood":0,"Mercury Hourglass":5,"Lizard Tail":4,"Pantograph":16,"MealTicket":18,"Tiny Chest":19,"Prayer Wheel":22,"Fusion Hammer":20,"Coffee Dripper":11,"Art of War":28,"HandDrill":30,"Kunai":31,"Toxic Egg 2":9,"Unceasing Top":24},{"Regal Pillow":95,"Gremlin Horn":24,"Blue Candle":20,"Pen Nib":49,"Charon\u0027s Ashes":57,"Bag of Preparation":83,"Odd Mushroom":29,"Frozen Egg 2":89,"Burning Blood":0,"Mercury Hourglass":20,"Lizard Tail":16,"Pantograph":62,"MealTicket":68,"Tiny Chest":72,"Prayer Wheel":86,"Fusion Hammer":80,"Coffee Dripper":45,"Art of War":96,"HandDrill":103,"Kunai":105,"Toxic Egg 2":34,"Unceasing Top":88}],"Unceasing Top":[0]},"card_choices":[{"not_picked":["Anger","InnerPeace","Crescendo"],"picked":"SKIP","floor":1},{"not_picked":["Dodge and Roll","Perseverance"],"picked":"Backflip","floor":2},{"not_picked":["Streamline","Cleave","Havoc"],"picked":"SKIP","floor":5},{"not_picked":["Ball Lightning","Rainbow","Pray"],"picked":"SKIP","floor":6},{"not_picked":["Shrug It Off","Streamline"],"picked":"Evolve","floor":8},{"not_picked":["Ghostly Armor","Flying Knee","ClearTheMind"],"picked":"SKIP","floor":10},{"not_picked":["Steam","Halt","JustLucky"],"picked":"SKIP","floor":11},{"not_picked":["Hemokinesis","Capacitor"],"picked":"Skim","floor":12},{"not_picked":["Streamline","BowlingBash","EmptyFist"],"picked":"SKIP","floor":13},{"not_picked":["Feed","Metallicize"],"picked":"Coolheaded+1","floor":14},{"not_picked":["Study+1","Cloak And Dagger+1","Deflect+1"],"picked":"SKIP","floor":18},{"not_picked":["Auto Shields+1","Compile Driver"],"picked":"Gash","floor":22},{"not_picked":["Rebound","Burst+1","Tactician+1"],"picked":"SKIP","floor":23},{"not_picked":["Consecrate","Flex+1","JustLucky"],"picked":"SKIP","floor":24},{"not_picked":["WreathOfFlame+1","Self Repair"],"picked":"Reboot+1","floor":25},{"not_picked":["EmptyFist","Second Wind+1","WaveOfTheHand+1"],"picked":"SKIP","floor":27},{"not_picked":["Evaluate+1","Stack+1","Glacier+1"],"picked":"SKIP","floor":29},{"not_picked":["Cloak And Dagger+1","Havoc+1"],"picked":"Expertise+1","floor":31},{"not_picked":["Warcry+1","Steam+1","Sweeping Beam"],"picked":"SKIP","floor":35},{"not_picked":["Discovery+1","Violence+1"],"picked":"Madness+1","floor":38},{"not_picked":["Secret Weapon+1","Blind+1"],"picked":"Impatience+1","floor":38},{"not_picked":["Shrug It Off+1","Choke","Slice"],"picked":"SKIP","floor":39},{"not_picked":["Sucker Punch","Setup+1","Steam+1"],"picked":"SKIP","floor":39},{"not_picked":["Body Slam","Pommel Strike+1","ForeignInfluence+1"],"picked":"SKIP","floor":40},{"not_picked":["Compile Driver+1","Genetic Algorithm+1"],"picked":"Barricade","floor":42},{"not_picked":["Sucker Punch","Wild Strike","Blade Dance+1"],"picked":"SKIP","floor":42},{"not_picked":["Body Slam","Go for the Eyes+1","Flying Knee"],"picked":"SKIP","floor":44},{"not_picked":["Armaments+1","Heavy Blade","Pommel Strike"],"picked":"SKIP","floor":44},{"not_picked":["Deadly Poison+1","Corruption+1","Setup+1"],"picked":"SKIP","floor":45},{"not_picked":["Barrage","Clash","Shrug It Off+1"],"picked":"SKIP","floor":47},{"not_picked":["ClearTheMind+1","Gash","Dodge and Roll+1"],"picked":"SKIP","floor":47},{"not_picked":["Deadly Poison+1","Anger","Sweeping Beam"],"picked":"SKIP","floor":55}],"player_experience":1576292,"relics_obtained":[{"floor":6,"key":"Lizard Tail"},{"floor":8,"key":"Blue Candle"},{"floor":9,"key":"Mercury Hourglass"},{"floor":10,"key":"Gremlin Horn"},{"floor":12,"key":"Odd Mushroom"},{"floor":13,"key":"Toxic Egg 2"},{"floor":23,"key":"Charon\u0027s Ashes"},{"floor":25,"key":"Pantograph"},{"floor":29,"key":"MealTicket"},{"floor":31,"key":"Tiny Chest"},{"floor":37,"key":"Prayer Wheel"},{"floor":40,"key":"Unceasing Top"},{"floor":43,"key":"Frozen Egg 2"},{"floor":45,"key":"Regal Pillow"},{"floor":48,"key":"Art of War"},{"floor":55,"key":"Kunai"}],"event_choices":[{"cards_removed":["Anger"],"damage_healed":0,"gold_gain":0,"player_choice":"Card Removal","damage_taken":0,"max_hp_gain":0,"max_hp_loss":0,"event_name":"The Cleric","floor":3,"gold_loss":75},{"damage_healed":0,"gold_gain":0,"player_choice":"Ignored","damage_taken":0,"max_hp_gain":0,"max_hp_loss":0,"event_name":"Liars Game","floor":4,"gold_loss":0},{"damage_healed":0,"gold_gain":0,"player_choice":"Fought Mushrooms","damage_taken":0,"max_hp_gain":0,"max_hp_loss":0,"event_name":"Mushrooms","floor":12,"gold_loss":0},{"damage_healed":0,"gold_gain":0,"cards_transformed":["PiercingWail","Shrug It Off"],"player_choice":"Became Test Subject","damage_taken":0,"max_hp_gain":0,"max_hp_loss":0,"event_name":"Drug Dealer","floor":20,"gold_loss":0,"cards_obtained":["Fire Breathing","Cloak And Dagger"]},{"cards_removed":["BootSequence"],"damage_healed":0,"gold_gain":0,"player_choice":"Gave Card","damage_taken":0,"relics_obtained":["Pen Nib"],"max_hp_gain":0,"max_hp_loss":0,"event_name":"WeMeetAgain","floor":21,"gold_loss":0},{"damage_healed":0,"gold_gain":0,"player_choice":"Fight","damage_taken":0,"max_hp_gain":0,"max_hp_loss":0,"event_name":"MindBloom","floor":37,"gold_loss":0},{"damage_healed":0,"gold_gain":0,"player_choice":"Memory 3","damage_taken":10,"max_hp_gain":0,"max_hp_loss":0,"event_name":"SensoryStone","floor":38,"gold_loss":0}],"is_beta":false,"boss_relics":[{"not_picked":["Empty Cage","Velvet Choker"],"picked":"Coffee Dripper"},{"not_picked":["Tiny House","Philosopher\u0027s Stone"],"picked":"Fusion Hammer"}],"items_purged_floors":[19,36,54],"is_endless":false,"potions_floor_spawned":[5,8,10,12,14,16,18,23,24,29,31,39,44,47,55],"killed_by":"The Heart","ascension_level":20}}