{"host":"qwttrqaysb380yri","time":1607891178,"event":{"mods":["BaseMod","Custom Start","Minty Spire (QoL Compilation)","Puzzle Mod","Relic Stats","StSLib","The Cursed","The Hierophant"],"gold_per_floor":[112,129,146,146,163,163,191,241,241,255,272,272,287,303,303,350,350,364,383,433,29,49,49,49,49,75,106,128,151,198,221,221,299,299,330,360,158,158,184,229,254,284,284,284,303,303,303,324,324,254],"floor_reached":51,"playtime":1868,"items_purged":["hierophant:Strike_Hierophant","hierophant:Strike_Hierophant"],"score":1465,"play_id":"3da56866-7057-4744-9efb-61b035172f25","local_time":"20201213212618","is_ascension_mode":true,"campfire_choices":[{"data":"hierophant:PassingBell","floor":6.0,"key":"SMITH"},{"floor":12.0,"key":"REST"},{"data":"hierophant:Exaltation","floor":15.0,"key":"SMITH"},{"data":"Apotheosis","floor":23,"key":"SMITH"},{"floor":25,"key":"REST"},{"data":"hierophant:Repentance","floor":32,"key":"SMITH"},{"floor":44,"key":"REST"},{"floor":46,"key":"REST"},{"floor":49,"key":"REST"}],"circlet_count":0,"master_deck":["AscendersBane","hierophant:Strike_Hierophant+1","hierophant:Punish","hierophant:Defend_Hierophant","hierophant:Defend_Hierophant","hierophant:Defend_Hierophant","hierophant:ChurchCoffers","hierophant:HammerAndAnvil","hierophant:Smite","hierophant:PassingBell+1","hierophant:SealAway","hierophant:Exaltation+1","hierophant:TollTheBells","hierophant:MorningPrayer","hierophant:Encroach","hierophant:Exaltation","hierophant:ThreeLashes+1","hierophant:DivineIntervention","hierophant:Racketeering","hierophant:Doubloon","hierophant:CoinFling","Apotheosis+1","hierophant:Zeal","hierophant:Shelter","hierophant:OrnateBuckler","hierophant:MirrorShield","hierophant:Repentance+1","CurseOfTheBell","hierophant:Invocation","hierophant:Bribe"],"relics":["hierophant:PropheticMaskRelic","Matryoshka","Dream Catcher","Question Card","The Courier","Runic Pyramid","Bottled Lightning","Letter Opener","Whetstone","Frozen Egg 2","Akabeko","Calling Bell","Strawberry","Gremlin Horn","Pocketwatch","Medical Kit","Incense Burner","Toy Ornithopter","Juzu Bracelet","Mummified Hand","Centennial Puzzle"],"acts_visited":["Exordium","TheCity","TheBeyond"],"potions_floor_usage":[27,33,39,45],"damage_taken":[{"damage":10.0,"enemies":"Small Slimes","floor":1.0,"turns":4.0},{"damage":13.0,"enemies":"Jaw Worm","floor":2.0,"turns":4.0},{"damage":6.0,"enemies":"Cultist","floor":3.0,"turns":3.0},{"damage":16.0,"enemies":"Blue Slaver","floor":5.0,"turns":3.0},{"damage":20.0,"enemies":"3 Sentries","floor":7.0,"turns":4.0},{"damage":5.0,"enemies":"Gremlin Nob","floor":10.0,"turns":2.0},{"damage":4.0,"enemies":"Exordium Thugs","floor":11.0,"turns":2.0},{"damage":7.0,"enemies":"2 Fungi Beasts","floor":13.0,"turns":2.0},{"damage":2.0,"enemies":"Red Slaver","floor":14.0,"turns":3.0},{"damage":49.0,"enemies":"Hexaghost","floor":16.0,"turns":12.0},{"damage":1.0,"enemies":"Spheric Guardian","floor":18.0,"turns":3.0},{"damage":9.0,"enemies":"Shell Parasite","floor":19.0,"turns":3.0},{"damage":0,"enemies":"Snecko","floor":22,"turns":2},{"damage":34,"enemies":"Slavers","floor":27,"turns":2},{"damage":0,"enemies":"Sentry and Sphere","floor":28,"turns":2},{"damage":0,"enemies":"Cultist and Chosen","floor":29,"turns":3},{"damage":5,"enemies":"Book of Stabbing","floor":30,"turns":3},{"damage":0,"enemies":"Centurion and Healer","floor":31,"turns":3},{"damage":10,"enemies":"Champ","floor":33,"turns":7},{"damage":1,"enemies":"3 Darklings","floor":35,"turns":2},{"damage":12,"enemies":"3 Shapes","floor":36,"turns":1},{"damage":21,"enemies":"Transient","floor":39,"turns":5},{"damage":2,"enemies":"Giant Head","floor":40,"turns":2},{"damage":0,"enemies":"3 Darklings","floor":41,"turns":2},{"damage":6,"enemies":"Reptomancer","floor":42,"turns":4},{"damage":39,"enemies":"Giant Head","floor":45,"turns":8},{"damage":9,"enemies":"Reptomancer","floor":48,"turns":3},{"damage":43,"enemies":"Time Eater","floor":50,"turns":5}],"seed_played":"-7821584410975062197","potions_obtained":[{"floor":2.0,"key":"Dexterity Potion"},{"floor":7.0,"key":"AttackPotion"},{"floor":11.0,"key":"Fruit Juice"},{"floor":16.0,"key":"BlessingOfTheForge"},{"floor":18.0,"key":"Strength Potion"},{"floor":19.0,"key":"BlessingOfTheForge"},{"floor":29,"key":"CultistPotion"},{"floor":30,"key":"SkillPotion"},{"floor":35,"key":"GamblersBrew"},{"floor":45,"key":"SmokeBomb"}],"is_trial":false,"path_per_floor":["M","M","M","?","M","R","E","?","T","E","M","R","M","M","R","B",null,"M","M","?","$","M","R","$","R","T","E","M","M","E","M","R","B",null,"M","M","$","?","M","E","M","E","T","R","E","R","?","E","R","B",null],"character_chosen":"HIEROPHANT","items_purchased":["Apotheosis","Bottled Lightning","Medical Kit"],"campfire_rested":5,"item_purchase_floors":[21,21,37],"current_hp_per_floor":[65,52,46,73,57,57,37,37,37,32,33,59,52,50,50,1,66,65,56,48,48,48,48,48,74,74,40,40,40,35,35,35,25,79,78,66,66,66,45,43,43,37,37,65,31,59,59,50,78,35],"gold":254,"neow_bonus":"TEN_PERCENT_HP_BONUS","is_daily":false,"chose_seed":false,"campfire_upgraded":4,"win_rate":0.0,"timestamp":1607891178,"path_taken":["M","M","M","?","M","R","E","?","T","E","M","R","?","M","R","BOSS","M","M","?","$","M","R","?","R","T","E","M","M","E","M","R","BOSS","M","M","$","?","?","E","M","E","T","R","E","R","?","E","R","BOSS"],"items_purchased_type":["Card","Relic","Relic"],"build_version":"2020-11-30","purchased_purges":2,"victory":true,"max_hp_per_floor":[82,82,82,82,82,82,82,82,82,82,87,87,87,87,87,87,87,87,87,87,87,87,87,87,87,87,87,87,87,87,87,87,87,94,94,94,94,94,94,94,94,94,94,94,94,94,94,94,94,94],"relic_stats":{"Gremlin Horn":[11,11],"counters":[28,99],"Juzu Bracelet":0,"Letter Opener":[180],"Whetstone":["hierophant:ThreeLashes","hierophant:Strike_Hierophant"],"Question Card":43,"Medical Kit":[0],"Dream Catcher":5,"Centennial Puzzle":[3],"Mummified Hand":[0],"obtain_stats":[{"Gremlin Horn":34,"hierophant:PropheticMaskRelic":0,"The Courier":10,"Incense Burner":40,"Juzu Bracelet":43,"Letter Opener":26,"Whetstone":26,"Frozen Egg 2":27,"Question Card":9,"Medical Kit":37,"Akabeko":30,"Calling Bell":34,"Dream Catcher":9,"Centennial Puzzle":48,"Matryoshka":7,"Mummified Hand":45,"Strawberry":34,"Bottled Lightning":21,"Toy Ornithopter":42,"Runic Pyramid":17,"Pocketwatch":34},{"Gremlin Horn":19,"hierophant:PropheticMaskRelic":0,"The Courier":6,"Incense Burner":23,"Juzu Bracelet":25,"Letter Opener":13,"Whetstone":13,"Frozen Egg 2":14,"Question Card":5,"Medical Kit":21,"Akabeko":17,"Calling Bell":19,"Dream Catcher":5,"Centennial Puzzle":27,"Matryoshka":5,"Mummified Hand":26,"Strawberry":19,"Bottled Lightning":12,"Toy Ornithopter":25,"Runic Pyramid":10,"Pocketwatch":19},{"Gremlin Horn":67,"hierophant:PropheticMaskRelic":0,"The Courier":20,"Incense Burner":77,"Juzu Bracelet":83,"Letter Opener":47,"Whetstone":47,"Frozen Egg 2":49,"Question Card":18,"Medical Kit":70,"Akabeko":57,"Calling Bell":67,"Dream Catcher":18,"Centennial Puzzle":94,"Matryoshka":18,"Mummified Hand":91,"Strawberry":67,"Bottled Lightning":45,"Toy Ornithopter":83,"Runic Pyramid":39,"Pocketwatch":67}],"Toy Ornithopter":5,"Pocketwatch":[10]},"card_choices":[{"not_picked":["hierophant:RustyCrate","hierophant:ThreeLashes"],"picked":"hierophant:HammerAndAnvil","floor":1.0},{"not_picked":["hierophant:OrnateBuckler","hierophant:HolyVerse"],"picked":"hierophant:Smite","floor":2.0},{"not_picked":["hierophant:Flagellation","hierophant:RustyCrate"],"picked":"hierophant:PassingBell","floor":3.0},{"not_picked":["hierophant:Community","hierophant:OrnateBuckler"],"picked":"hierophant:SealAway","floor":5.0},{"not_picked":["hierophant:Sermon","hierophant:FlamingChariot"],"picked":"hierophant:Exaltation","floor":7.0},{"not_picked":["hierophant:Anathema","hierophant:Purify","hierophant:RustyCrate"],"picked":"hierophant:TollTheBells","floor":10.0},{"not_picked":["hierophant:SealAway","hierophant:Refuge","hierophant:Remorse"],"picked":"hierophant:MorningPrayer","floor":11.0},{"not_picked":["hierophant:Doubloon","hierophant:Remorse","hierophant:Doomsaying"],"picked":"hierophant:Encroach","floor":12.0},{"not_picked":["hierophant:Remorse","hierophant:Flagellation","hierophant:WrathOfGod"],"picked":"hierophant:Exaltation","floor":13.0},{"not_picked":["hierophant:MorningPrayer","hierophant:AuricBeam","hierophant:DisplayOfPower"],"picked":"hierophant:ThreeLashes","floor":14.0},{"not_picked":["hierophant:Invocation","hierophant:LocustPlague","hierophant:WrathOfGod"],"picked":"hierophant:DivineIntervention","floor":16.0},{"not_picked":["hierophant:AuricShield","hierophant:Sermon","hierophant:SecretStash"],"picked":"hierophant:Racketeering","floor":18.0},{"not_picked":["hierophant:ThreeLashes","hierophant:EyeForCoin","hierophant:Exaltation"],"picked":"hierophant:CoinFling","floor":19.0},{"not_picked":["hierophant:Doubloon+1","hierophant:SealAway","hierophant:Chorus+1","hierophant:CoinFling"],"picked":"SKIP","floor":22},{"not_picked":["hierophant:LocustPlague","hierophant:FieryStrike+1","hierophant:HammerAndAnvil"],"picked":"hierophant:Zeal","floor":25},{"not_picked":["hierophant:Encroach","hierophant:Batter","hierophant:Repentance"],"picked":"hierophant:Shelter","floor":27},{"not_picked":["hierophant:Invocation","hierophant:RepressedViolence","hierophant:CursedGold+1"],"picked":"hierophant:OrnateBuckler","floor":28},{"not_picked":["hierophant:Community+1","hierophant:Encroach","hierophant:AuricBeam","hierophant:OrnateJavelin"],"picked":"SKIP","floor":29},{"not_picked":["hierophant:ThreeLashes","hierophant:Empathy+1","hierophant:HolyVerse"],"picked":"hierophant:MirrorShield","floor":30},{"not_picked":["hierophant:Racketeering","hierophant:ThreeLashes","hierophant:Remorse"],"picked":"hierophant:Repentance","floor":31},{"not_picked":["hierophant:OrnateBuckler","hierophant:HammerAndAnvil","hierophant:Sermon","hierophant:ConvertCurrency"],"picked":"SKIP","floor":35},{"not_picked":["hierophant:ThreeLashes+1","hierophant:Remorse","hierophant:Racketeering","hierophant:Levitation"],"picked":"SKIP","floor":36},{"not_picked":["hierophant:Patience","hierophant:RustyCrate+1","hierophant:OrnateJavelin","hierophant:Rebuild"],"picked":"SKIP","floor":39},{"not_picked":["hierophant:Zeal","hierophant:SecretStash+1","hierophant:AuricBeam"],"picked":"hierophant:Invocation","floor":40},{"not_picked":["hierophant:Zeal","hierophant:ThreeLashes+1","hierophant:CoinFling","hierophant:Charity+1"],"picked":"SKIP","floor":41},{"not_picked":["hierophant:Refuge+1","hierophant:Cornucopia","hierophant:RustyCrate","hierophant:Encroach"],"picked":"SKIP","floor":42},{"not_picked":["hierophant:AuricBeam+1","hierophant:Encroach+1","hierophant:FieryStrike+1","hierophant:Empathy"],"picked":"SKIP","floor":45},{"not_picked":["hierophant:DeathKnell","hierophant:AuricShield+1","hierophant:Zeal"],"picked":"hierophant:Bribe","floor":48}],"player_experience":1831537,"relics_obtained":[{"floor":7.0,"key":"Matryoshka"},{"floor":9.0,"key":"Dream Catcher"},{"floor":9.0,"key":"Question Card"},{"floor":10.0,"key":"The Courier"},{"floor":26,"key":"Letter Opener"},{"floor":26,"key":"Whetstone"},{"floor":27,"key":"Frozen Egg 2"},{"floor":30,"key":"Akabeko"},{"floor":34,"key":"Strawberry"},{"floor":34,"key":"Gremlin Horn"},{"floor":34,"key":"Pocketwatch"},{"floor":40,"key":"Incense Burner"},{"floor":42,"key":"Toy Ornithopter"},{"floor":43,"key":"Juzu Bracelet"},{"floor":45,"key":"Mummified Hand"},{"floor":48,"key":"Centennial Puzzle"}],"event_choices":[{"damage_healed":27.0,"max_hp_gain":0.0,"max_hp_loss":0.0,"gold_gain":0.0,"event_name":"Big Fish","player_choice":"Banana","floor":4.0,"gold_loss":0.0,"damage_taken":0.0},{"damage_healed":0.0,"max_hp_gain":0.0,"max_hp_loss":0.0,"gold_gain":50.0,"event_name":"Golden Shrine","player_choice":"Pray","floor":8.0,"gold_loss":0.0,"damage_taken":0.0},{"damage_healed":0.0,"max_hp_gain":0.0,"max_hp_loss":0.0,"gold_gain":50.0,"event_name":"FaceTrader","player_choice":"Touch","floor":20.0,"gold_loss":0.0,"damage_taken":8.0},{"cards_removed":["hierophant:Strike_Hierophant"],"damage_healed":0,"gold_gain":0,"player_choice":"Purged","damage_taken":0,"max_hp_gain":0,"max_hp_loss":0,"event_name":"Purifier","floor":38,"gold_loss":0},{"cards_removed":["hierophant:Defend_Hierophant"],"damage_healed":0,"gold_gain":0,"player_choice":"Removed Skill","damage_taken":0,"max_hp_gain":0,"max_hp_loss":0,"event_name":"Falling","floor":47,"gold_loss":0}],"is_beta":false,"boss_relics":[{"not_picked":["Ectoplasm","Tiny House"],"picked":"Runic Pyramid"},{"not_picked":["Coffee Dripper","Black Star"],"picked":"Calling Bell"}],"items_purged_floors":[21,37],"is_endless":false,"potions_floor_spawned":[2,7,11,16,18,19,29,30,35,45],"ascension_level":15}}