{"host":"ks12kfi5c4d9hdxy","time":1607890405,"event":{"mods":["BaseMod","Conspire","GifTheSpireLib","HololiveMod","Koishi","LagranYue(拉格朗・月)","Marisa（F雨　魔理沙）","Minty Spire (QoL Compilation)","Reimu（博丽灵梦）","Remilia（蕾米莉亚）","Replay The Spire","RumiaBox-露米娅的神秘盒子","StSLib","SuperFastMode","The Administrix","The Servant 0.9.4","Youmu（魂魄妖梦）","Yuyuko","【功能Mod】混沌之环修复补丁","【功能Mod】聪明的最终Boss","篝火指南"],"gold_per_floor":[112,37,64,64,76,106,106,149,174,174,190,213,213,244,244,244,244],"floor_reached":16,"playtime":369,"items_purged":["Strike_MRS"],"score":207,"play_id":"33a9d0c5-8668-4e8f-bcb9-d6922e3db379","local_time":"20201214041325","is_ascension_mode":true,"campfire_choices":[{"floor":13,"key":"REST"},{"data":"Pot Of Greed","floor":15,"key":"SMITH"}],"circlet_count":0,"master_deck":["AscendersBane","Strike_MRS","Strike_MRS","Strike_MRS","Defend_MRS","Defend_MRS","Defend_MRS","MasterSpark","UpSweep","GrandCross","Pot Of Greed+1","Injury","Pot Of Greed","OrrerysSun","GrandCross"],"relics":["MiniHakkero","LagranYue:RandomDrawCardRelic","NeowsBlessing","Grinning Jar","ReplayFunnel","Golden Idol","MagicDraw2","RuthlessExorcism:ReiMu","Lizard Tail","Gambling Chip"],"acts_visited":["Exordium"],"potions_floor_usage":[6,11],"damage_taken":[{"damage":0.0,"enemies":"Jaw Worm","floor":1.0,"turns":1.0},{"damage":0.0,"enemies":"conspire:MimicChest","floor":3.0,"turns":1.0},{"damage":0.0,"enemies":"Small Slimes","floor":5.0,"turns":1.0},{"damage":16,"enemies":"Gremlin Nob","floor":6,"turns":3},{"damage":35,"enemies":"Lagavulin","floor":8,"turns":5},{"damage":0,"enemies":"Cultist","floor":11,"turns":2},{"damage":3,"enemies":"3 Louse","floor":12,"turns":2},{"damage":22,"enemies":"Gremlin Nob","floor":14,"turns":4},{"damage":79,"enemies":"Fading Forest","floor":16,"turns":9}],"seed_played":"-6014792201794933724","potions_obtained":[{"floor":3.0,"key":"Strength Potion"},{"floor":8,"key":"Energy Potion"},{"floor":14,"key":"ShroomBrew"}],"is_trial":false,"path_per_floor":["M","$","?","?","M","E","?","E","T","T","M","M","R","E","R","B"],"character_chosen":"MARISA","items_purchased":[],"campfire_rested":1,"item_purchase_floors":[],"current_hp_per_floor":[63,63,63,63,63,47,47,12,12,12,12,9,30,8,8,0,0],"gold":244,"neow_bonus":"THREE_ENEMY_KILL","is_daily":false,"chose_seed":false,"campfire_upgraded":1,"win_rate":0.0,"timestamp":1607890405,"path_taken":["M","$","?","?","?","E","?","E","T","?","M","M","R","E","R","BOSS"],"items_purchased_type":[],"build_version":"2020-11-30","purchased_purges":1,"victory":false,"max_hp_per_floor":[70,70,70,70,70,70,70,70,70,70,70,70,70,70,70,70,70],"card_choices":[{"not_picked":["GalacticHalo","OneTimeOff"],"picked":"GrandCross","floor":1.0},{"not_picked":["MilkyWay","Acceleration","DeepEcoloBomb"],"picked":"SKIP","floor":5.0},{"not_picked":["BlazeAway","ManaRampage","GalacticHalo"],"picked":"SKIP","floor":6},{"not_picked":["StarlightTyphoon","WitchOfGreed","PowerUp"],"picked":"SKIP","floor":8},{"not_picked":["AsteroidBelt","Singularity","PulseMagic"],"picked":"SKIP","floor":11},{"not_picked":["GravityBeat","DC"],"picked":"OrrerysSun","floor":12},{"not_picked":["IllusionStar","NonDirectionalLaser"],"picked":"GrandCross","floor":14}],"player_experience":454522,"relics_obtained":[{"floor":3.0,"key":"Grinning Jar"},{"floor":6,"key":"ReplayFunnel"},{"floor":8,"key":"MagicDraw2"},{"floor":9,"key":"RuthlessExorcism:ReiMu"},{"floor":10,"key":"Lizard Tail"},{"floor":14,"key":"Gambling Chip"}],"event_choices":[{"cards_removed":["Defend_MRS"],"damage_healed":0.0,"max_hp_gain":0.0,"max_hp_loss":0.0,"gold_gain":0.0,"event_name":"Bonfire Elementals","player_choice":"Offered Basic","floor":4.0,"gold_loss":0.0,"damage_taken":0.0},{"damage_healed":0,"gold_gain":0,"player_choice":"Take Wound","damage_taken":0,"relics_obtained":["Golden Idol"],"max_hp_gain":0,"max_hp_loss":0,"event_name":"Golden Idol","floor":7,"gold_loss":0,"cards_obtained":["Injury"]}],"is_beta":false,"boss_relics":[],"items_purged_floors":[2],"is_endless":false,"potions_floor_spawned":[3,8,14],"killed_by":"Fading Forest","ascension_level":15}}