{"host":"v4uyxn0vi5l8udd0","time":1607875964,"event":{"mods":["AchievementEnabler","BaseMod","BetterRewards","Downfall","Minty Spire (QoL Compilation)","Replay The Spire","StSLib","The Cursed","The Servant 0.9.4"],"gold_per_floor":[116,172,186,186,211,211,211,211,211,235,260,260,260,281,281,402,402,426,457,470,495,513,513,557,138,219,235,260,260,279,279,279,403,403,423,438,177,196,196,196,220,244,244,262,285,285,137,137,137,137],"floor_reached":51,"playtime":2660,"items_purged":["Defend_S","Parasite"],"score":846,"play_id":"02b884f4-3e79-4814-a36b-9e9cc413a568","local_time":"20201213171244","is_ascension_mode":true,"campfire_choices":[{"data":"SilverBlades","floor":6,"key":"SMITH"},{"data":"Exchange","floor":8,"key":"SMITH"},{"data":"Sunlight","floor":12,"key":"SMITH"},{"floor":15,"key":"REST"},{"data":"KidneyShot","floor":23,"key":"SMITH"},{"data":"SurpressingFire","floor":29,"key":"SMITH"},{"data":"Luminosity","floor":32,"key":"SMITH"},{"data":"BestPractice","floor":40,"key":"SMITH"},{"data":"SoulSculpture","floor":46,"key":"SMITH"},{"data":"TrueSight","floor":49,"key":"SMITH"}],"circlet_count":0,"master_deck":["Defend_S","Defend_S","Defend_S","KidneyShot+1","Exchange+1","FastForward","SilverBlades+1","Starlight","DancingSilver","Contraction","Sunlight+1","ReturningBlade","TrueSight+1","Ricochet+1","Comet","SurpressingFire+1","Defy+1","Luminosity+1","SoulSculpture+1","GearUp+1","BestPractice+1","Rearm"],"relics":["Uniform","CaptainsWheel","Replay:PocketPolymizer","Onion Ring","Golden Idol","Ring of Panic","ReplayTheSpireMod:Ring of Exchange","Question Card","Replay:Grab Bag","Painkiller Herb","Busted Crown","Empty Cage","StoneMask","Red Mask","Orichalcum","Bottled Tornado","Bottled Lightning","Pan","Anchor","Replay:Wax Seal","Pocketwatch","HornCleat"],"acts_visited":["Exordium","TheCity","TheBeyond"],"potions_floor_usage":[11,16,19,19,19,25,28,41,45,45],"damage_taken":[{"damage":0,"enemies":"2 Louse","floor":1,"turns":4},{"damage":0,"enemies":"Small Slimes","floor":3,"turns":3},{"damage":1,"enemies":"Cultist","floor":5,"turns":3},{"damage":1,"enemies":"3 Louse","floor":10,"turns":4},{"damage":3,"enemies":"Gremlin Gang","floor":11,"turns":7},{"damage":0,"enemies":"Lots of Slimes","floor":14,"turns":2},{"damage":16,"enemies":"Hexaghost","floor":16,"turns":7},{"damage":5,"enemies":"3 Byrds","floor":18,"turns":3},{"damage":2,"enemies":"Masked Bandits","floor":19,"turns":3},{"damage":4,"enemies":"Shell Parasite","floor":20,"turns":4},{"damage":0,"enemies":"Cultist and Chosen","floor":21,"turns":3},{"damage":6,"enemies":"3 Cultists","floor":22,"turns":3},{"damage":23,"enemies":"Slavers","floor":24,"turns":3},{"damage":25,"enemies":"Snake Plant","floor":27,"turns":6},{"damage":0,"enemies":"Cultist and Chosen","floor":28,"turns":6},{"damage":0,"enemies":"Sentry and Sphere","floor":30,"turns":6},{"damage":1,"enemies":"Pondfish","floor":33,"turns":8},{"damage":0,"enemies":"3 Shapes","floor":35,"turns":3},{"damage":0,"enemies":"Orb Walker","floor":36,"turns":4},{"damage":20,"enemies":"Spire Growth","floor":38,"turns":7},{"damage":0,"enemies":"Writhing Mass","floor":41,"turns":7},{"damage":16,"enemies":"3 Darklings","floor":42,"turns":4},{"damage":11,"enemies":"Spire Growth","floor":44,"turns":6},{"damage":6,"enemies":"Jaw Worm Horde","floor":45,"turns":6},{"damage":0,"enemies":"Replay:Hell Engine","floor":50,"turns":11}],"seed_played":"6139494857686694614","potions_obtained":[{"floor":1,"key":"CultistPotion"},{"floor":10,"key":"LiquidMemories"},{"floor":11,"key":"Weak Potion"},{"floor":16,"key":"Strength Potion"},{"floor":18,"key":"Strength Potion"},{"floor":22,"key":"Milkshake"},{"floor":24,"key":"hexamod:EctoCoolerPotion"},{"floor":28,"key":"SneckoOil"},{"floor":38,"key":"Adrenaline Potion"},{"floor":41,"key":"sneckomod:MuddlingPotion"},{"floor":44,"key":"AttackPotion"}],"is_trial":false,"path_per_floor":["M","?","M","?","M","R","?","R","T","M","M","R","?","M","R","B",null,"?","?","?","?","?","T","E","T","T","?","?","T","?","?","T","B",null,"?","?","T","?","?","T","?","?","T","?","?","T","T","T","T","B",null],"character_chosen":"THE_SERVANT","items_purchased":["Replay:PocketPolymizer","SurpressingFire","Bottled Tornado","Fruit Juice","BestPractice","Anchor","Rearm"],"campfire_rested":1,"item_purchase_floors":[0,25,25,25,37,37,47],"current_hp_per_floor":[43,43,43,43,42,42,42,42,42,41,38,38,38,38,56,40,60,63,66,65,69,68,68,54,59,59,37,43,43,49,77,77,82,87,90,91,91,74,74,74,77,64,64,56,59,59,59,59,59,65],"gold":137,"neow_bonus":"","is_daily":false,"chose_seed":false,"campfire_upgraded":9,"win_rate":0.0,"timestamp":1607875964,"path_taken":["M","?","M","?","M","R","?","R","T","M","M","R","?","M","R","BOSS","?","?","?","?","?","T","E","T","T","?","?","T","?","?","T","BOSS","?","?","T","?","?","T","?","?","T","?","?","T","T","?","T","BOSS"],"items_purchased_type":["Relic","Card","Relic","Potion","Card","Relic","Card"],"build_version":"2020-11-30","purchased_purges":2,"victory":true,"max_hp_per_floor":[65,65,65,60,60,60,60,60,60,60,60,60,60,60,60,60,60,63,66,67,69,72,72,75,80,80,81,83,83,85,85,85,87,87,90,91,91,92,92,92,93,94,94,95,98,98,95,95,95,97],"card_choices":[{"not_picked":["Moondial","Spin"],"picked":"SilverBlades","floor":1},{"not_picked":["Replace","DoubleEdge"],"picked":"Starlight","floor":3},{"not_picked":["TimeWarp","Revamp"],"picked":"DancingSilver","floor":5},{"not_picked":["Replace","Revamp","Read"],"picked":"Contraction","floor":10},{"not_picked":["Unruled","Starlight","Alleviate","Gouge"],"picked":"SKIP","floor":11},{"not_picked":["Sabotage","Sunlight","BottledTime","Alleviate"],"picked":"SKIP","floor":14},{"not_picked":["TheWorld","Initiator","FloweringNight"],"picked":"TrueSight","floor":16},{"not_picked":["Moondial+1","Rewind"],"picked":"SKIP","floor":18},{"not_picked":["Moondial+1","Unruled"],"picked":"SKIP","floor":20},{"not_picked":["Starlight"],"picked":"Ricochet+1","floor":21},{"not_picked":["SilverMatrix","DoubleEdge"],"picked":"SKIP","floor":22},{"not_picked":["Unruled+1","Collapse"],"picked":"SKIP","floor":24},{"not_picked":["ShatteredReality","Starlight+1"],"picked":"SKIP","floor":27},{"not_picked":["Unruled"],"picked":"Defy+1","floor":28},{"not_picked":["Ricochet"],"picked":"Luminosity","floor":30},{"not_picked":["LightFlow"],"picked":"SoulSculpture","floor":33},{"not_picked":["Alleviate+1","TimeWarp+1"],"picked":"SKIP","floor":35},{"not_picked":["ShatteredReality+1"],"picked":"GearUp+1","floor":36},{"not_picked":["Defy+1","Potential+1"],"picked":"SKIP","floor":38},{"not_picked":["StarChef+1","Alleviate"],"picked":"SKIP","floor":41},{"not_picked":["Rewind","Rearm+1"],"picked":"SKIP","floor":42},{"not_picked":["ShatteredReality+1","Alleviate+1"],"picked":"SKIP","floor":44},{"not_picked":["Ricochet+1","Desolation+1"],"picked":"SKIP","floor":45}],"player_experience":631439,"relics_obtained":[{"floor":2,"key":"Onion Ring"},{"floor":7,"key":"Ring of Panic"},{"floor":7,"key":"ReplayTheSpireMod:Ring of Exchange"},{"floor":9,"key":"Question Card"},{"floor":19,"key":"Red Mask"},{"floor":24,"key":"Orichalcum"},{"floor":26,"key":"Bottled Lightning"},{"floor":43,"key":"Pocketwatch"},{"floor":48,"key":"HornCleat"}],"event_choices":[{"damage_healed":0,"gold_gain":0,"player_choice":"Lose Max HP","damage_taken":0,"relics_obtained":["Golden Idol"],"max_hp_gain":0,"max_hp_loss":5,"event_name":"Golden Idol","floor":4,"gold_loss":0},{"damage_healed":0,"gold_gain":0,"player_choice":"0 cards matched","damage_taken":0,"max_hp_gain":0,"max_hp_loss":0,"event_name":"Match and Keep!","floor":13,"gold_loss":0,"cards_obtained":[]},{"damage_healed":0,"gold_gain":0,"player_choice":"Fought Bandits","damage_taken":0,"max_hp_gain":0,"max_hp_loss":0,"event_name":"Masked Bandits","floor":19,"gold_loss":0},{"damage_healed":28,"gold_gain":0,"player_choice":"Heal","damage_taken":0,"max_hp_gain":0,"max_hp_loss":0,"event_name":"The Library","floor":31,"gold_loss":0},{"damage_healed":0,"gold_gain":0,"player_choice":"Gave Potion","damage_taken":0,"relics_obtained":["Replay:Wax Seal"],"max_hp_gain":0,"max_hp_loss":0,"event_name":"WeMeetAgain","floor":39,"gold_loss":0}],"is_beta":false,"boss_relics":[{"not_picked":["Calling Bell","Runic Pyramid"],"picked":"Replay:Grab Bag"},{"not_picked":["Philosopher\u0027s Stone","ReplayTheSpireMod:Onyx Gauntlets"],"picked":"Painkiller Herb"},{"not_picked":["Runic Dome","Fusion Hammer"],"picked":"Busted Crown"},{"not_picked":["Snecko Eye","SlaversCollar"],"picked":"Empty Cage"},{"not_picked":["SplendidAttire","Ring of Chaos"],"picked":"StoneMask"},{"not_picked":["Lee\u0027s Waffle","Chemical X"],"picked":"Pan"}],"items_purged_floors":[37,47],"is_endless":false,"potions_floor_spawned":[1,10,11,16,18,22,24,28,38,41,44],"ascension_level":1}}