{"host":"x6tlfgqpy55vgxdn","time":1607819364,"event":{"mods":["AchievementEnabler","BaseMod","DeckTracker","Minty Spire (QoL Compilation)","Permanent Neow","StSLib","SuperFastMode"],"gold_per_floor":[359,19,19,19,37,70,70,82,82,82,108,124,153,163,163,241,241,257,257,257,257,257,257,257,292,292,319,319,319,346,362,362,440,440,452,497,497,397,417,429,456,467,467,481,481,516,23,40,40,40],"floor_reached":51,"playtime":1908,"items_purged":["Strike_R","Strike_R+1","Defend_R+1"],"score":1668,"play_id":"f4b859c6-15c4-46d9-848b-c99eeecb0d53","local_time":"20201213092924","is_ascension_mode":true,"campfire_choices":[{"data":"Whirlwind","floor":7.0,"key":"SMITH"},{"data":"Rampage","floor":10.0,"key":"SMITH"},{"data":"Limit Break","floor":15.0,"key":"SMITH"},{"floor":23.0,"key":"REST"},{"data":"Inflame","floor":29.0,"key":"SMITH"},{"data":"Bash","floor":32.0,"key":"SMITH"},{"data":"Transmutation","floor":49.0,"key":"SMITH"}],"circlet_count":0,"master_deck":["AscendersBane","Defend_R+1","Defend_R+1","Defend_R+1","Bash+1","Disarm+1","Limit Break+1","Impervious+1","Inflame+1","Reaper+1","Warcry+1","Intimidate+1","Ghostly Armor+1","Bloodletting+1","RitualDagger+1","Pummel+1","Transmutation+1"],"relics":["Burning Blood","Singing Bowl","Ornamental Fan","Juzu Bracelet","Molten Egg 2","Unceasing Top","Astrolabe","MutagenicStrength","Enchiridion","MealTicket","War Paint","Blood Vial","Bag of Preparation","Cursed Key","Du-Vu Doll","Shuriken","Prayer Wheel","Lantern"],"acts_visited":["Exordium","TheCity","TheBeyond"],"potions_floor_usage":[50,50],"damage_taken":[{"damage":7.0,"enemies":"Cultist","floor":1.0,"turns":4.0},{"damage":14.0,"enemies":"Jaw Worm","floor":5.0,"turns":4.0},{"damage":23.0,"enemies":"3 Sentries","floor":6.0,"turns":4.0},{"damage":0.0,"enemies":"2 Louse","floor":8.0,"turns":1.0},{"damage":22.0,"enemies":"Gremlin Nob","floor":11.0,"turns":4.0},{"damage":8.0,"enemies":"Looter","floor":12.0,"turns":4.0},{"damage":35.0,"enemies":"3 Sentries","floor":13.0,"turns":6.0},{"damage":0.0,"enemies":"3 Louse","floor":14.0,"turns":1.0},{"damage":21.0,"enemies":"The Guardian","floor":16.0,"turns":10.0},{"damage":46.0,"enemies":"Spheric Guardian","floor":18.0,"turns":13.0},{"damage":5.0,"enemies":"Book of Stabbing","floor":25.0,"turns":3.0},{"damage":21.0,"enemies":"Gremlin Leader","floor":27.0,"turns":5.0},{"damage":11.0,"enemies":"3 Byrds","floor":31.0,"turns":6.0},{"damage":57.0,"enemies":"Champ","floor":33.0,"turns":17.0},{"damage":0.0,"enemies":"3 Shapes","floor":35.0,"turns":4.0},{"damage":64.0,"enemies":"2 Orb Walkers","floor":36.0,"turns":6.0},{"damage":0.0,"enemies":"Orb Walker","floor":39.0,"turns":4.0},{"damage":3.0,"enemies":"3 Darklings","floor":40.0,"turns":4.0},{"damage":66.0,"enemies":"Nemesis","floor":41.0,"turns":7.0},{"damage":11.0,"enemies":"Jaw Worm Horde","floor":42.0,"turns":5.0},{"damage":6.0,"enemies":"Transient","floor":44.0,"turns":6.0},{"damage":51.0,"enemies":"Giant Head","floor":46.0,"turns":7.0},{"damage":8.0,"enemies":"3 Darklings","floor":48.0,"turns":4.0},{"damage":9,"enemies":"Time Eater","floor":50,"turns":8}],"seed_played":"-6752770384655486298","potions_obtained":[{"floor":1.0,"key":"EntropicBrew"},{"floor":5.0,"key":"EssenceOfSteel"},{"floor":11.0,"key":"Regen Potion"},{"floor":12.0,"key":"Swift Potion"},{"floor":18.0,"key":"SkillPotion"},{"floor":25.0,"key":"Strength Potion"},{"floor":31.0,"key":"ElixirPotion"},{"floor":35.0,"key":"Explosive Potion"},{"floor":39.0,"key":"Strength Potion"},{"floor":41.0,"key":"EssenceOfSteel"},{"floor":48.0,"key":"SteroidPotion"}],"is_trial":false,"path_per_floor":["M","$","?","?","M","E","R","M","T","R","E","M","E","M","R","B",null,"M","?","?","?","?","R","?","E","T","E","?","R","T","M","R","B",null,"M","?","?","$","M","M","E","M","T","M","?","E","$","M","R","B",null],"character_chosen":"IRONCLAD","items_purchased":["Singing Bowl","Lantern","Transmutation"],"campfire_rested":1,"item_purchase_floors":[2,47,47],"current_hp_per_floor":[67,67,67,67,61,46,46,52,52,52,36,36,22,28,28,13,59,39,39,39,54,33,56,35,59,59,83,77,77,77,83,83,81,86,89,58,58,73,91,93,51,58,58,99,99,85,100,105,105,105],"gold":40,"neow_bonus":"TWO_FIFTY_GOLD","is_daily":false,"chose_seed":false,"campfire_upgraded":6,"win_rate":0.0,"timestamp":1607819364,"path_taken":["M","$","?","?","M","E","R","M","T","R","E","M","E","M","R","BOSS","M","?","?","?","?","R","?","E","T","E","?","R","?","M","R","BOSS","M","?","?","$","M","M","E","M","T","M","?","E","$","M","R","BOSS"],"items_purchased_type":["Relic","Relic","Card"],"build_version":"2020-11-30","purchased_purges":3,"victory":true,"max_hp_per_floor":[68,68,68,68,70,72,72,72,72,72,72,74,74,74,74,74,74,74,74,74,74,79,79,79,81,81,83,83,83,83,85,85,87,87,89,91,91,91,91,93,95,97,97,99,99,101,101,105,105,105],"card_choices":[{"not_picked":["Perfected Strike","Twin Strike"],"picked":"Rampage","floor":1.0},{"not_picked":["Cleave","Heavy Blade","Searing Blow"],"picked":"Singing Bowl","floor":5.0},{"not_picked":["Perfected Strike","Armaments","Heavy Blade"],"picked":"Singing Bowl","floor":6.0},{"not_picked":["Anger","Metallicize"],"picked":"Disarm","floor":8.0},{"not_picked":["Pummel+1","Flex"],"picked":"Limit Break","floor":11.0},{"not_picked":["Iron Wave+1","Wild Strike+1","Sword Boomerang+1"],"picked":"Singing Bowl","floor":12.0},{"not_picked":["Rampage+1","Reckless Charge+1"],"picked":"Impervious","floor":13.0},{"not_picked":["Cleave+1","Sever Soul+1"],"picked":"Inflame","floor":14.0},{"not_picked":["Double Tap","Exhume"],"picked":"Reaper+1","floor":16.0},{"not_picked":["Hemokinesis+1","Anger+1"],"picked":"Bloodletting+1","floor":18.0},{"not_picked":["Cleave+1","Warcry","Corruption"],"picked":"Singing Bowl","floor":25.0},{"not_picked":["Second Wind","Shrug It Off","Warcry"],"picked":"Singing Bowl","floor":27.0},{"not_picked":["Uppercut+1","Spot Weakness+1","Second Wind"],"picked":"Singing Bowl","floor":31.0},{"not_picked":["Immolate+1","Bludgeon+1","Corruption"],"picked":"Singing Bowl","floor":33.0},{"not_picked":["Clash+1","Anger+1","Havoc"],"picked":"Singing Bowl","floor":35.0},{"not_picked":["Intimidate","Pommel Strike+1","Infernal Blade"],"picked":"Singing Bowl","floor":36.0},{"not_picked":["Clothesline+1","Sentinel"],"picked":"Pummel+1","floor":39.0},{"not_picked":["Perfected Strike+1","True Grit","Flame Barrier"],"picked":"Singing Bowl","floor":40.0},{"not_picked":["Burning Pact+1","Thunderclap+1","Power Through"],"picked":"Singing Bowl","floor":41.0},{"not_picked":["Shockwave+1","Combust","Whirlwind+1"],"picked":"Singing Bowl","floor":42.0},{"not_picked":["Feel No Pain","Combust","Disarm"],"picked":"Singing Bowl","floor":44.0},{"not_picked":["Intimidate","Anger+1","Bludgeon+1"],"picked":"Singing Bowl","floor":46.0},{"not_picked":["Body Slam+1","True Grit","Perfected Strike+1"],"picked":"Singing Bowl","floor":48.0},{"not_picked":["Wild Strike+1","Iron Wave+1","Twin Strike+1"],"picked":"Singing Bowl","floor":48.0}],"player_experience":118933,"relics_obtained":[{"floor":6.0,"key":"Ornamental Fan"},{"floor":9.0,"key":"Juzu Bracelet"},{"floor":11.0,"key":"Molten Egg 2"},{"floor":13.0,"key":"Unceasing Top"},{"floor":24.0,"key":"Enchiridion"},{"floor":25.0,"key":"MealTicket"},{"floor":26.0,"key":"War Paint"},{"floor":27.0,"key":"Blood Vial"},{"floor":30.0,"key":"Bag of Preparation"},{"floor":36.0,"key":"Du-Vu Doll"},{"floor":41.0,"key":"Shuriken"},{"floor":46.0,"key":"Prayer Wheel"}],"event_choices":[{"damage_healed":0.0,"max_hp_gain":0.0,"max_hp_loss":0.0,"gold_gain":0.0,"event_name":"Liars Game","player_choice":"Ignored","floor":3.0,"gold_loss":0.0,"damage_taken":0.0},{"damage_healed":0.0,"max_hp_gain":0.0,"max_hp_loss":0.0,"gold_gain":0.0,"cards_transformed":["Strike_R"],"event_name":"Transmorgrifier","player_choice":"Transformed","floor":4.0,"gold_loss":0.0,"damage_taken":0.0,"cards_obtained":["Whirlwind"]},{"damage_healed":0.0,"max_hp_gain":0.0,"max_hp_loss":0.0,"gold_gain":0.0,"event_name":"Back to Basics","player_choice":"Simplicity","floor":19.0,"gold_loss":0.0,"damage_taken":0.0,"cards_upgraded":["Strike_R","Defend_R","Defend_R","Defend_R","Defend_R"]},{"damage_healed":0.0,"max_hp_gain":0.0,"max_hp_loss":0.0,"gold_gain":0.0,"event_name":"Drug Dealer","player_choice":"Inject Mutagens","floor":20.0,"gold_loss":0.0,"damage_taken":0.0,"relics_obtained":["MutagenicStrength"]},{"damage_healed":15.0,"max_hp_gain":0.0,"max_hp_loss":0.0,"gold_gain":0.0,"event_name":"The Library","player_choice":"Heal","floor":21.0,"gold_loss":0.0,"damage_taken":0.0},{"damage_healed":0.0,"max_hp_gain":5.0,"max_hp_loss":0.0,"gold_gain":0.0,"event_name":"Forgotten Altar","player_choice":"Shed Blood","floor":22.0,"gold_loss":0.0,"damage_taken":26.0},{"damage_healed":0.0,"max_hp_gain":0.0,"max_hp_loss":0.0,"gold_gain":0.0,"event_name":"Cursed Tome","player_choice":"Obtained Book","floor":24.0,"gold_loss":0.0,"damage_taken":21.0},{"damage_healed":0.0,"max_hp_gain":0.0,"max_hp_loss":0.0,"gold_gain":0.0,"event_name":"Nest","player_choice":"Joined the Cult","floor":28.0,"gold_loss":0.0,"damage_taken":6.0,"cards_obtained":["RitualDagger"]},{"damage_healed":0.0,"max_hp_gain":0.0,"max_hp_loss":0.0,"gold_gain":0.0,"event_name":"Mysterious Sphere","player_choice":"Fight","floor":36.0,"gold_loss":0.0,"damage_taken":0.0},{"damage_healed":0.0,"max_hp_gain":0.0,"max_hp_loss":0.0,"gold_gain":0.0,"event_name":"Match and Keep!","player_choice":"0 cards matched","floor":37.0,"gold_loss":0.0,"damage_taken":0.0,"cards_obtained":[]},{"cards_removed":["Whirlwind"],"damage_healed":0.0,"max_hp_gain":0.0,"max_hp_loss":0.0,"gold_gain":0.0,"event_name":"Falling","player_choice":"Removed Attack","floor":45.0,"gold_loss":0.0,"damage_taken":0.0}],"is_beta":false,"boss_relics":[{"not_picked":["Ectoplasm","Tiny House"],"picked":"Astrolabe"},{"not_picked":["Mark of Pain","Black Blood"],"picked":"Cursed Key"}],"items_purged_floors":[2,38,47],"is_endless":false,"potions_floor_spawned":[1,5,11,12,18,25,31,35,36,39,41,48],"ascension_level":18}}