{"host":"a1bw7lw6d0kskskg","time":1607899302,"event":{"mods":["AchievementEnabler","BaseMod","Better Note","Better Skull","Block Reminder","Colored Map","Colored Powertips","Downfall","Koishi","Minty Spire (QoL Compilation)","Quick Restart","Rare Cards Sparkle","Relic Stats","StSLib","The IronCluck","Waifu the Spire","everything is the same but u backflip on backflip","slay the spire mod where everything is the same but ironclad has a cowboy hat"],"gold_per_floor":[113,38,56,72,247,247,273,223,299,299,318,318,42,83,83,206,206,226,241,241,241,270,299,299,314,337,367,167,177,196,196,196,292,292,307,326,337,337,43,43,63,94,94,25,39,39,53,53,53,53,53,53,6,33,33,33],"floor_reached":55,"playtime":2624,"items_purged":["Defend_R","Strike_R","Doubt","Defend_R"],"score":765,"play_id":"471aa507-7f9b-4e3b-9b50-1310a80b31e8","local_time":"20201213234142","is_ascension_mode":true,"campfire_choices":[{"data":"Fire Breathing","floor":6.0,"key":"SMITH"},{"data":"Ghostly Armor","floor":15.0,"key":"SMITH"},{"data":"True Grit","floor":24.0,"key":"SMITH"},{"floor":32.0,"key":"RECALL"},{"data":"Evolve","floor":40.0,"key":"SMITH"},{"data":"Evolve","floor":46,"key":"SMITH"},{"data":"Mayhem","floor":49,"key":"SMITH"},{"data":"Panacea","floor":52,"key":"SMITH"}],"circlet_count":0,"master_deck":["Defend_R","Bash","Ghostly Armor+1","Fire Breathing+1","Feel No Pain","Injury","Immolate","Shrug It Off","Metallicize","Bludgeon","True Grit+1","Thunderclap","Wild Strike","Inflame","Metallicize","Evolve+1","Ghostly Armor+1","Brutality","Cleave+1","Reckless Charge+1","Reaper+1","Metallicize+1","Mayhem+1","Panacea+1","Evolve+1","Reckless Charge","Fire Breathing+1","Shrug It Off","Fire Breathing+1"],"relics":["Burning Blood","Art of War","Self Forming Clay","Bloody Idol","Bottled Lightning","Mark of Pain","Red Mask","Oddly Smooth Stone","Lizard Tail","Astrolabe","OrangePellets","Strawberry","Pen Nib","Blue Candle"],"acts_visited":["Exordium","TheCity","TheBeyond","TheEnding"],"potions_floor_usage":[45,50],"damage_taken":[{"damage":8.0,"enemies":"Jaw Worm","floor":1.0,"turns":9.0},{"damage":0.0,"enemies":"Small Slimes","floor":3.0,"turns":4.0},{"damage":0.0,"enemies":"2 Louse","floor":4.0,"turns":2.0},{"damage":25.0,"enemies":"3 Sentries","floor":7.0,"turns":5.0},{"damage":5.0,"enemies":"Looter","floor":11.0,"turns":5.0},{"damage":3.0,"enemies":"Lagavulin","floor":14.0,"turns":7.0},{"damage":22.0,"enemies":"Slime Boss","floor":16.0,"turns":7.0},{"damage":4.0,"enemies":"Shell Parasite","floor":18.0,"turns":3.0},{"damage":12.0,"enemies":"3 Byrds","floor":19.0,"turns":4.0},{"damage":0.0,"enemies":"Masked Bandits","floor":22.0,"turns":2.0},{"damage":29.0,"enemies":"Book of Stabbing","floor":23.0,"turns":6.0},{"damage":17.0,"enemies":"Snake Plant","floor":25.0,"turns":4.0},{"damage":36.0,"enemies":"Slavers","floor":27.0,"turns":4.0},{"damage":15.0,"enemies":"Snecko","floor":29.0,"turns":5.0},{"damage":7.0,"enemies":"Chosen and Byrds","floor":30.0,"turns":5.0},{"damage":31.0,"enemies":"Automaton","floor":33.0,"turns":11.0},{"damage":0.0,"enemies":"3 Darklings","floor":35.0,"turns":2.0},{"damage":10.0,"enemies":"3 Shapes","floor":36.0,"turns":3.0},{"damage":18.0,"enemies":"3 Darklings","floor":37.0,"turns":4.0},{"damage":27.0,"enemies":"Sphere and 2 Shapes","floor":41.0,"turns":7.0},{"damage":49.0,"enemies":"Nemesis","floor":42.0,"turns":7.0},{"damage":112,"enemies":"Transient","floor":45,"turns":5},{"damage":0,"enemies":"3 Darklings","floor":47,"turns":1},{"damage":43,"enemies":"Time Eater","floor":50,"turns":12},{"damage":74,"enemies":"Shield and Spear","floor":54,"turns":6},{"damage":33,"enemies":"The Heart","floor":55,"turns":2}],"seed_played":"6831258599330654070","potions_obtained":[{"floor":4.0,"key":"Weak Potion"},{"floor":7.0,"key":"EntropicBrew"},{"floor":14.0,"key":"GamblersBrew"},{"floor":18.0,"key":"BloodPotion"},{"floor":19.0,"key":"DuplicationPotion"},{"floor":22.0,"key":"Regen Potion"},{"floor":30.0,"key":"LiquidMemories"},{"floor":31.0,"key":"GamblersBrew"},{"floor":33.0,"key":"EssenceOfSteel"},{"floor":36.0,"key":"Swift Potion"},{"floor":42.0,"key":"ElixirPotion"},{"floor":47,"key":"ColorlessPotion"}],"is_trial":false,"path_per_floor":["M","$","M","M","?","R","E","?","T","?","M","?","$","E","R","B",null,"M","M","?","?","?","E","R","M","T","E","$","M","M","?","R","B",null,"M","M","M","?","$","R","M","E","T","$","M","R","M","?","R","B",null,"R","$","E","B"],"character_chosen":"IRONCLAD","items_purchased":["Immolate","Shrug It Off","Metallicize","OrangePellets","Reckless Charge","Shrug It Off"],"campfire_rested":0,"item_purchase_floors":[13,13,28,39,44,53],"current_hp_per_floor":[78,78,80,80,80,80,61,61,61,54,55,55,55,58,58,42,80,80,74,74,74,80,62,62,56,61,36,36,32,52,52,52,32,80,80,80,80,75,75,75,66,40,40,40,17,17,28,76,76,49,76,76,76,28,0,0],"gold":33,"neow_bonus":"REMOVE_CARD","is_daily":false,"chose_seed":false,"campfire_upgraded":7,"win_rate":0.0,"timestamp":1607899302,"path_taken":["M","$","M","M","?","R","E","?","T","?","M","?","?","E","R","BOSS","M","M","?","?","?","E","R","M","T","E","$","M","M","?","R","BOSS","M","?","M","?","$","R","M","E","T","$","M","R","M","?","R","BOSS","R","$","E","BOSS"],"items_purchased_type":["Card","Card","Card","Relic","Card","Card"],"build_version":"2020-11-30","purchased_purges":4,"victory":false,"max_hp_per_floor":[80,80,80,80,80,80,80,80,80,80,80,80,80,80,80,80,80,80,80,80,80,80,80,80,80,80,80,80,80,80,80,80,80,80,80,80,80,80,80,80,80,87,87,87,87,87,87,76,76,76,76,76,76,76,76,76],"relic_stats":{"OrangePellets":[2],"Lizard Tail":43,"counters":[26,132],"Self Forming Clay":[249],"Bloody Idol":64,"Astrolabe":["Cleave","Reckless Charge","Reaper"],"Blue Candle":[0],"Pen Nib":[3],"Art of War":[19],"obtain_stats":[{"Self Forming Clay":9,"Golden Idol":12,"Astrolabe":34,"Blue Candle":54,"Oddly Smooth Stone":23,"Pen Nib":43,"Burning Blood":0,"OrangePellets":39,"Lizard Tail":27,"Bloody Idol":20,"Strawberry":42,"Mark of Pain":17,"Art of War":7,"Red Mask":22,"Bottled Lightning":14},{"Self Forming Clay":4,"Golden Idol":5,"Astrolabe":16,"Blue Candle":25,"Oddly Smooth Stone":11,"Pen Nib":21,"Burning Blood":0,"OrangePellets":19,"Lizard Tail":13,"Bloody Idol":9,"Strawberry":21,"Mark of Pain":7,"Art of War":4,"Red Mask":10,"Bottled Lightning":6},{"Self Forming Clay":20,"Golden Idol":25,"Astrolabe":83,"Blue Candle":130,"Oddly Smooth Stone":54,"Pen Nib":106,"Burning Blood":0,"OrangePellets":92,"Lizard Tail":62,"Bloody Idol":46,"Strawberry":106,"Mark of Pain":39,"Art of War":20,"Red Mask":48,"Bottled Lightning":32}],"Burning Blood":129},"card_choices":[{"not_picked":["Headbutt","Wild Strike"],"picked":"Ghostly Armor","floor":1.0},{"not_picked":["Twin Strike","Warcry"],"picked":"Clash","floor":3.0},{"not_picked":["Body Slam","Warcry"],"picked":"Fire Breathing","floor":4.0},{"not_picked":["Dual Wield","Disarm"],"picked":"Feel No Pain","floor":7.0},{"not_picked":["Heavy Blade","Second Wind","Armaments"],"picked":"SKIP","floor":11.0},{"not_picked":["Spot Weakness","Perfected Strike"],"picked":"Metallicize","floor":14.0},{"not_picked":["Limit Break","Demon Form"],"picked":"Bludgeon","floor":16.0},{"not_picked":["Armaments","Fire Breathing"],"picked":"True Grit","floor":18.0},{"not_picked":["Sword Boomerang","Armaments+1","Flame Barrier+1"],"picked":"SKIP","floor":19.0},{"not_picked":["Clash","Demon Form"],"picked":"Thunderclap","floor":22.0},{"not_picked":["Clothesline","Flame Barrier"],"picked":"Wild Strike","floor":23.0},{"not_picked":["Combust","Thunderclap","Seeing Red"],"picked":"SKIP","floor":25.0},{"not_picked":["Thunderclap","Flex+1"],"picked":"Inflame","floor":27.0},{"not_picked":["Inflame","Perfected Strike"],"picked":"Evolve","floor":29.0},{"not_picked":["Armaments","Anger"],"picked":"Ghostly Armor+1","floor":30.0},{"not_picked":["Immolate","Reaper"],"picked":"Brutality","floor":33.0},{"not_picked":["Clothesline","Disarm","Clash+1"],"picked":"SKIP","floor":35.0},{"not_picked":["Thunderclap+1","Iron Wave"],"picked":"Metallicize+1","floor":36.0},{"not_picked":["Warcry","Clothesline","Body Slam+1"],"picked":"SKIP","floor":37.0},{"not_picked":["expansioncontent:TimeRipple","expansioncontent:LastStand"],"picked":"Mayhem","floor":38.0},{"not_picked":["The Bomb","Master of Strategy"],"picked":"Panacea","floor":38.0},{"not_picked":["Cleave","Headbutt+1"],"picked":"Evolve","floor":41.0},{"not_picked":["Headbutt","Twin Strike+1","Warcry"],"picked":"SKIP","floor":42.0},{"not_picked":["Bloodletting","Uppercut+1","Body Slam"],"picked":"SKIP","floor":45},{"not_picked":["Perfected Strike+1","Cleave"],"picked":"Fire Breathing+1","floor":47},{"not_picked":["Thunderclap+1","Seeing Red+1"],"picked":"Fire Breathing+1","floor":54}],"player_experience":181827,"relics_obtained":[{"floor":7.0,"key":"Art of War"},{"floor":9.0,"key":"Self Forming Clay"},{"floor":14.0,"key":"Bottled Lightning"},{"floor":22.0,"key":"Red Mask"},{"floor":23.0,"key":"Oddly Smooth Stone"},{"floor":27.0,"key":"Lizard Tail"},{"floor":42.0,"key":"Strawberry"},{"floor":43.0,"key":"Pen Nib"},{"floor":54,"key":"Blue Candle"}],"event_choices":[{"damage_healed":0.0,"max_hp_gain":0.0,"max_hp_loss":0.0,"gold_gain":175.0,"event_name":"Liars Game","player_choice":"AGREE","floor":5.0,"gold_loss":0.0,"damage_taken":0.0,"cards_obtained":["Doubt"]},{"cards_removed":["Defend_R"],"damage_healed":0.0,"max_hp_gain":0.0,"max_hp_loss":0.0,"gold_gain":0.0,"event_name":"The Cleric","player_choice":"Card Removal","floor":8.0,"gold_loss":50.0,"damage_taken":0.0},{"cards_removed":["Strike_R"],"damage_healed":0.0,"max_hp_gain":0.0,"max_hp_loss":0.0,"gold_gain":0.0,"event_name":"Golden Wing","player_choice":"Card Removal","floor":10.0,"gold_loss":0.0,"damage_taken":7.0},{"damage_healed":0.0,"max_hp_gain":0.0,"max_hp_loss":0.0,"gold_gain":0.0,"event_name":"Golden Idol","player_choice":"Take Wound","floor":12.0,"gold_loss":0.0,"damage_taken":0.0,"relics_obtained":["Golden Idol"],"cards_obtained":["Injury"]},{"damage_healed":0.0,"max_hp_gain":0.0,"max_hp_loss":0.0,"gold_gain":0.0,"event_name":"Forgotten Altar","player_choice":"Gave Idol","floor":20.0,"relics_lost":["Golden Idol"],"gold_loss":0.0,"damage_taken":0.0,"relics_obtained":["Bloody Idol"]},{"damage_healed":0.0,"max_hp_gain":0.0,"max_hp_loss":0.0,"gold_gain":0.0,"event_name":"Masked Bandits","player_choice":"Fought Bandits","floor":22.0,"gold_loss":0.0,"damage_taken":0.0},{"damage_healed":0.0,"max_hp_gain":0.0,"max_hp_loss":0.0,"gold_gain":0.0,"event_name":"Lab","player_choice":"Got Potions","floor":31.0,"gold_loss":0.0,"damage_taken":0.0},{"damage_healed":0.0,"max_hp_gain":0.0,"max_hp_loss":0.0,"gold_gain":0.0,"event_name":"SensoryStone","player_choice":"Memory 2","floor":38.0,"gold_loss":0.0,"damage_taken":5.0},{"damage_healed":76,"gold_gain":0,"player_choice":"Heal","damage_taken":0,"max_hp_gain":0,"max_hp_loss":11,"event_name":"The Moai Head","floor":48,"gold_loss":0}],"is_beta":false,"boss_relics":[{"not_picked":["Cursed Key","Coffee Dripper"],"picked":"Mark of Pain"},{"not_picked":["Tiny House","Philosopher\u0027s Stone"],"picked":"Astrolabe"}],"items_purged_floors":[2,13,28,39],"is_endless":false,"potions_floor_spawned":[4,7,14,18,19,22,30,33,36,42,47],"killed_by":"The Heart","ascension_level":2}}