{"host":"csaqw07vjsqfysdp","time":1607880992,"event":{"mods":["AchievementEnabler","BaseMod","Colored Powertips","Googly Eyes","Minty Spire (QoL Compilation)","Permanent Neow","Quick Restart","StSLib","Unceasing Turn Reminder"],"gold_per_floor":[112,112,128,128,128,164,180,215,215,215,215],"floor_reached":10,"playtime":309,"items_purged":[],"score":91,"play_id":"491e6a12-043e-4901-b8c4-e6a2fef91f77","local_time":"20201213123632","is_ascension_mode":true,"campfire_choices":[],"circlet_count":0,"master_deck":["Strike_G","Strike_G","Strike_G","Strike_G","Defend_G","Defend_G","Defend_G","Defend_G","Defend_G","Survivor","Neutralize","Blade Dance","Dodge and Roll","Poisoned Stab","PiercingWail"],"relics":["Busted Crown","Centennial Puzzle","Golden Idol","Shuriken","Akabeko","Anchor"],"acts_visited":["Exordium"],"potions_floor_usage":[8,10],"damage_taken":[{"damage":0,"enemies":"2 Louse","floor":1,"turns":4},{"damage":0,"enemies":"Small Slimes","floor":3,"turns":3},{"damage":27,"enemies":"Gremlin Nob","floor":6,"turns":5},{"damage":0,"enemies":"Jaw Worm","floor":7,"turns":4},{"damage":9,"enemies":"3 Sentries","floor":8,"turns":10},{"damage":16,"enemies":"Lagavulin","floor":10,"turns":2}],"seed_played":"-6637976561613934456","potions_obtained":[{"floor":1,"key":"Dexterity Potion"},{"floor":7,"key":"SteroidPotion"}],"is_trial":false,"path_per_floor":["M","?","M","?","?","E","M","E","T","E"],"character_chosen":"THE_SILENT","items_purchased":[],"campfire_rested":0,"item_purchase_floors":[],"current_hp_per_floor":[70,45,45,45,38,11,11,2,2,0,0],"gold":215,"neow_bonus":"BOSS_RELIC","is_daily":false,"chose_seed":false,"campfire_upgraded":0,"win_rate":0.0,"timestamp":1607880992,"path_taken":["M","?","M","?","?","E","M","E","T","E"],"items_purchased_type":[],"build_version":"2020-11-30","purchased_purges":0,"victory":false,"max_hp_per_floor":[70,70,70,65,65,65,65,65,65,65,65],"card_choices":[{"not_picked":["Outmaneuver"],"picked":"SKIP","floor":1},{"not_picked":[],"picked":"Blade Dance","floor":3},{"not_picked":[],"picked":"Dodge and Roll","floor":6},{"not_picked":[],"picked":"Poisoned Stab","floor":7},{"not_picked":[],"picked":"PiercingWail","floor":8}],"player_experience":305130,"relics_obtained":[{"floor":6,"key":"Shuriken"},{"floor":8,"key":"Akabeko"},{"floor":9,"key":"Anchor"}],"event_choices":[{"damage_healed":0,"gold_gain":0,"player_choice":"Success","damage_taken":25,"relics_obtained":["Centennial Puzzle"],"max_hp_gain":0,"max_hp_loss":0,"event_name":"Scrap Ooze","floor":2,"gold_loss":0},{"damage_healed":0,"gold_gain":0,"player_choice":"Lose Max HP","damage_taken":0,"relics_obtained":["Golden Idol"],"max_hp_gain":0,"max_hp_loss":5,"event_name":"Golden Idol","floor":4,"gold_loss":0},{"cards_removed":["Strike_G"],"damage_healed":0,"gold_gain":0,"player_choice":"Card Removal","damage_taken":7,"max_hp_gain":0,"max_hp_loss":0,"event_name":"Golden Wing","floor":5,"gold_loss":0}],"is_beta":false,"boss_relics":[],"items_purged_floors":[],"is_endless":false,"potions_floor_spawned":[1,7],"killed_by":"Lagavulin","ascension_level":4}}