{"host":"Ruben","time":1607888624,"event":{"mods":["AchievementEnabler","Aspiration","Bard","BaseMod","Beaked The Cultist","Better Altar","Better Match","Better Note","Better Sensory Stone","Better Skull","Better Third Choice","BetterRewards","CCEM","Clawfect","Colored Map","Conspire","Downfall","GifTheSpireLib","Googly Eyes","Halation","Hermit","Highlight Path","Hubris","Hunter ??","Infinite Spire","Jedi Mod","Jorbs\u0027s Wanderer Trilogy","Mad Scientist","Marisa????????","Mimic Mod","Minty Spire (QoL Compilation)","Permanent Neow","Replay The Spire","Shade Mod","Shop Mod","Spicy Shops","StSLib","Stuff the Spire","The Administrix","The Blackbeard","The Bug Knight","The Construct","The Cursed","The Disciple","The Gatherer","The Hierophant","The IronCluck","The Jungle","The Mystic","The Necromancer","The Problem Sleuth","The Runesmith","The Servant 0.9.4","The Spell Scribe","The Witch","Unceasing Turn Reminder","[IsaacMod]????","everything is the same but u backflip on backflip","slay the spire mod where everything is the same but ironclad has a cowboy hat"],"gold_per_floor":[110,129,140,168,188,221,221,251,251,283,301,301,313,344,344,445,445,465,465,477,477,489,489,520,530,570,585,618,635,670,687,687,787,787,801,819,111,147,147,194,194,194,217,264,297,341,367,417,417,421],"floor_reached":51,"playtime":6294,"items_purged":[],"score":1359,"play_id":"e2e78dc7-1fd4-4040-8ca4-8a17d6c1c183","local_time":"20201213204344","is_ascension_mode":true,"campfire_choices":[{"floor":12,"key":"REST"},{"floor":15,"key":"REST"},{"data":"ShootTheMoon","floor":23,"key":"SMITH"},{"floor":32,"key":"REST"},{"data":"Armaments","floor":41,"key":"SMITH"},{"floor":49,"key":"REST"}],"circlet_count":0,"master_deck":["Strike_R","Strike_R+1","Strike_R","Strike_R+2","Strike_R","Bash","Dual Wield+1","Feed","Sentinel","Clash","infinitespire:OneForAll","Cleave","Flex","Offering","Whirlwind","Replay:Many Hands","StuffTheSpire:Slingshot","Double Tap","hubris:SharpeningStone","Flex","theJungle:Gourd","theJungle:Gourd","theJungle:Gourd","theJungle:Gourd","theJungle:Gourd","ShootTheMoon+1","SprinkleStarSeal+1","MysteriousBeam+1","SporeBomb+1","Dual Wield","Sword Boomerang","MilkyWay","StarlightTyphoon","UnstableBomb","Demonic Infusion","Armaments+1","IllusionStar","Acceleration","Metallicize+1","Armaments+1","Second Wind","Feed","Offering","Twin Strike+1","MysteriousBeam"],"relics":["Burning Blood","HushsDoor","MoneyPower","aspiration:HiddenCompartment","TungstenRod","StuffTheSpire:Mouthbags","aspiration:EmptySkull","AnarchistCookbook","aspiration:MarisaSkillbook","halation:PinkSoulGem","PillsDrop","hubris:MedicalManual","Mummified Hand","CCEMRelics:PorcelainBowl","construct:ClawGrip","CCEMRelics:MirrorShard","Replay:Bandana","Simple Rune","hubris:AstralHammer","CCEMRelics:TechnogenicHelmet","Potion Belt","YumHeart","hubris:DeckOfHolding"],"acts_visited":["Exordium","Exordium","TheBeyond"],"potions_floor_usage":[4,18,24,28,28,30,33,40,42,45,46],"damage_taken":[{"damage":4,"enemies":"2 Louse","floor":1,"turns":4},{"damage":3,"enemies":"Jaw Worm","floor":2,"turns":6},{"damage":4,"enemies":"Small Slimes","floor":3,"turns":4},{"damage":10,"enemies":"conspire:MimicChest","floor":4,"turns":5},{"damage":11,"enemies":"3 Louse","floor":5,"turns":4},{"damage":11,"enemies":"Gremlin Nob","floor":6,"turns":3},{"damage":14,"enemies":"3 Sentries","floor":8,"turns":6},{"damage":34,"enemies":"Lagavulin","floor":10,"turns":5},{"damage":9,"enemies":"Looter","floor":11,"turns":2},{"damage":0,"enemies":"Large Slime","floor":13,"turns":7},{"damage":25,"enemies":"Exordium Wildlife","floor":14,"turns":8},{"damage":5,"enemies":"Slime Boss","floor":16,"turns":4},{"damage":0,"enemies":"theJungle:GiantWrat","floor":18,"turns":2},{"damage":5,"enemies":"theJungle:MUSHROOMGANG","floor":20,"turns":3},{"damage":17,"enemies":"theJungle:Snecko_Cultist_And_Trap","floor":22,"turns":4},{"damage":0,"enemies":"theJungle:MamaSnecko","floor":24,"turns":4},{"damage":10,"enemies":"theJungle:SlimyTreeVines","floor":25,"turns":3},{"damage":9,"enemies":"theJungle:JungleHuntersEncounter","floor":26,"turns":7},{"damage":5,"enemies":"theJungle:JungleHuntersEncounter","floor":27,"turns":3},{"damage":35,"enemies":"theJungle:2_Phrogs","floor":28,"turns":4},{"damage":32,"enemies":"Snake Plant","floor":29,"turns":3},{"damage":0,"enemies":"theJungle:Cassacara","floor":30,"turns":2},{"damage":5,"enemies":"theJungle:Lyon","floor":31,"turns":1},{"damage":20,"enemies":"theJungle:FunGuy","floor":33,"turns":6},{"damage":1,"enemies":"Orb Walker","floor":35,"turns":2},{"damage":9,"enemies":"3 Shapes","floor":36,"turns":1},{"damage":30,"enemies":"Spire Growth","floor":38,"turns":3},{"damage":9,"enemies":"Nemesis","floor":40,"turns":3},{"damage":0,"enemies":"4 Shapes","floor":42,"turns":1},{"damage":20,"enemies":"3 Darklings","floor":44,"turns":3},{"damage":4,"enemies":"Sphere and 2 Shapes","floor":45,"turns":2},{"damage":49,"enemies":"Reptomancer","floor":46,"turns":5},{"damage":4,"enemies":"Maw","floor":47,"turns":5},{"damage":5,"enemies":"Giant Head","floor":48,"turns":4},{"damage":0,"enemies":"Donu and Deca","floor":50,"turns":1}],"seed_played":"9110659940065440824","potions_obtained":[{"floor":2,"key":"Weak Potion"},{"floor":4,"key":"AttackPotion"},{"floor":5,"key":"jedi:StrikingPotion"},{"floor":10,"key":"hexamod:EctoCoolerPotion"},{"floor":16,"key":"BlessingOfTheForge"},{"floor":18,"key":"Energy Potion"},{"floor":25,"key":"Adrenaline Potion"},{"floor":29,"key":"SmokeBomb"},{"floor":30,"key":"GamblersBrew"},{"floor":33,"key":"Adrenaline Potion"},{"floor":36,"key":"SteroidPotion"},{"floor":40,"key":"GamblersBrew"},{"floor":46,"key":"jedi:holywater"}],"is_trial":false,"path_per_floor":["M","M","M","?","M","E","?","E","T","E","M","R","M","MIM","R","B",null,"M","?","M","?","M","R","E","M","MIM","M","E","M","E","M","R","B",null,"M","M","$","M","?","E","R","M","T","M","M","E","M","E","R","B",null],"character_chosen":"IRONCLAD","items_purchased":["CCEMRelics:MirrorShard","Replay:Bandana","Simple Rune","hubris:AstralHammer","Acceleration"],"campfire_rested":4,"item_purchase_floors":[37,37,37,37,37],"current_hp_per_floor":[80,80,83,82,80,78,61,59,59,31,28,57,69,50,81,85,107,107,107,110,110,99,99,108,110,107,111,82,56,62,63,95,81,109,104,101,101,80,80,80,80,86,86,72,77,34,36,40,73,79],"gold":421,"neow_bonus":"","is_daily":false,"chose_seed":false,"campfire_upgraded":2,"win_rate":0.0,"timestamp":1607888624,"path_taken":["M","M","M","?","M","E","?","E","T","E","M","R","M","?","R","BOSS","M","?","M","?","M","R","E","M","MIM","M","E","?","E","M","R","BOSS","M","M","$","M","?","E","R","M","T","M","M","E","M","E","R","BOSS"],"items_purchased_type":["Relic","Relic","Relic","Relic","Card"],"build_version":"2020-12-07","purchased_purges":0,"victory":true,"max_hp_per_floor":[80,80,83,86,89,92,92,98,98,98,98,98,104,104,104,107,107,107,107,110,110,110,110,113,116,116,114,109,109,109,109,109,109,109,104,104,104,107,107,110,110,110,110,105,108,108,108,111,111,111],"card_choices":[{"not_picked":[],"picked":"Bomb","floor":0},{"not_picked":["jedi:hate","Iron Wave"],"picked":"Dual Wield","floor":1},{"not_picked":["Wild Strike","Twin Strike"],"picked":"Feed","floor":2},{"not_picked":["Havoc","StuffTheSpire:Pyroclast"],"picked":"Sentinel","floor":3},{"not_picked":["Bomb","StuffTheSpire:RockThrow"],"picked":"Cleave","floor":4},{"not_picked":["Bomb","Havoc"],"picked":"Clash","floor":5},{"not_picked":["Hemokinesis","Clash"],"picked":"infinitespire:OneForAll","floor":6},{"not_picked":["Clothesline","Sever Soul"],"picked":"Flex","floor":8},{"not_picked":["Massacre","Second Wind"],"picked":"Offering","floor":10},{"not_picked":["Bomb","True Grit"],"picked":"Whirlwind","floor":11},{"not_picked":["StuffTheSpire:Incineration","Body Slam"],"picked":"Replay:Many Hands","floor":13},{"not_picked":["StuffTheSpire:Pyroclast","ReplayTheSpireMod:LeadingStrike"],"picked":"StuffTheSpire:Slingshot","floor":14},{"not_picked":["Demonic Infusion","Brutality"],"picked":"Double Tap","floor":16},{"not_picked":["Havoc","Shrug It Off","Headbutt"],"picked":"hubris:SharpeningStone","floor":18},{"not_picked":["WitchOfGreed","ReplayTheSpireMod:Strike From Hell+1","GalacticHalo"],"picked":"Flex","floor":20},{"not_picked":["Havoc","Combust","Pommel Strike"],"picked":"ShootTheMoon","floor":22},{"not_picked":["Combust","Heavy Blade","Twin Strike"],"picked":"SprinkleStarSeal+1","floor":24},{"not_picked":["hubris:StunningStrike","Acceleration","StuffTheSpire:RockThrow"],"picked":"MysteriousBeam+1","floor":25},{"not_picked":["Wild Strike","StuffTheSpire:Incineration","OneTimeOff"],"picked":"SporeBomb+1","floor":26},{"not_picked":["True Grit","conspire:Purge","Rage"],"picked":"Dual Wield","floor":27},{"not_picked":["Combust","Uppercut","Thunderclap"],"picked":"Sword Boomerang","floor":28},{"not_picked":["ReplayTheSpireMod:LeadingStrike+1","FairyDestructionRay+1","GalacticHalo"],"picked":"MilkyWay","floor":29},{"not_picked":["Flex","True Grit","Acceleration+1"],"picked":"StarlightTyphoon","floor":30},{"not_picked":["CollectingQuirk","Havoc","AsteroidBelt"],"picked":"UnstableBomb","floor":31},{"not_picked":["conspire:Purge","Fiend Fire","MaximisePower"],"picked":"Demonic Infusion","floor":33},{"not_picked":["Clash","Evolve+1","Searing Blow"],"picked":"Armaments+1","floor":35},{"not_picked":["Headbutt+1","OpenUniverse+1","Defy Death+1"],"picked":"IllusionStar","floor":36},{"not_picked":["Wild Strike","Spot Weakness","ChargeUpSpray+1"],"picked":"Metallicize+1","floor":38},{"not_picked":["Cleave+1","DoubleSpark","DarkSpark"],"picked":"Armaments","floor":40},{"not_picked":["Intimidate","DragonMeteor+1","AsteroidBelt"],"picked":"Second Wind","floor":44},{"not_picked":["ReplayTheSpireMod:Strike From Hell+1","UnstableBomb","StuffTheSpire:RagingBull"],"picked":"Feed","floor":45},{"not_picked":["Shrug It Off","Clash+1","SporeBomb"],"picked":"Offering","floor":46},{"not_picked":["Replay:Undeath\u0027s Touch","Wild Strike+1","Headbutt"],"picked":"Twin Strike+1","floor":47},{"not_picked":["BigCrunch","Replay:Undeath\u0027s Touch+1","SporeBomb+1"],"picked":"MysteriousBeam","floor":48}],"player_experience":241657,"relics_obtained":[{"floor":4,"key":"aspiration:HiddenCompartment"},{"floor":6,"key":"TungstenRod"},{"floor":8,"key":"StuffTheSpire:Mouthbags"},{"floor":9,"key":"aspiration:EmptySkull"},{"floor":10,"key":"AnarchistCookbook"},{"floor":24,"key":"PillsDrop"},{"floor":26,"key":"hubris:MedicalManual"},{"floor":28,"key":"Mummified Hand"},{"floor":30,"key":"CCEMRelics:PorcelainBowl"},{"floor":40,"key":"CCEMRelics:TechnogenicHelmet"},{"floor":43,"key":"Potion Belt"},{"floor":46,"key":"YumHeart"},{"floor":48,"key":"hubris:DeckOfHolding"}],"event_choices":[{"damage_healed":78,"gold_gain":0,"player_choice":"Upgrade","damage_taken":18,"max_hp_gain":0,"max_hp_loss":92,"event_name":"betterThird:BetterShining","floor":7,"gold_loss":0,"cards_upgraded":["Strike_R","Dual Wield"]}],"is_beta":true,"boss_relics":[{"not_picked":["halation:ForbiddenBikini","Empty Cage"],"picked":"aspiration:MarisaSkillbook"},{"not_picked":[]},{"not_picked":["halation:PlatinumPhoenix","CCEMRelics:TransientCore"],"picked":"construct:ClawGrip"},{"not_picked":[]}],"items_purged_floors":[],"is_endless":false,"potions_floor_spawned":[2,4,5,10,11,16,18,25,29,30,33,36,40,42,46],"ascension_level":1}}