{"host":"7sqhl7p0q0irnjd4","time":1607891475,"event":{"mods":["AchievementEnabler","BaseMod","Bestiary","Colored Map","Colored Powertips","Filter the Spire","Minty Spire (QoL Compilation)","Relic Stats","everything is the same but u backflip on backflip","ojb\u0027s Info Mod"],"gold_per_floor":[117,71,21,31,44,44,44,59,59,59,85,97,97,43,43,140,140,157,157,171,4,16,43,56,56,82,95,95,114,114,145,145,249,249,264,282,282,1,14,14,28,38,38,56,70,70,70,83,83,83,83,83,3,32,32,32],"floor_reached":55,"playtime":4463,"items_purged":["Catalyst"],"score":812,"play_id":"fc742f75-85ae-4789-9524-48bb9d9fb21c","local_time":"20201213153115","is_ascension_mode":true,"campfire_choices":[{"data":"Blade Dance","floor":6.0,"key":"SMITH"},{"data":"Backflip","floor":13.0,"key":"SMITH"},{"data":"Cloak And Dagger","floor":15.0,"key":"SMITH"},{"data":"Wraith Form v2","floor":25.0,"key":"SMITH"},{"data":"Infinite Blades","floor":28.0,"key":"SMITH"},{"data":"Accuracy","floor":30.0,"key":"SMITH"},{"floor":32.0,"key":"REST"},{"data":"Blade Dance","floor":40,"key":"SMITH"},{"data":"Wraith Form v2","floor":46,"key":"SMITH"},{"floor":49,"key":"RECALL"},{"data":"Flechettes","floor":52,"key":"SMITH"}],"circlet_count":0,"master_deck":["Survivor","Neutralize","Backflip+1","Cloak And Dagger+1","Blade Dance+1","Dagger Spray","Venomology","Cloak And Dagger+1","Corpse Explosion","Malaise","Backflip","Wraith Form v2+1","Cloak And Dagger","Flechettes+1","Deadly Poison","Grand Finale","Acrobatics","Blade Dance+1","Infinite Blades+1","Accuracy+1","Leg Sweep","Prepared","Bullet Time+1","Infinite Blades","Tools of the Trade","Dodge and Roll+1","Finisher+1","Wraith Form v2+1","Choke+1","Blade Dance+1"],"relics":["WristBlade","Sundial","Shuriken","Thread and Needle","Pandora\u0027s Box","Membership Card","The Courier","Akabeko","Du-Vu Doll","Coffee Dripper","HornCleat","Nunchaku","Lantern","Gremlin Horn"],"acts_visited":["Exordium","TheCity","TheBeyond","TheEnding"],"potions_floor_usage":[36,36,39,42,44,45,48,48,50,54,55],"damage_taken":[{"damage":4.0,"enemies":"Cultist","floor":1.0,"turns":5.0},{"damage":4.0,"enemies":"2 Louse","floor":4.0,"turns":2.0},{"damage":0.0,"enemies":"Small Slimes","floor":5.0,"turns":3.0},{"damage":0.0,"enemies":"Red Slaver","floor":8.0,"turns":2.0},{"damage":7.0,"enemies":"3 Sentries","floor":11.0,"turns":3.0},{"damage":0.0,"enemies":"Looter","floor":12.0,"turns":2.0},{"damage":4.0,"enemies":"Hexaghost","floor":16.0,"turns":6.0},{"damage":0.0,"enemies":"Spheric Guardian","floor":18.0,"turns":2.0},{"damage":1.0,"enemies":"2 Thieves","floor":20.0,"turns":3.0},{"damage":12.0,"enemies":"Chosen and Byrds","floor":22.0,"turns":5.0},{"damage":14.0,"enemies":"Gremlin Leader","floor":23.0,"turns":4.0},{"damage":6.0,"enemies":"Snake Plant","floor":24.0,"turns":3.0},{"damage":0.0,"enemies":"Snecko","floor":27.0,"turns":2.0},{"damage":0.0,"enemies":"Sentry and Sphere","floor":29.0,"turns":3.0},{"damage":30.0,"enemies":"Slavers","floor":31.0,"turns":2.0},{"damage":0.0,"enemies":"Automaton","floor":33.0,"turns":6.0},{"damage":2.0,"enemies":"Orb Walker","floor":35.0,"turns":2.0},{"damage":3,"enemies":"3 Darklings","floor":36,"turns":4},{"damage":0,"enemies":"Maw","floor":39,"turns":5},{"damage":0,"enemies":"Sphere and 2 Shapes","floor":41,"turns":3},{"damage":4,"enemies":"4 Shapes","floor":42,"turns":2},{"damage":0,"enemies":"Writhing Mass","floor":44,"turns":4},{"damage":0,"enemies":"Spire Growth","floor":45,"turns":3},{"damage":6,"enemies":"Maw","floor":48,"turns":5},{"damage":5,"enemies":"Time Eater","floor":50,"turns":7},{"damage":0,"enemies":"Shield and Spear","floor":54,"turns":4},{"damage":126,"enemies":"The Heart","floor":55,"turns":8}],"seed_played":"-6143657583919546819","potions_obtained":[{"floor":4.0,"key":"Block Potion"},{"floor":8.0,"key":"LiquidMemories"},{"floor":11.0,"key":"Strength Potion"},{"floor":16.0,"key":"LiquidMemories"},{"floor":23.0,"key":"Swift Potion"},{"floor":24.0,"key":"LiquidBronze"},{"floor":39,"key":"Explosive Potion"},{"floor":41,"key":"FearPotion"},{"floor":42,"key":"Weak Potion"},{"floor":48,"key":"Fruit Juice"}],"is_trial":false,"path_per_floor":["M","$","?","M","M","R","?","M","T","?","E","M","R","$","R","B",null,"M","?","M","$","M","E","M","R","T","M","R","M","R","E","R","B",null,"M","M","?","$","M","R","M","M","T","M","M","R","?","M","R","B",null,"R","$","E","B"],"character_chosen":"THE_SILENT","items_purchased":["Cloak And Dagger","Cloak And Dagger","Membership Card","Blade Dance","HornCleat","Nunchaku","Infinite Blades","Tools of the Trade","Lantern","Fire Potion"],"campfire_rested":1,"item_purchase_floors":[2,14,21,21,38,38,38,38,53,53],"current_hp_per_floor":[66,66,66,62,62,62,62,62,62,62,55,55,55,55,55,51,70,70,70,69,69,57,43,37,37,37,37,37,37,37,7,28,28,70,68,65,65,65,65,65,65,61,61,61,61,61,61,60,60,55,75,75,75,75,0,0],"gold":32,"neow_bonus":"BOSS_RELIC","is_daily":false,"chose_seed":false,"campfire_upgraded":9,"win_rate":0.0,"timestamp":1607891475,"path_taken":["M","$","?","M","M","R","?","?","T","?","E","?","R","?","R","BOSS","M","?","M","$","?","E","M","R","T","M","R","M","R","E","R","BOSS","M","?","?","$","M","R","M","M","T","?","M","R","?","M","R","BOSS","R","$","E","BOSS"],"items_purchased_type":["Card","Card","Relic","Card","Relic","Relic","Card","Card","Relic","Potion"],"build_version":"2020-11-30","purchased_purges":1,"victory":false,"max_hp_per_floor":[70,70,70,70,70,70,70,70,70,70,70,70,70,70,70,70,70,70,70,70,70,70,70,70,70,70,70,70,70,70,70,70,70,70,70,70,70,70,70,70,70,70,70,70,70,70,70,75,75,75,75,75,75,75,75,75],"relic_stats":{"Nunchaku":[16],"Gremlin Horn":[0,0],"counters":[27,100],"Sundial":[6],"Shuriken":[85],"Pandora\u0027s Box":["Malaise","Flechettes","Backflip","Wraith Form v2","Cloak And Dagger","Flechettes","Deadly Poison","Catalyst","Grand Finale"],"obtain_stats":[{"Lantern":53,"Gremlin Horn":54,"Thread and Needle":11,"The Courier":23,"Akabeko":26,"Du-Vu Doll":31,"Nunchaku":38,"HornCleat":38,"WristBlade":0,"Sundial":7,"Shuriken":9,"Pandora\u0027s Box":17,"Coffee Dripper":34,"Membership Card":21,"Ring of the Snake":0},{"Lantern":25,"Gremlin Horn":26,"Thread and Needle":5,"The Courier":11,"Akabeko":12,"Du-Vu Doll":15,"Nunchaku":18,"HornCleat":18,"WristBlade":0,"Sundial":3,"Shuriken":4,"Pandora\u0027s Box":7,"Coffee Dripper":16,"Membership Card":9,"Ring of the Snake":0},{"Lantern":88,"Gremlin Horn":92,"Thread and Needle":15,"The Courier":37,"Akabeko":40,"Du-Vu Doll":47,"Nunchaku":59,"HornCleat":59,"WristBlade":0,"Sundial":10,"Shuriken":12,"Pandora\u0027s Box":23,"Coffee Dripper":53,"Membership Card":28,"Ring of the Snake":0}]},"card_choices":[{"not_picked":["Masterful Stab","Bane"],"picked":"Backflip","floor":1.0},{"not_picked":["Flying Knee","Reflex","Deflect"],"picked":"SKIP","floor":4.0},{"not_picked":["Backflip","Blur"],"picked":"Blade Dance","floor":5.0},{"not_picked":["Quick Slash","Outmaneuver"],"picked":"Dagger Spray","floor":8.0},{"not_picked":["Flechettes","Well Laid Plans"],"picked":"Venomology","floor":11.0},{"not_picked":["Deflect","Tactician","Deadly Poison"],"picked":"SKIP","floor":12.0},{"not_picked":["Malaise","Envenom"],"picked":"Corpse Explosion","floor":16.0},{"not_picked":["Caltrops","Outmaneuver"],"picked":"Acrobatics","floor":18.0},{"not_picked":["Bane","Reflex","Quick Slash"],"picked":"SKIP","floor":20.0},{"not_picked":["Quick Slash","Doppelganger"],"picked":"Infinite Blades","floor":22.0},{"not_picked":["Deflect","Bane"],"picked":"Accuracy","floor":23.0},{"not_picked":["Crippling Poison","Bane","Riddle With Holes+1"],"picked":"SKIP","floor":24.0},{"not_picked":["Bane+1","Poisoned Stab"],"picked":"Leg Sweep","floor":27.0},{"not_picked":["Underhanded Strike+1","Flying Knee","Setup"],"picked":"SKIP","floor":29.0},{"not_picked":["Quick Slash","Flechettes"],"picked":"Prepared","floor":31.0},{"not_picked":["Wraith Form v2","Grand Finale"],"picked":"Bullet Time","floor":33.0},{"not_picked":["Expertise+1","Dagger Throw+1","Masterful Stab"],"picked":"SKIP","floor":35.0},{"not_picked":["Dodge and Roll","Prepared","Outmaneuver+1"],"picked":"SKIP","floor":36},{"not_picked":["Accuracy","Catalyst+1"],"picked":"Dodge and Roll+1","floor":39},{"not_picked":["Quick Slash+1","Blade Dance+1"],"picked":"Finisher+1","floor":41},{"not_picked":["Blur+1","Flying Knee+1"],"picked":"Wraith Form v2","floor":42},{"not_picked":["Flying Knee","Quick Slash+1","Dodge and Roll+1"],"picked":"SKIP","floor":44},{"not_picked":["Deflect+1","Cloak And Dagger","Sucker Punch+1"],"picked":"SKIP","floor":45},{"not_picked":["Quick Slash+1","Eviscerate+1"],"picked":"Choke+1","floor":48},{"not_picked":["Quick Slash","Flechettes"],"picked":"Blade Dance+1","floor":54}],"player_experience":314698,"relics_obtained":[{"floor":7.0,"key":"Sundial"},{"floor":9.0,"key":"Shuriken"},{"floor":11.0,"key":"Thread and Needle"},{"floor":23.0,"key":"The Courier"},{"floor":26.0,"key":"Akabeko"},{"floor":31.0,"key":"Du-Vu Doll"},{"floor":54,"key":"Gremlin Horn"}],"event_choices":[{"cards_removed":["Strike_G"],"damage_healed":0.0,"max_hp_gain":0.0,"max_hp_loss":0.0,"gold_gain":0.0,"event_name":"The Cleric","player_choice":"Card Removal","floor":3.0,"gold_loss":50.0,"damage_taken":0.0},{"damage_healed":0.0,"max_hp_gain":0.0,"max_hp_loss":0.0,"gold_gain":0.0,"event_name":"Wheel of Change","player_choice":"Relic","floor":7.0,"gold_loss":0.0,"damage_taken":0.0},{"damage_healed":0.0,"max_hp_gain":0.0,"max_hp_loss":0.0,"gold_gain":0.0,"event_name":"Upgrade Shrine","player_choice":"Upgraded","floor":10.0,"gold_loss":0.0,"damage_taken":0.0,"cards_upgraded":["Cloak And Dagger"]},{"cards_removed":["Flechettes"],"damage_healed":0.0,"max_hp_gain":0.0,"max_hp_loss":0.0,"gold_gain":0.0,"event_name":"Purifier","player_choice":"Purged","floor":19.0,"gold_loss":0.0,"damage_taken":0.0},{"damage_healed":0,"gold_gain":0,"player_choice":"Forge","damage_taken":0,"max_hp_gain":0,"max_hp_loss":0,"event_name":"Accursed Blacksmith","floor":37,"gold_loss":0,"cards_upgraded":["Bullet Time"]},{"damage_healed":0,"gold_gain":0,"player_choice":"Ignored","damage_taken":0,"max_hp_gain":0,"max_hp_loss":0,"event_name":"Tomb of Lord Red Mask","floor":47,"gold_loss":0}],"is_beta":false,"boss_relics":[{"not_picked":["Astrolabe","Ectoplasm"],"picked":"Pandora\u0027s Box"},{"not_picked":["Velvet Choker","Empty Cage"],"picked":"Coffee Dripper"}],"items_purged_floors":[38],"is_endless":false,"potions_floor_spawned":[4,8,11,12,16,18,23,24,27,39,41,42,48],"killed_by":"The Heart","ascension_level":2}}