{"host":"wprg2kxo540uzszc","time":1607898016,"event":{"mods":["BaseMod","Bestiary","Better Third Choice","BetterRewards","CapriCore","Conspire","Custom Start","Emptier Cage","Energized Spire","Minty Spire (QoL Compilation)","Permanent Neow","Relic Stats","Shop Mod","Spicy Shops","StSLib","The Death Knight","Transform Curses","Uncapped"],"gold_per_floor":[111,129,141,112,127,127,141,176,176,176,186,186,211,240,240,345,345,358,370,370,5,105,132,31,62,85,97,109,109,34,34,34,136,136,152,15,28,28,28],"floor_reached":40,"playtime":2782,"items_purged":["conspire:NecroticWound","DeathKnight:RuneStrike+1"],"score":934,"play_id":"a358ad03-3550-4d9c-bb8c-674d34f86371","local_time":"20201213172016","is_ascension_mode":false,"campfire_choices":[{"floor":6,"key":"REST"},{"floor":10,"key":"REST"},{"data":"DeathKnight:Defile","floor":15,"key":"SMITH"},{"data":"DeathKnight:Contagion","floor":32,"key":"SMITH"}],"circlet_count":0,"master_deck":["DeathKnight:PathOfFrost+1","DeathKnight:PathOfFrost+1","DeathKnight:Defend_DeathKnight+1","DeathKnight:Defend_DeathKnight+1","DeathKnight:Defend_DeathKnight+1","DeathKnight:Defend_DeathKnight+1","DeathKnight:RuneTap+1","DeathKnight:IceboundArmor+1","DeathKnight:HowlingBlast+1","DeathKnight:FrosPresence+1","DeathKnight:Hysteria+1","DeathKnight:Hysteria+1","DeathKnight:Hysteria+1","DeathKnight:DeathAndDecay+1","DeathKnight:Razorice+1","DeathKnight:Defile+1","DeathKnight:UnholyPresence+1","DeathKnight:IceboundArmor+1","DeathKnight:PathOfFrost+1","DeathKnight:Razorice+1","DeathKnight:FoulBulwark+1","DeathKnight:Contagion+1","DeathKnight:BloodEchoes+1","DeathKnight:IceboundArmor+1"],"relics":["DeathKnight:BrokenRuneblade","Cursed Key","energizedSpire:MagnifyingGlass","Membership Card","The Courier","DeathKnight:TomeOfBloodSpecialization","DeathKnight:TomeOfFrostSpecialization","DeathKnight:TomeOfUnholySpecialization","betterThird:SlimedRelic","Juzu Bracelet","Bottled Lightning","Meat on the Bone","Ancient Tea Set","energizedSpire:OgreHead","Lantern","DollysMirror","MerchantsRug","MealTicket","Blood Vial","DeathKnight:LanathelsBloodyNail","conspire:DeflatedDodgeball","conspire:TopHat","Oddly Smooth Stone","energizedSpire:RedRose"],"acts_visited":["Exordium","TheCity","TheBeyond"],"potions_floor_usage":[],"damage_taken":[{"damage":0,"enemies":"Cultist","floor":1,"turns":6},{"damage":0,"enemies":"Jaw Worm","floor":2,"turns":5},{"damage":0,"enemies":"Small Slimes","floor":3,"turns":3},{"damage":18,"enemies":"Looter","floor":5,"turns":4},{"damage":0,"enemies":"Exordium Wildlife","floor":7,"turns":3},{"damage":0,"enemies":"Lagavulin","floor":8,"turns":6},{"damage":0,"enemies":"Red Slaver","floor":11,"turns":2},{"damage":0,"enemies":"Gremlin Nob","floor":13,"turns":4},{"damage":0,"enemies":"conspire:MimicChest","floor":14,"turns":6},{"damage":0,"enemies":"The Guardian","floor":16,"turns":4},{"damage":0,"enemies":"Chosen","floor":18,"turns":4},{"damage":0,"enemies":"Spheric Guardian","floor":19,"turns":5},{"damage":0,"enemies":"conspire:Head Lice","floor":23,"turns":6},{"damage":1,"enemies":"Slavers","floor":25,"turns":2},{"damage":3,"enemies":"Snecko","floor":27,"turns":5},{"damage":0,"enemies":"Centurion and Healer","floor":28,"turns":6},{"damage":0,"enemies":"conspire:MysteriousRune","floor":33,"turns":4},{"damage":0,"enemies":"3 Darklings","floor":35,"turns":2},{"damage":3,"enemies":"Orb Walker","floor":37,"turns":3},{"damage":5,"enemies":"conspire:OrnateMirror","floor":39,"turns":7}],"seed_played":"-4335546498133552494","potions_obtained":[{"floor":2,"key":"DistilledChaos"},{"floor":5,"key":"Block Potion"},{"floor":7,"key":"PowerPotion"},{"floor":33,"key":"Block Potion"}],"is_trial":true,"path_per_floor":["M","M","M","?","M","R","M","E","T","R","M","?","E","?","R","B",null,"M","M","?","$","?","E","$","E","T","M","M","?","?","?","R","B",null,"M","$","M","?","B",null],"character_chosen":"DEATH_KNIGHT","items_purchased":["DeathKnight:IceboundArmor+1","DeathKnight:PathOfFrost+1","Lantern","DollysMirror","MerchantsRug","MealTicket","Blood Vial","conspire:DeflatedDodgeball","DeathKnight:BloodEchoes+1"],"campfire_rested":2,"item_purchase_floors":[21,21,21,21,21,21,21,24,36],"current_hp_per_floor":[75,75,75,64,46,68,68,68,68,75,75,75,75,75,75,75,75,75,75,61,61,61,63,78,79,79,77,79,79,79,79,79,80,80,80,80,77,77,74],"gold":28,"neow_bonus":"","is_daily":false,"chose_seed":false,"campfire_upgraded":2,"win_rate":0.0,"timestamp":1607898016,"path_taken":["M","?","M","?","M","R","M","E","T","R","M","?","E","?","R","BOSS","M","M","?","$","?","E","$","E","T","M","M","?","?","?","R","BOSS","M","$","M","?","BOSS"],"items_purchased_type":["Card","Card","Relic","Relic","Relic","Relic","Relic","Relic","Card"],"build_version":"2020-11-30","purchased_purges":2,"victory":true,"max_hp_per_floor":[75,75,75,75,75,75,75,75,75,75,75,75,75,75,75,75,75,75,75,80,80,80,80,80,80,80,80,80,80,80,80,80,80,80,80,80,80,80,80],"relic_stats":{"Blood Vial":10,"counters":[20,87],"MealTicket":15,"Juzu Bracelet":1,"Cursed Key":2,"obtain_stats":[{"energizedSpire:RedRose":34,"MerchantsRug":21,"DeathKnight:LanathelsBloodyNail":23,"Lantern":21,"DeathKnight:TomeOfFrostSpecialization":0,"Oddly Smooth Stone":26,"The Courier":0,"Juzu Bracelet":8,"energizedSpire:OgreHead":17,"Cursed Key":0,"Ancient Tea Set":14,"conspire:TopHat":25,"Blood Vial":21,"DeathKnight:TomeOfUnholySpecialization":0,"DeathKnight:TomeOfBloodSpecialization":0,"DollysMirror":21,"betterThird:SlimedRelic":4,"MealTicket":21,"energizedSpire:MagnifyingGlass":0,"Membership Card":0,"Bottled Lightning":9,"conspire:DeflatedDodgeball":24,"DeathKnight:BrokenRuneblade":0,"Meat on the Bone":13},{"energizedSpire:RedRose":17,"MerchantsRug":12,"DeathKnight:LanathelsBloodyNail":13,"Lantern":12,"DeathKnight:TomeOfFrostSpecialization":0,"Oddly Smooth Stone":14,"The Courier":0,"Juzu Bracelet":6,"energizedSpire:OgreHead":10,"Cursed Key":0,"Ancient Tea Set":9,"conspire:TopHat":14,"Blood Vial":12,"DeathKnight:TomeOfUnholySpecialization":0,"DeathKnight:TomeOfBloodSpecialization":0,"DollysMirror":12,"betterThird:SlimedRelic":3,"MealTicket":12,"energizedSpire:MagnifyingGlass":0,"Membership Card":0,"Bottled Lightning":6,"conspire:DeflatedDodgeball":13,"DeathKnight:BrokenRuneblade":0,"Meat on the Bone":8},{"energizedSpire:RedRose":75,"MerchantsRug":52,"DeathKnight:LanathelsBloodyNail":58,"Lantern":52,"DeathKnight:TomeOfFrostSpecialization":0,"Oddly Smooth Stone":60,"The Courier":0,"Juzu Bracelet":27,"energizedSpire:OgreHead":43,"Cursed Key":0,"Ancient Tea Set":39,"conspire:TopHat":60,"Blood Vial":52,"DeathKnight:TomeOfUnholySpecialization":0,"DeathKnight:TomeOfBloodSpecialization":0,"DollysMirror":52,"betterThird:SlimedRelic":14,"MealTicket":52,"energizedSpire:MagnifyingGlass":0,"Membership Card":0,"Bottled Lightning":27,"conspire:DeflatedDodgeball":58,"DeathKnight:BrokenRuneblade":0,"Meat on the Bone":33}],"Meat on the Bone":0},"card_choices":[{"not_picked":["DeathKnight:IcyTouch+1","DeathKnight:DeathCoil+1","DeathKnight:BloodTap+1"],"picked":"SKIP","floor":1},{"not_picked":["DeathKnight:BoneSpear","DeathKnight:DeathCoil+1","DeathKnight:BladedArmor"],"picked":"SKIP","floor":2},{"not_picked":["DeathKnight:GargoyleSkin","DeathKnight:FesteringStrike+1","DeathKnight:DeathAndDecay+1"],"picked":"SKIP","floor":3},{"not_picked":["DeathKnight:RuneShock","DeathKnight:GargoyleSkin","DeathKnight:Obliterate+1"],"picked":"SKIP","floor":5},{"not_picked":["DeathKnight:PathOfFrost+1","DeathKnight:IcyTouch+1"],"picked":"DeathKnight:DeathAndDecay+1","floor":7},{"not_picked":["DeathKnight:BloodEchoes+1","DeathKnight:Pestilence+1"],"picked":"DeathKnight:Razorice+1","floor":8},{"not_picked":["DeathKnight:UnholyFrenzy+1","DeathKnight:RaiseAlly","DeathKnight:BludPresence"],"picked":"SKIP","floor":11},{"not_picked":["DeathKnight:HartStrike+1","DeathKnight:FesteringStrike+1"],"picked":"DeathKnight:Defile","floor":13},{"not_picked":["DeathKnight:IcyTouch+1","DeathKnight:Ossuary+1","DeathKnight:DeathCoil+1"],"picked":"SKIP","floor":18},{"not_picked":["DeathKnight:GargoyleSkin+1","DeathKnight:RaiseAlly"],"picked":"DeathKnight:UnholyPresence+1","floor":19},{"not_picked":["DeathKnight:IcyTouch+1","DeathKnight:BloodStrike+1"],"picked":"DeathKnight:FoulBulwark+1","floor":23},{"not_picked":["DeathKnight:ArmyOfTheDead","DeathKnight:DeathCoil+1","DeathKnight:ChainsOfIce+1"],"picked":"SKIP","floor":25},{"not_picked":["DeathKnight:Parry","DeathKnight:UnholyFrenzy+1","DeathKnight:Runeguard"],"picked":"SKIP","floor":27},{"not_picked":["DeathKnight:BladedArmor","DeathKnight:DreadStrike+1"],"picked":"DeathKnight:Contagion","floor":28},{"not_picked":["DeathKnight:BludPresence+1","DeathKnight:MutagenicPlague+1","DeathKnight:UnholyAssault+1"],"picked":"SKIP","floor":35},{"not_picked":["DeathKnight:UnholyAssault","DeathKnight:DreadStrike"],"picked":"DeathKnight:IceboundArmor+1","floor":37}],"player_experience":117929,"relics_obtained":[{"floor":8,"key":"Juzu Bracelet"},{"floor":9,"key":"Bottled Lightning"},{"floor":13,"key":"Meat on the Bone"},{"floor":14,"key":"Ancient Tea Set"},{"floor":23,"key":"DeathKnight:LanathelsBloodyNail"},{"floor":25,"key":"conspire:TopHat"},{"floor":26,"key":"Oddly Smooth Stone"}],"event_choices":[{"damage_healed":0,"gold_gain":0,"player_choice":"Slimed","damage_taken":11,"max_hp_gain":0,"max_hp_loss":0,"event_name":"betterThird:BetterGoop","floor":4,"gold_loss":29},{"damage_healed":0,"gold_gain":0,"player_choice":"Disagree","damage_taken":0,"max_hp_gain":0,"max_hp_loss":0,"event_name":"conspire:LoneGhost","floor":12,"gold_loss":0},{"damage_healed":0,"gold_gain":0,"player_choice":"Shed Blood","damage_taken":19,"max_hp_gain":5,"max_hp_loss":0,"event_name":"Forgotten Altar","floor":20,"gold_loss":0},{"damage_healed":0,"gold_gain":100,"player_choice":"Pray","damage_taken":0,"max_hp_gain":0,"max_hp_loss":0,"event_name":"Golden Shrine","floor":22,"gold_loss":0},{"damage_healed":0,"gold_gain":0,"player_choice":"Ignored","damage_taken":0,"max_hp_gain":0,"max_hp_loss":0,"event_name":"Cursed Tome","floor":29,"gold_loss":0},{"cards_removed":["conspire:NecroticWound"],"damage_healed":0,"gold_gain":0,"player_choice":"Gave Gold","damage_taken":0,"max_hp_gain":0,"max_hp_loss":0,"event_name":"Beggar","floor":30,"gold_loss":75},{"damage_healed":0,"gold_gain":0,"player_choice":"Ignored","damage_taken":0,"max_hp_gain":0,"max_hp_loss":0,"event_name":"The Mausoleum","floor":31,"gold_loss":0},{"damage_healed":0,"gold_gain":0,"player_choice":"Portal","damage_taken":0,"max_hp_gain":0,"max_hp_loss":0,"event_name":"betterThird:BetterPortal","floor":38,"gold_loss":0}],"is_beta":false,"boss_relics":[{"not_picked":["Fusion Hammer","energizedSpire:CursedPentagram"],"picked":"energizedSpire:OgreHead"},{"not_picked":["conspire:RunicOctahedron","conspire:SeveredTorchhead"],"picked":"energizedSpire:RedRose"}],"items_purged_floors":[21,36],"is_endless":false,"potions_floor_spawned":[2,5,7,11,16,19,33,35],"ascension_level":0}}