{"host":"95780gohsonvnbsu","time":1607890691,"event":{"mods":["Aspiration","BaseMod","Better Match","Better Note","Better Sensory Stone","Colored Map","Conspire","Downfall","Hubris","Infinite Spire","Minty Spire (QoL Compilation)","StSLib","slay the spire mod where everything is the same but ironclad has a cowboy hat"],"gold_per_floor":[115,115,135,135,135,174,174,188,211,211,242,255,268,19,19,147,147,160,183,183,201,221,221,264,284,284,284,303,317,348,348,348,472,472,491,491,491,491,510,510,531,549,549,572,587,31,49,85,85,85,85,85,33,66,66],"floor_reached":56,"playtime":2566,"items_purged":["Decay","Strike_R","Strike_R"],"score":1233,"play_id":"b17ea4f9-3f2a-4067-9f0e-c29053601e10","local_time":"20201213151811","is_ascension_mode":false,"campfire_choices":[{"floor":7,"key":"REST"},{"data":"Inflame","floor":10,"key":"SMITH"},{"data":"Inflame","floor":15,"key":"SMITH"},{"data":"Heavy Blade","floor":23,"key":"SMITH"},{"data":"Heavy Blade","floor":27,"key":"SMITH"},{"floor":32,"key":"REST"},{"floor":40,"key":"RECALL"},{"floor":49,"key":"REST"},{"data":"Pummel","floor":52,"key":"SMITH"}],"circlet_count":0,"master_deck":["Strike_R","Strike_R","Strike_R","Defend_R","Defend_R","Defend_R","Defend_R","Bash","Inflame+1","Sword Boomerang","Heavy Blade+1","Twin Strike","Heavy Blade+1","Inflame+1","Limit Break+1","Shrug It Off","Pummel+1","Sword Boomerang+1","Iron Wave+1","Battle Trance+1"],"relics":["Burning Blood","aspiration:ChemicalBlood","Golden Idol","infinitespire:Eraser","Potion Belt","Toy Ornithopter","hubris:RunicObelisk","Nunchaku","hubris:CuriousFeather","Anchor","hubris:Backtick","hubris:GlazedTorus","Cauldron","Orichalcum","Dream Catcher","aspiration:Nostalgia","Guardian:ModeShifter","hubris:64BitClover","hubris:TenFootPole"],"acts_visited":["Exordium","TheCity","TheBeyond","TheEnding"],"potions_floor_usage":[6,6,11,12,14,16,16,16,19,19,22,24,24,28,29,29,30,30,30,30,35,44,45,47,48,48,48,50,50,54,55,55,55,55,55,55],"damage_taken":[{"damage":1,"enemies":"Jaw Worm","floor":1,"turns":6},{"damage":0,"enemies":"conspire:RoseBush","floor":3,"turns":3},{"damage":39,"enemies":"3 Sentries","floor":6,"turns":9},{"damage":1,"enemies":"Cultist","floor":8,"turns":3},{"damage":16,"enemies":"Gremlin Nob","floor":11,"turns":3},{"damage":12,"enemies":"Exordium Wildlife","floor":12,"turns":5},{"damage":12,"enemies":"Looter","floor":13,"turns":3},{"damage":41,"enemies":"Hexaghost","floor":16,"turns":8},{"damage":12,"enemies":"Shell Parasite","floor":18,"turns":4},{"damage":25,"enemies":"2 Thieves","floor":19,"turns":3},{"damage":3,"enemies":"Cultist and Chosen","floor":21,"turns":5},{"damage":18,"enemies":"conspire:HollyBat","floor":22,"turns":5},{"damage":5,"enemies":"conspire:Head Lice","floor":24,"turns":6},{"damage":31,"enemies":"Centurion and Healer","floor":25,"turns":4},{"damage":3,"enemies":"Snecko","floor":28,"turns":3},{"damage":28,"enemies":"conspire:HollyBat","floor":29,"turns":5},{"damage":28,"enemies":"Book of Stabbing","floor":30,"turns":4},{"damage":25,"enemies":"Champ","floor":33,"turns":4},{"damage":12,"enemies":"3 Darklings","floor":35,"turns":3},{"damage":3,"enemies":"3 Shapes","floor":39,"turns":3},{"damage":21,"enemies":"Sphere and 2 Shapes","floor":41,"turns":4},{"damage":30,"enemies":"4 Shapes","floor":42,"turns":5},{"damage":11,"enemies":"3 Darklings","floor":44,"turns":3},{"damage":16,"enemies":"Sphere and 2 Shapes","floor":45,"turns":4},{"damage":0,"enemies":"Transient","floor":47,"turns":5},{"damage":28,"enemies":"Reptomancer","floor":48,"turns":4},{"damage":58,"enemies":"infinitespire:MassOfShapes","floor":50,"turns":10},{"damage":38,"enemies":"Shield and Spear","floor":54,"turns":5},{"damage":125,"enemies":"The Heart","floor":55,"turns":8}],"seed_played":"-3109458371288538811","potions_obtained":[{"floor":6,"key":"LiquidBronze"},{"floor":8,"key":"Strength Potion"},{"floor":11,"key":"Fire Potion"},{"floor":21,"key":"BlessingOfTheForge"},{"floor":22,"key":"Slimebound:ThreeZeroPotion"},{"floor":25,"key":"sneckomod:MuddlingPotion"},{"floor":36,"key":"FairyPotion"},{"floor":36,"key":"Explosive Potion"},{"floor":36,"key":"hexamod:EctoCoolerPotion"}],"is_trial":false,"path_per_floor":["M","?","M","?","?","E","R","M","T","R","E","M","M","$","R","B",null,"M","M","?","M","M","R","E","M","T","R","M","M","E","?","R","B",null,"M","AVR","?","?","M","R","M","M","T","M","M","$","M","E","R","B",null,"R","$","E","B",null],"character_chosen":"IRONCLAD","items_purchased":["Inflame","Fruit Juice","Orichalcum","Dream Catcher","aspiration:Nostalgia","PowerPotion"],"campfire_rested":3,"item_purchase_floors":[14,14,46,46,46,53],"current_hp_per_floor":[80,80,80,60,60,27,51,56,56,56,46,45,39,49,49,29,85,79,70,70,73,66,66,77,52,52,52,60,48,46,46,71,52,85,79,79,79,79,82,82,67,43,43,43,38,38,49,47,74,32,90,90,90,58,20],"gold":66,"neow_bonus":"RANDOM_COMMON_RELIC","is_daily":false,"chose_seed":false,"campfire_upgraded":5,"win_rate":0.0,"timestamp":1607890691,"path_taken":["M","?","M","?","?","E","R","M","T","R","E","?","M","$","R","BOSS","M","M","?","M","M","R","E","M","T","R","M","?","E","?","R","BOSS","M","AVR","?","?","M","R","M","?","T","M","M","$","M","E","R","BOSS","R","$","E","BOSS"],"items_purchased_type":["Card","Potion","Relic","Relic","Relic","Potion"],"build_version":"2020-11-30","purchased_purges":3,"victory":true,"max_hp_per_floor":[80,80,80,80,80,80,80,80,80,80,80,80,80,85,85,85,85,85,85,85,85,85,85,85,85,85,85,85,85,85,85,85,85,85,85,85,85,85,85,85,85,85,85,85,85,85,85,90,90,90,90,90,90,90,90],"card_choices":[{"not_picked":["Spot Weakness","Intimidate"],"picked":"Inflame","floor":1},{"not_picked":["Shrug It Off","Dropkick"],"picked":"Sword Boomerang","floor":3},{"not_picked":["conspire:ExplosiveBarrier","Dual Wield","Pommel Strike"],"picked":"SKIP","floor":6},{"not_picked":["Reckless Charge","Flex"],"picked":"Heavy Blade","floor":8},{"not_picked":["Wild Strike","Clothesline","Flex"],"picked":"SKIP","floor":11},{"not_picked":["Double Tap","Power Through"],"picked":"Twin Strike","floor":12},{"not_picked":["Body Slam","hubris:ReadiedAction"],"picked":"Heavy Blade","floor":13},{"not_picked":["Demon Form","Juggernaut"],"picked":"Limit Break","floor":16},{"not_picked":["Intimidate+1","Warcry"],"picked":"Shrug It Off","floor":18},{"not_picked":["Clash","Anger","hubris:CleavingFinish"],"picked":"SKIP","floor":19},{"not_picked":["Clash+1","Havoc","Flex"],"picked":"SKIP","floor":21},{"not_picked":["Metallicize","Headbutt","Dark Embrace+1"],"picked":"SKIP","floor":22},{"not_picked":["Headbutt","Havoc","hubris:StunningStrike"],"picked":"SKIP","floor":24},{"not_picked":["Intimidate","Dark Embrace+1","Cleave"],"picked":"SKIP","floor":25},{"not_picked":["Iron Wave","Bloodletting"],"picked":"Pummel","floor":28},{"not_picked":["Dark Embrace+1","Rage","Rampage"],"picked":"SKIP","floor":29},{"not_picked":["conspire:Purge","Flex"],"picked":"Sword Boomerang+1","floor":30},{"not_picked":["Pommel Strike+1","Iron Wave+1","Heavy Blade+1"],"picked":"SKIP","floor":35},{"not_picked":["Pommel Strike+1","Heavy Blade+1"],"picked":"Iron Wave+1","floor":35},{"not_picked":["Sentinel+1","Twin Strike","Clash"],"picked":"SKIP","floor":39},{"not_picked":["Flex","Dual Wield","Headbutt+1"],"picked":"SKIP","floor":41},{"not_picked":["Uppercut+1","Shockwave+1","Twin Strike+1"],"picked":"SKIP","floor":42},{"not_picked":["Clash","Hemokinesis","hubris:ReadiedAction+1"],"picked":"SKIP","floor":44},{"not_picked":["Perfected Strike+1","Rupture"],"picked":"Battle Trance+1","floor":45},{"not_picked":["Wild Strike+1","Pommel Strike+1","Warcry"],"picked":"SKIP","floor":47},{"not_picked":["Corruption","Searing Blow+1","Pommel Strike"],"picked":"SKIP","floor":48},{"not_picked":["Warcry+1","Bloodletting","Burning Pact+1"],"picked":"SKIP","floor":54}],"player_experience":317793,"relics_obtained":[{"floor":6,"key":"infinitespire:Eraser"},{"floor":9,"key":"Potion Belt"},{"floor":11,"key":"Toy Ornithopter"},{"floor":24,"key":"Nunchaku"},{"floor":26,"key":"hubris:CuriousFeather"},{"floor":30,"key":"Anchor"},{"floor":48,"key":"hubris:64BitClover"},{"floor":54,"key":"hubris:TenFootPole"}],"event_choices":[{"damage_healed":0,"gold_gain":0,"player_choice":"Take Damage","damage_taken":20,"relics_obtained":["Golden Idol"],"max_hp_gain":0,"max_hp_loss":0,"event_name":"Golden Idol","floor":4,"gold_loss":0},{"damage_healed":0,"gold_gain":0,"player_choice":"Cursed","damage_taken":0,"max_hp_gain":0,"max_hp_loss":0,"event_name":"Wheel of Change","floor":5,"gold_loss":0,"cards_obtained":["Decay"]},{"damage_healed":0,"gold_gain":0,"player_choice":"Forge","damage_taken":0,"max_hp_gain":0,"max_hp_loss":0,"event_name":"Accursed Blacksmith","floor":20,"gold_loss":0,"cards_upgraded":["Limit Break"]},{"damage_healed":0,"gold_gain":0,"player_choice":"Ignored","damage_taken":0,"max_hp_gain":0,"max_hp_loss":0,"event_name":"betterNote:BetterNote","floor":31,"gold_loss":0,"cards_obtained":["Envenom"]},{"damage_healed":0,"gold_gain":0,"player_choice":"Leave","damage_taken":0,"max_hp_gain":0,"max_hp_loss":0,"event_name":"conspire:Investor","floor":37,"gold_loss":0},{"damage_healed":0,"gold_gain":0,"player_choice":"Got Potions","damage_taken":0,"max_hp_gain":0,"max_hp_loss":0,"event_name":"Lab","floor":38,"gold_loss":0}],"is_beta":false,"boss_relics":[{"not_picked":["conspire:SeveredTorchhead","Mark of Pain"],"picked":"hubris:RunicObelisk"},{"not_picked":["hubris:BlackHole","Runic Pyramid"],"picked":"hubris:Backtick"}],"items_purged_floors":[14,36,46],"is_endless":false,"potions_floor_spawned":[6,8,11,21,22,25,39,41,42,44],"ascension_level":0}}