{"host":"oi1nj6gqzrtwlr6p","time":1607843576,"event":{"mods":["2.2 Compatiblity","BaseMod","Better Match","Better Note","Block Reminder","Colored Powertips","DeckTracker","Downfall","Energized Spire","Koishi","Marisa????????","Minty Spire (QoL Compilation)","Rare Cards Sparkle","Reimu??????","StSLib","Td1madao Mod","The Administrix","The Senshi","The Servant 0.9.4","The Vixen","The Wild Card"],"gold_per_floor":[112,112,126,144,144,144,169,188,188,201,301,318,329,349,349,451,451,463,480,480,322,337,337,337,337,337,337,369,569,529,546,546,646,646,662,662,662,139,156,156,171,188,188,11,29,29,29,29,29,29],"floor_reached":51,"playtime":4881,"items_purged":["Guardian:Aged"],"score":619,"play_id":"c2a03e9b-8659-40ac-82c6-4a90c3747559","local_time":"20201213011256","is_ascension_mode":false,"campfire_choices":[{"data":"Guardian:CurlUp","floor":6,"key":"SMITH"},{"floor":15,"key":"REST"},{"data":"Guardian:Emergency","floor":23,"key":"SMITH"},{"data":"Guardian:SentryBeam","floor":25,"key":"SMITH"},{"floor":32,"key":"REST"},{"data":"Guardian:FierceBash","floor":46,"key":"SMITH"},{"data":"Guardian:EvasiveProtocol","floor":49,"key":"SMITH"}],"circlet_count":0,"master_deck":["Guardian:Strike_Guardian","Guardian:Strike_Guardian","Guardian:Strike_Guardian","Guardian:Strike_Guardian","Guardian:Defend_Guardian","Guardian:Defend_Guardian","Guardian:Defend_Guardian","Guardian:Defend_Guardian","Guardian:CurlUp+1","Guardian:TwinSlam","Guardian:ShieldCharger","Guardian:ChargeCore","Guardian:TemporalStrike","Guardian:FierceBash+1","Guardian:Planning","Guardian:Emergency+1","Guardian:Clone","Guardian:EvasiveProtocol+1","Guardian:SentryBeam+1","Guardian:StasisStrike","Guardian:ShieldCharger","Guardian:BronzeOrb","Guardian:PiercingHide","Guardian:Planning","Guardian:Planning","Guardian:StasisStrike","Guardian:DecasProtection+1","Guardian:TemporalStrike+1","Guardian:Gem_Cyan","Guardian:DecasProtection+1","Guardian:GuardianWhirl","Parasite","Madness","Madness"],"relics":["Guardian:ModeShifter","Ornamental Fan","Matryoshka","Busted Crown","Guardian:PickAxe","Ice Cream","Calipers","ZunR:ReiMu","RedLine:ReiMu","Guardian:StasisEgg","Bottled Tornado","Mastiff:ReiMu","Eternal Feather","Gremlin Horn","Blood Vial"],"acts_visited":["Exordium","TheCity","TheBeyond"],"potions_floor_usage":[7,7,33,33,33,50],"damage_taken":[{"damage":0,"enemies":"Small Slimes","floor":1,"turns":5},{"damage":0,"enemies":"Jaw Worm","floor":3,"turns":4},{"damage":6,"enemies":"Cultist","floor":4,"turns":4},{"damage":28,"enemies":"3 Sentries","floor":7,"turns":8},{"damage":0,"enemies":"Large Slime","floor":8,"turns":5},{"damage":9,"enemies":"2 Fungi Beasts","floor":10,"turns":3},{"damage":10,"enemies":"Exordium Thugs","floor":12,"turns":5},{"damage":8,"enemies":"3 Louse","floor":13,"turns":3},{"damage":10,"enemies":"Looter","floor":14,"turns":4},{"damage":10,"enemies":"Hexaghost","floor":16,"turns":10},{"damage":23,"enemies":"Chosen","floor":18,"turns":7},{"damage":4,"enemies":"3 Byrds","floor":19,"turns":5},{"damage":13,"enemies":"Sentry and Sphere","floor":22,"turns":8},{"damage":4,"enemies":"Book of Stabbing","floor":28,"turns":7},{"damage":10,"enemies":"3 Cultists","floor":31,"turns":6},{"damage":51,"enemies":"Collector","floor":33,"turns":10},{"damage":13,"enemies":"3 Darklings","floor":35,"turns":6},{"damage":7,"enemies":"Orb Walker","floor":39,"turns":3},{"damage":5,"enemies":"Spire Growth","floor":41,"turns":5},{"damage":21,"enemies":"Jaw Worm Horde","floor":42,"turns":5},{"damage":5,"enemies":"Writhing Mass","floor":45,"turns":6},{"damage":47,"enemies":"Time Eater","floor":50,"turns":13}],"seed_played":"-8431392811493171766","potions_obtained":[{"floor":1,"key":"Swift Potion"},{"floor":3,"key":"LiquidBronze"},{"floor":12,"key":"Ancient Potion"},{"floor":13,"key":"Swift Potion"},{"floor":16,"key":"Ancient Potion"},{"floor":22,"key":"Weak Potion"},{"floor":24,"key":"Regen Potion"},{"floor":24,"key":"LiquidMemories"},{"floor":28,"key":"DistilledChaos"},{"floor":42,"key":"SkillPotion"}],"is_trial":false,"path_per_floor":["M","?","M","M","?","R","E","M","T","M","?","M","M","M","R","B",null,"M","M","?","$","M","R","?","R","T","R","E","?","?","M","R","B",null,"M","?","?","$","M","R","M","M","T","$","M","R","?","$","R","B",null],"character_chosen":"GUARDIAN","items_purchased":["Guardian:Gem_Cyan","Guardian:BronzeOrb","Guardian:PiercingHide","Guardian:Gem_Cyan","Bottled Tornado","Mastiff:ReiMu","Blood Vial","Guardian:Gem_Green"],"campfire_rested":2,"item_purchase_floors":[21,21,21,38,38,38,44,44],"current_hp_per_floor":[80,80,80,74,74,74,46,46,46,37,37,27,19,9,33,23,80,57,53,53,53,40,40,40,40,40,40,36,36,36,26,50,14,80,67,67,67,67,60,60,55,34,34,34,31,52,42,42,63,18],"gold":29,"neow_bonus":"THREE_CARDS","is_daily":false,"chose_seed":false,"campfire_upgraded":5,"win_rate":0.0,"timestamp":1607843576,"path_taken":["M","?","M","M","?","R","E","M","T","M","?","M","?","M","R","BOSS","M","M","?","?","M","R","?","R","T","R","E","?","?","?","R","BOSS","M","?","?","$","M","R","M","M","T","$","M","R","?","?","R","BOSS"],"items_purchased_type":["Card","Card","Card","Card","Relic","Relic","Relic","Card"],"build_version":"2020-11-30","purchased_purges":1,"victory":true,"max_hp_per_floor":[80,80,80,80,80,80,80,80,80,80,80,80,80,80,80,80,80,80,80,80,80,80,80,80,80,80,80,80,80,80,80,80,80,80,80,80,80,80,80,80,80,80,80,80,80,80,80,80,80,80],"card_choices":[{"not_picked":["Guardian:Reroute","Guardian:Gem_Red"],"picked":"Guardian:ShieldCharger","floor":0},{"not_picked":["Guardian:WalkerClaw","Guardian:TimeCapacitor"],"picked":"Guardian:Gem_Crimson","floor":1},{"not_picked":["Guardian:Gem_Red","Guardian:PrimingBeam"],"picked":"Guardian:ChargeCore","floor":3},{"not_picked":["Guardian:RollAttack","Guardian:CrystalBeam"],"picked":"Guardian:TemporalStrike","floor":4},{"not_picked":["Guardian:PiercingHide","Guardian:VentSteam"],"picked":"Guardian:FierceBash","floor":7},{"not_picked":["Guardian:TemporalShield","Guardian:FloatingOrbs"],"picked":"Guardian:Planning","floor":8},{"not_picked":["Guardian:FuturePlans","Guardian:Gem_Cyan"],"picked":"Guardian:Emergency","floor":10},{"not_picked":["Guardian:GuardianWhirl","Guardian:ChargeCore"],"picked":"Guardian:Clone","floor":12},{"not_picked":["Guardian:TemporalStrike","Guardian:CrystalBeam"],"picked":"Guardian:EvasiveProtocol","floor":13},{"not_picked":["Guardian:Clone","Guardian:TimeBomb"],"picked":"Guardian:SentryBeam","floor":14},{"not_picked":["Guardian:BaubleBeam","Guardian:HyperBeam_Guardian"],"picked":"Guardian:StasisStrike","floor":16},{"not_picked":["Guardian:EvasiveProtocol"],"picked":"SKIP","floor":18},{"not_picked":[],"picked":"Guardian:ShieldCharger","floor":19},{"not_picked":[],"picked":"Guardian:Planning","floor":22},{"not_picked":[],"picked":"Guardian:Planning","floor":28},{"not_picked":[],"picked":"Guardian:Gem_Red","floor":31},{"not_picked":[],"picked":"Guardian:StasisStrike","floor":33},{"not_picked":[],"picked":"Guardian:DecasProtection+1","floor":35},{"not_picked":[],"picked":"Guardian:TemporalStrike+1","floor":39},{"not_picked":[],"picked":"Guardian:DecasProtection+1","floor":41},{"not_picked":[],"picked":"Guardian:GuardianWhirl","floor":42},{"not_picked":[],"picked":"Guardian:Gem_Lightblue","floor":45}],"player_experience":336897,"relics_obtained":[{"floor":7,"key":"Ornamental Fan"},{"floor":9,"key":"Matryoshka"},{"floor":26,"key":"Guardian:PickAxe"},{"floor":26,"key":"Ice Cream"},{"floor":28,"key":"Calipers"},{"floor":43,"key":"Eternal Feather"},{"floor":43,"key":"Gremlin Horn"}],"event_choices":[{"damage_healed":0,"gold_gain":0,"player_choice":"Ignored","damage_taken":0,"max_hp_gain":0,"max_hp_loss":0,"event_name":"Golden Wing","floor":2,"gold_loss":0},{"damage_healed":0,"gold_gain":0,"player_choice":"Leave","damage_taken":0,"max_hp_gain":0,"max_hp_loss":0,"event_name":"The Cleric","floor":5,"gold_loss":0},{"damage_healed":0,"gold_gain":100,"player_choice":"Pray","damage_taken":0,"max_hp_gain":0,"max_hp_loss":0,"event_name":"Golden Shrine","floor":11,"gold_loss":0},{"damage_healed":0,"gold_gain":0,"player_choice":"Got Potions","damage_taken":0,"max_hp_gain":0,"max_hp_loss":0,"event_name":"Lab","floor":24,"gold_loss":0},{"damage_healed":0,"gold_gain":250,"player_choice":"Bet on Owner","damage_taken":0,"max_hp_gain":0,"max_hp_loss":0,"event_name":"The Joust","floor":29,"gold_loss":50},{"damage_healed":0,"gold_gain":0,"player_choice":"Keep O-miki","damage_taken":0,"relics_obtained":["ZunR:ReiMu"],"max_hp_gain":0,"max_hp_loss":0,"event_name":"ZunEvent","floor":30,"gold_loss":40},{"damage_healed":0,"gold_gain":0,"player_choice":"Ignored","damage_taken":0,"max_hp_gain":0,"max_hp_loss":0,"event_name":"Tomb of Lord Red Mask","floor":37,"gold_loss":0},{"damage_healed":0,"gold_gain":0,"player_choice":"Embrace Madness","damage_taken":10,"max_hp_gain":0,"max_hp_loss":0,"event_name":"Winding Halls","floor":47,"gold_loss":0,"cards_obtained":["Madness","Madness"]}],"is_beta":false,"boss_relics":[{"not_picked":["energizedSpire:RedRose","Runic Dome"],"picked":"Busted Crown"},{"not_picked":["Pandora\u0027s Box","energizedSpire:SpiderWeb"],"picked":"RedLine:ReiMu"}],"items_purged_floors":[38],"is_endless":false,"potions_floor_spawned":[1,3,12,13,16,19,22,28,42],"ascension_level":0}}