{"host":"78hrz0ylpj9lzvi8","time":1607826731,"event":{"mods":["BaseMod","Bestiary","Minty Spire (QoL Compilation)","Quick Restart","Random Character Button","Relic Stats","StSLib"],"gold_per_floor":[111,111,131,53,18,47,47,47,47,65,134,134,168,37,37,133,133,151,39,55,73,23,23,67,67,91,115,136,170,75,110,110,200,200,224,174,197,197,220,220,233,272,323,323,15,15,15,58,58,58,58,58,58,8,48,48],"floor_reached":57,"playtime":3020,"items_purged":["Strike_B","Strike_B","Strike_B","Strike_B","Defend_B","Defend_B"],"score":2783,"play_id":"6b1ecd3f-0cc9-4dff-98aa-5be69d4c1203","local_time":"20201212233211","is_ascension_mode":true,"campfire_choices":[{"data":"Zap","floor":7.0,"key":"SMITH"},{"floor":12.0,"key":"REST"},{"floor":15.0,"key":"REST"},{"data":"Machine Learning","floor":23,"key":"SMITH"},{"data":"Glacier","floor":25,"key":"SMITH"},{"data":"Creative AI","floor":32,"key":"SMITH"},{"data":"1","floor":40,"key":"LIFT"},{"data":"2","floor":44,"key":"LIFT"},{"data":"3","floor":46,"key":"LIFT"},{"floor":49,"key":"RECALL"},{"data":"Chill","floor":53,"key":"SMITH"}],"circlet_count":0,"master_deck":["AscendersBane","Zap+1","Dualcast+1","Biased Cognition","Glacier+1","Cold Snap+1","Melter","Ball Lightning","Beam Cell+1","Ball Lightning","Chill+1","Biased Cognition","Leap+1","Capacitor","Machine Learning+1","Force Field","Creative AI+1","Electrodynamics","White Noise+1"],"relics":["Cracked Core","Matryoshka","Golden Idol","Smiling Mask","Shuriken","The Courier","Bird Faced Urn","OrangePellets","Coffee Dripper","Girya","Akabeko","Vajra","Whetstone","Red Mask","SlaversCollar","DataDisk","Emotion Chip","Regal Pillow","Happy Flower"],"acts_visited":["Exordium","TheCity","TheBeyond","TheEnding"],"potions_floor_usage":[29,31,56],"damage_taken":[{"damage":7.0,"enemies":"Jaw Worm","floor":1.0,"turns":3.0},{"damage":2.0,"enemies":"2 Louse","floor":3.0,"turns":3.0},{"damage":33.0,"enemies":"Gremlin Nob","floor":6.0,"turns":4.0},{"damage":4.0,"enemies":"Small Slimes","floor":10.0,"turns":3.0},{"damage":13.0,"enemies":"Lagavulin Event","floor":11.0,"turns":5.0},{"damage":5.0,"enemies":"Lagavulin","floor":13.0,"turns":4.0},{"damage":3.0,"enemies":"The Guardian","floor":16.0,"turns":9.0},{"damage":5.0,"enemies":"3 Byrds","floor":18.0,"turns":4.0},{"damage":2,"enemies":"Chosen","floor":20,"turns":3},{"damage":3,"enemies":"Centurion and Healer","floor":21,"turns":8},{"damage":0,"enemies":"Gremlin Leader","floor":24,"turns":6},{"damage":0,"enemies":"3 Cultists","floor":27,"turns":5},{"damage":4,"enemies":"Chosen and Byrds","floor":28,"turns":5},{"damage":17,"enemies":"Slavers","floor":29,"turns":4},{"damage":8,"enemies":"Masked Bandits","floor":31,"turns":5},{"damage":13,"enemies":"Champ","floor":33,"turns":8},{"damage":0,"enemies":"3 Shapes","floor":35,"turns":2},{"damage":12,"enemies":"3 Darklings","floor":37,"turns":6},{"damage":19,"enemies":"4 Shapes","floor":39,"turns":5},{"damage":0,"enemies":"Maw","floor":41,"turns":6},{"damage":38,"enemies":"Nemesis","floor":42,"turns":9},{"damage":7,"enemies":"Reptomancer","floor":48,"turns":4},{"damage":0,"enemies":"Donu and Deca","floor":50,"turns":7},{"damage":38,"enemies":"Awakened One","floor":51,"turns":19},{"damage":31,"enemies":"Shield and Spear","floor":55,"turns":5},{"damage":36,"enemies":"The Heart","floor":56,"turns":9}],"seed_played":"-660221255479776431","potions_obtained":[{"floor":1.0,"key":"Ancient Potion"},{"floor":6.0,"key":"Fire Potion"},{"floor":13.0,"key":"LiquidMemories"},{"floor":37,"key":"EssenceOfSteel"},{"floor":39,"key":"FairyPotion"}],"is_trial":false,"path_per_floor":["M","?","M","$","?","E","R","?","T","M","?","R","E","$","R","B",null,"M","$","M","M","$","R","E","R","T","M","M","E","$","?","R","B",null,"M","$","M","?","M","R","M","E","T","R","$","R","?","E","R","B","B",null,"R","$","E","B",null],"character_chosen":"DEFECT","items_purchased":["Melter","OrangePellets","Capacitor","AttackPotion","Emotion Chip"],"campfire_rested":2,"item_purchase_floors":[4,14,19,30,45],"current_hp_per_floor":[39,39,37,37,54,21,21,21,21,17,4,23,18,18,37,36,57,56,56,60,64,64,64,64,64,64,64,62,53,53,61,61,64,64,64,64,64,64,49,49,64,50,50,50,50,50,50,55,55,64,64,64,64,64,37,21],"gold":48,"neow_bonus":"THREE_RARE_CARDS","is_daily":false,"chose_seed":false,"campfire_upgraded":5,"win_rate":0.0,"timestamp":1607826731,"path_taken":["M","?","M","$","?","E","R","?","T","M","?","R","E","$","R","BOSS","M","$","M","M","$","R","E","R","T","M","M","E","$","?","R","BOSS","M","$","M","?","M","R","M","E","T","R","?","R","?","E","R","BOSS","BOSS","R","$","E","BOSS"],"items_purchased_type":["Card","Relic","Card","Potion","Relic"],"build_version":"2020-11-30","purchased_purges":6,"victory":true,"max_hp_per_floor":[71,71,71,71,71,71,71,64,64,64,64,64,64,64,64,64,64,64,64,64,64,64,64,64,64,64,64,64,64,64,64,64,64,64,64,64,64,64,64,64,64,64,64,64,64,64,64,64,64,64,64,64,64,64,64,64],"relic_stats":{"OrangePellets":[53],"Emotion Chip":[28,15,13,0,0],"Regal Pillow":0,"Happy Flower":[3],"counters":[26,151],"Golden Idol":213,"Shuriken":[26],"Bird Faced Urn":[199],"Whetstone":["Cold Snap","Beam Cell"],"Smiling Mask":360,"obtain_stats":[{"Girya":24,"Regal Pillow":48,"Happy Flower":55,"Golden Idol":8,"Vajra":26,"The Courier":11,"Whetstone":29,"Smiling Mask":9,"Akabeko":26,"OrangePellets":14,"SlaversCollar":34,"DataDisk":42,"Emotion Chip":45,"Matryoshka":6,"Shuriken":9,"Bird Faced Urn":13,"Coffee Dripper":17,"Red Mask":31,"Cracked Core":0},{"Girya":11,"Regal Pillow":22,"Happy Flower":25,"Golden Idol":3,"Vajra":11,"The Courier":5,"Whetstone":14,"Smiling Mask":3,"Akabeko":11,"OrangePellets":6,"SlaversCollar":16,"DataDisk":21,"Emotion Chip":21,"Matryoshka":3,"Shuriken":3,"Bird Faced Urn":6,"Coffee Dripper":7,"Red Mask":15,"Cracked Core":0},{"Girya":52,"Regal Pillow":111,"Happy Flower":142,"Golden Idol":10,"Vajra":52,"The Courier":18,"Whetstone":66,"Smiling Mask":10,"Akabeko":52,"OrangePellets":22,"SlaversCollar":79,"DataDisk":107,"Emotion Chip":107,"Matryoshka":10,"Shuriken":10,"Bird Faced Urn":22,"Coffee Dripper":31,"Red Mask":71,"Cracked Core":0}]},"card_choices":[{"not_picked":["Amplify","Creative AI"],"picked":"Biased Cognition","floor":0.0},{"not_picked":["Darkness","Steam","Hologram"],"picked":"SKIP","floor":1.0},{"not_picked":["Static Discharge","Lockon"],"picked":"Cold Snap","floor":3.0},{"not_picked":["Sweeping Beam","Skim"],"picked":"Ball Lightning","floor":6.0},{"not_picked":["Force Field","Conserve Battery"],"picked":"Beam Cell","floor":10.0},{"not_picked":["Turbo","Leap"],"picked":"Ball Lightning","floor":11.0},{"not_picked":["Leap","Turbo"],"picked":"Chill","floor":13.0},{"not_picked":["Amplify","Core Surge"],"picked":"Biased Cognition","floor":16.0},{"not_picked":["Gash","Cold Snap"],"picked":"Leap+1","floor":18},{"not_picked":["Beam Cell","Leap"],"picked":"Machine Learning","floor":20},{"not_picked":["Cold Snap","Hello World","Go for the Eyes"],"picked":"SKIP","floor":21},{"not_picked":["Gash","Leap","Sweeping Beam"],"picked":"SKIP","floor":24},{"not_picked":["Go for the Eyes","Stack","Ball Lightning"],"picked":"SKIP","floor":27},{"not_picked":["Go for the Eyes","Stack","Ball Lightning"],"picked":"SKIP","floor":27},{"not_picked":["Doom and Gloom","Blizzard"],"picked":"Force Field","floor":28},{"not_picked":["Redo","Seek"],"picked":"Creative AI","floor":29},{"not_picked":["Rainbow","Core Surge"],"picked":"Electrodynamics","floor":33},{"not_picked":["Turbo+1","Ball Lightning","Compile Driver"],"picked":"SKIP","floor":35},{"not_picked":["Lockon","Rip and Tear","Double Energy+1"],"picked":"SKIP","floor":37},{"not_picked":["Scrape","Streamline"],"picked":"White Noise+1","floor":39},{"not_picked":["Tempest","Conserve Battery","Ball Lightning+1"],"picked":"SKIP","floor":41},{"not_picked":["Double Energy","Self Repair","Electrodynamics"],"picked":"SKIP","floor":42},{"not_picked":["Hologram","Force Field","Scrape"],"picked":"SKIP","floor":48},{"not_picked":["Auto Shields+1","Genetic Algorithm+1","Multi-Cast"],"picked":"SKIP","floor":55}],"player_experience":934676,"relics_obtained":[{"floor":6.0,"key":"Matryoshka"},{"floor":9.0,"key":"Smiling Mask"},{"floor":9.0,"key":"Shuriken"},{"floor":11.0,"key":"The Courier"},{"floor":13.0,"key":"Bird Faced Urn"},{"floor":24,"key":"Girya"},{"floor":26,"key":"Akabeko"},{"floor":26,"key":"Vajra"},{"floor":29,"key":"Whetstone"},{"floor":31,"key":"Red Mask"},{"floor":42,"key":"DataDisk"},{"floor":48,"key":"Regal Pillow"},{"floor":55,"key":"Happy Flower"}],"event_choices":[{"damage_healed":0.0,"max_hp_gain":0.0,"max_hp_loss":0.0,"gold_gain":0.0,"cards_transformed":["Defend_B"],"event_name":"Living Wall","player_choice":"Change","floor":2.0,"gold_loss":0.0,"damage_taken":0.0,"cards_obtained":["Glacier"]},{"damage_healed":17.0,"max_hp_gain":0.0,"max_hp_loss":0.0,"gold_gain":0.0,"event_name":"The Cleric","player_choice":"Healed","floor":5.0,"gold_loss":35.0,"damage_taken":0.0},{"damage_healed":0.0,"max_hp_gain":0.0,"max_hp_loss":7.0,"gold_gain":0.0,"event_name":"Golden Idol","player_choice":"Lose Max HP","floor":8.0,"gold_loss":0.0,"damage_taken":0.0,"relics_obtained":["Golden Idol"]},{"damage_healed":0.0,"max_hp_gain":0.0,"max_hp_loss":0.0,"gold_gain":0.0,"event_name":"Dead Adventurer","player_choice":"Searched \u00271\u0027 times","floor":11.0,"gold_loss":0.0,"damage_taken":0.0},{"damage_healed":0,"gold_gain":0,"player_choice":"Fought Bandits","damage_taken":0,"max_hp_gain":0,"max_hp_loss":0,"event_name":"Masked Bandits","floor":31,"gold_loss":0},{"cards_removed":["Defend_B"],"damage_healed":0,"gold_gain":0,"player_choice":"Purged","damage_taken":0,"max_hp_gain":0,"max_hp_loss":0,"event_name":"Purifier","floor":38,"gold_loss":0},{"damage_healed":0,"gold_gain":0,"player_choice":"Upgraded","damage_taken":0,"max_hp_gain":0,"max_hp_loss":0,"event_name":"Upgrade Shrine","floor":47,"gold_loss":0,"cards_upgraded":["Dualcast"]}],"is_beta":false,"boss_relics":[{"not_picked":["Astrolabe","SacredBark"],"picked":"Coffee Dripper"},{"not_picked":["Pandora\u0027s Box","Runic Pyramid"],"picked":"SlaversCollar"}],"items_purged_floors":[19,22,30,36,45,54],"is_endless":false,"potions_floor_spawned":[1,6,13,16,18,21,27,37,39,41],"ascension_level":20}}