{"host":"Ilker","time":1607840521,"event":{"mods":["BaseMod","Bestiary","Block Reminder","Colored Map","DeckTracker","Highlight Path","Minty Spire (QoL Compilation)","Quick Restart","Relic Sorter","Relic Stats"],"gold_per_floor":[112,125,144,163,175,175,175],"floor_reached":6,"playtime":245,"items_purged":[],"score":80,"play_id":"c51c4ee5-400b-4829-a1a3-ba3794a265ba","local_time":"20201213092201","is_ascension_mode":true,"campfire_choices":[],"circlet_count":0,"master_deck":["AscendersBane","Strike_P","Strike_P","Strike_P","Strike_P","Defend_P","Defend_P","Defend_P","Defend_P","Eruption","Vigilance","Halt","SandsOfTime","CutThroughFate","BowlingBash","LikeWater"],"relics":["Runic Dome"],"acts_visited":["Exordium"],"potions_floor_usage":[3,4],"damage_taken":[{"damage":11,"enemies":"2 Louse","floor":1,"turns":2},{"damage":23,"enemies":"Small Slimes","floor":2,"turns":4},{"damage":0,"enemies":"Jaw Worm","floor":3,"turns":3},{"damage":15,"enemies":"Lots of Slimes","floor":4,"turns":3},{"damage":2,"enemies":"2 Fungi Beasts","floor":5,"turns":3},{"damage":56,"enemies":"Gremlin Nob","floor":6,"turns":3}],"seed_played":"-697418621902892472","potions_obtained":[{"floor":1,"key":"Swift Potion"},{"floor":2,"key":"Regen Potion"}],"is_trial":false,"path_per_floor":["M","M","M","M","M","E"],"character_chosen":"WATCHER","items_purchased":[],"campfire_rested":0,"item_purchase_floors":[],"current_hp_per_floor":[50,27,36,21,19,0,0],"gold":175,"neow_bonus":"BOSS_RELIC","is_daily":false,"chose_seed":false,"campfire_upgraded":0,"win_rate":0.0,"timestamp":1607840521,"path_taken":["M","M","M","M","M","E"],"items_purchased_type":[],"build_version":"2020-12-07","purchased_purges":0,"victory":false,"max_hp_per_floor":[68,68,68,68,68,68,68],"relic_stats":{"counters":[6,18],"obtain_stats":[{"Runic Dome":0,"PureWater":0},{"Runic Dome":0,"PureWater":0},{"Runic Dome":0,"PureWater":0}]},"card_choices":[{"not_picked":["Adaptation","JustLucky"],"picked":"Halt","floor":1},{"not_picked":["Perseverance","PathToVictory"],"picked":"SandsOfTime","floor":2},{"not_picked":["CrushJoints","Vengeance"],"picked":"CutThroughFate","floor":3},{"not_picked":["Crescendo","Wireheading"],"picked":"BowlingBash","floor":4},{"not_picked":["FlyingSleeves","SignatureMove"],"picked":"LikeWater","floor":5}],"player_experience":1664270,"relics_obtained":[],"event_choices":[],"is_beta":true,"boss_relics":[],"items_purged_floors":[],"is_endless":false,"potions_floor_spawned":[1,2],"killed_by":"Gremlin Nob","ascension_level":20}}