{"host":"1h5jl05dj6wmnz9t","time":1607873961,"event":{"mods":["AchievementEnabler","BaseMod","Colored Powertips","Custom Start","Minty Spire (QoL Compilation)","Permanent Neow","StSLib"],"gold_per_floor":[118,136,24,37,37,37,66,66,66,93,109,109,109,127,127,224,224,243,243,254,279,296,329,329,341,364,364,414,414,434,451,451,549,549,560,560,575,84,102,102,128,145,145,145,71,71,71,82,82,82],"floor_reached":51,"playtime":1944,"items_purged":["Strike_R","Writhe"],"score":773,"play_id":"b0e03661-2dea-4b8b-8139-9d03a3ff5ce9","local_time":"20201213103921","is_ascension_mode":true,"campfire_choices":[{"data":"Bash","floor":6,"key":"SMITH"},{"data":"Rampage","floor":8,"key":"SMITH"},{"data":"Metallicize","floor":13,"key":"SMITH"},{"data":"Whirlwind","floor":15,"key":"SMITH"},{"floor":24,"key":"REST"},{"data":"Flame Barrier","floor":27,"key":"SMITH"},{"floor":29,"key":"REST"},{"floor":32,"key":"REST"},{"data":"Ghostly Armor","floor":40,"key":"SMITH"},{"floor":44,"key":"REST"},{"floor":46,"key":"REST"},{"floor":49,"key":"REST"}],"circlet_count":0,"master_deck":["Strike_R","Strike_R","Strike_R","Defend_R","Defend_R","Defend_R","Defend_R","Bash+1","True Grit","Headbutt","Rampage+1","True Grit","Thunderclap","Metallicize+1","Whirlwind+1","Offering","Ghostly Armor+1","Flame Barrier+1","Headbutt","Warcry","Demon Form+1","CurseOfTheBell","Twin Strike+1","Sword Boomerang","Battle Trance+1","Armaments+1","Ghostly Armor","Madness","Madness","Uppercut+1"],"relics":["Burning Blood","Charon\u0027s Ashes","Darkstone Periapt","Bottled Flame","Anchor","Sozu","Bronze Scales","StrikeDummy","Toy Ornithopter","Calling Bell","Happy Flower","Sundial","FossilizedHelix","Mercury Hourglass","Strange Spoon","Prayer Wheel","Self Forming Clay"],"acts_visited":["Exordium","TheCity","TheBeyond"],"potions_floor_usage":[7,10,23,39],"damage_taken":[{"damage":6,"enemies":"Cultist","floor":1,"turns":4},{"damage":13,"enemies":"Jaw Worm","floor":2,"turns":7},{"damage":1,"enemies":"2 Louse","floor":4,"turns":2},{"damage":6,"enemies":"Gremlin Nob","floor":7,"turns":3},{"damage":24,"enemies":"3 Sentries","floor":10,"turns":6},{"damage":8,"enemies":"2 Fungi Beasts","floor":11,"turns":3},{"damage":6,"enemies":"Exordium Wildlife","floor":14,"turns":3},{"damage":11,"enemies":"Slime Boss","floor":16,"turns":7},{"damage":29,"enemies":"Spheric Guardian","floor":18,"turns":6},{"damage":8,"enemies":"Shell Parasite","floor":20,"turns":4},{"damage":6,"enemies":"3 Cultists","floor":22,"turns":4},{"damage":33,"enemies":"Gremlin Leader","floor":23,"turns":5},{"damage":27,"enemies":"Snake Plant","floor":25,"turns":3},{"damage":2,"enemies":"Chosen and Byrds","floor":30,"turns":5},{"damage":19,"enemies":"Sentry and Sphere","floor":31,"turns":5},{"damage":49,"enemies":"Automaton","floor":33,"turns":12},{"damage":4,"enemies":"Orb Walker","floor":35,"turns":3},{"damage":13,"enemies":"3 Darklings","floor":37,"turns":5},{"damage":0,"enemies":"4 Shapes","floor":39,"turns":4},{"damage":68,"enemies":"Nemesis","floor":41,"turns":5},{"damage":16,"enemies":"Sphere and 2 Shapes","floor":42,"turns":7},{"damage":8,"enemies":"Maw","floor":48,"turns":7},{"damage":74,"enemies":"Awakened One","floor":50,"turns":10}],"seed_played":"-1864505179975675651","potions_obtained":[{"floor":4,"key":"Strength Potion"},{"floor":7,"key":"AttackPotion"},{"floor":10,"key":"Fire Potion"},{"floor":16,"key":"FearPotion"}],"is_trial":false,"path_per_floor":["M","M","$","M","?","R","E","R","T","E","M","?","R","M","R","B",null,"M","?","M","T","M","E","R","M","T","R","?","R","M","M","R","B",null,"M","?","M","$","M","R","E","M","T","R","$","R","?","M","R","B",null],"character_chosen":"IRONCLAD","items_purchased":["Rampage","Mercury Hourglass","Strange Spoon","Ghostly Armor"],"campfire_rested":6,"item_purchase_floors":[3,38,38,45],"current_hp_per_floor":[80,73,73,78,78,78,78,78,78,60,58,51,51,51,51,46,80,57,48,46,46,46,19,43,22,22,22,22,46,50,37,61,18,86,86,86,79,79,86,86,24,14,14,39,39,64,53,51,76,8],"gold":82,"neow_bonus":"ONE_RARE_RELIC","is_daily":false,"chose_seed":false,"campfire_upgraded":6,"win_rate":0.0,"timestamp":1607873961,"path_taken":["M","M","?","M","?","R","E","R","T","E","M","?","R","M","R","BOSS","M","?","M","?","?","E","R","M","T","R","?","R","M","M","R","BOSS","M","?","?","$","?","R","E","M","T","R","?","R","?","M","R","BOSS"],"items_purchased_type":["Card","Relic","Relic","Card"],"build_version":"2020-11-30","purchased_purges":2,"victory":true,"max_hp_per_floor":[80,80,80,80,80,80,80,80,80,80,80,80,80,80,80,80,80,80,80,80,80,80,80,80,80,80,80,80,80,80,80,80,80,86,86,86,86,86,86,86,86,86,86,86,86,86,86,86,86,86],"card_choices":[{"not_picked":["Warcry","Armaments"],"picked":"True Grit","floor":1},{"not_picked":["Body Slam","Armaments"],"picked":"Headbutt","floor":2},{"not_picked":["Fiend Fire","Armaments"],"picked":"True Grit","floor":4},{"not_picked":["Warcry","Headbutt"],"picked":"Thunderclap","floor":7},{"not_picked":["Entrench","Armaments","Anger"],"picked":"SKIP","floor":10},{"not_picked":["Burning Pact","Clothesline"],"picked":"Metallicize","floor":11},{"not_picked":["Shockwave","Havoc"],"picked":"Whirlwind","floor":14},{"not_picked":["Brutality","Limit Break"],"picked":"Offering","floor":16},{"not_picked":["True Grit","Fire Breathing","Anger"],"picked":"SKIP","floor":18},{"not_picked":["Headbutt+1","Shockwave"],"picked":"Ghostly Armor","floor":20},{"not_picked":["Warcry","Cleave"],"picked":"Flame Barrier","floor":22},{"not_picked":["Feed","Havoc"],"picked":"Headbutt","floor":23},{"not_picked":["Havoc","True Grit","Cleave"],"picked":"SKIP","floor":25},{"not_picked":["Combust+1","Power Through","Evolve+1"],"picked":"SKIP","floor":30},{"not_picked":["Wild Strike","Anger"],"picked":"Warcry","floor":31},{"not_picked":["Juggernaut","Immolate"],"picked":"Demon Form","floor":33},{"not_picked":["Evolve+1","Uppercut"],"picked":"Twin Strike+1","floor":35},{"not_picked":["Clash+1","Evolve"],"picked":"Sword Boomerang","floor":37},{"not_picked":["Pommel Strike","Body Slam"],"picked":"Battle Trance+1","floor":39},{"not_picked":["Metallicize","Perfected Strike+1","Body Slam+1"],"picked":"SKIP","floor":41},{"not_picked":["True Grit","Entrench+1"],"picked":"Armaments+1","floor":42},{"not_picked":["Bloodletting","Second Wind","Carnage+1"],"picked":"SKIP","floor":42},{"not_picked":["Spot Weakness+1","Whirlwind+1"],"picked":"Uppercut+1","floor":48},{"not_picked":["Second Wind","Havoc","Clothesline"],"picked":"SKIP","floor":48}],"player_experience":106154,"relics_obtained":[{"floor":7,"key":"Darkstone Periapt"},{"floor":9,"key":"Bottled Flame"},{"floor":10,"key":"Anchor"},{"floor":21,"key":"Bronze Scales"},{"floor":23,"key":"StrikeDummy"},{"floor":26,"key":"Toy Ornithopter"},{"floor":34,"key":"Happy Flower"},{"floor":34,"key":"Sundial"},{"floor":34,"key":"FossilizedHelix"},{"floor":41,"key":"Prayer Wheel"},{"floor":43,"key":"Self Forming Clay"}],"event_choices":[{"damage_healed":0,"gold_gain":0,"player_choice":"Leave","damage_taken":0,"max_hp_gain":0,"max_hp_loss":0,"event_name":"The Cleric","floor":5,"gold_loss":0},{"cards_removed":["Strike_R"],"damage_healed":0,"gold_gain":0,"player_choice":"Card Removal","damage_taken":7,"max_hp_gain":0,"max_hp_loss":0,"event_name":"Golden Wing","floor":12,"gold_loss":0},{"damage_healed":0,"gold_gain":0,"player_choice":"Stopped","damage_taken":9,"max_hp_gain":0,"max_hp_loss":0,"event_name":"Cursed Tome","floor":19,"gold_loss":0},{"damage_healed":0,"gold_gain":100,"player_choice":"Bet on Murderer","damage_taken":0,"max_hp_gain":0,"max_hp_loss":0,"event_name":"The Joust","floor":28,"gold_loss":50},{"damage_healed":0,"gold_gain":0,"player_choice":"Upgraded","damage_taken":0,"max_hp_gain":0,"max_hp_loss":0,"event_name":"Upgrade Shrine","floor":36,"gold_loss":0,"cards_upgraded":["Demon Form"]},{"damage_healed":0,"gold_gain":0,"player_choice":"Embrace Madness","damage_taken":11,"max_hp_gain":0,"max_hp_loss":0,"event_name":"Winding Halls","floor":47,"gold_loss":0,"cards_obtained":["Madness","Madness"]}],"is_beta":false,"boss_relics":[{"not_picked":["Runic Pyramid","Black Blood"],"picked":"Sozu"},{"not_picked":["Philosopher\u0027s Stone","Pandora\u0027s Box"],"picked":"Calling Bell"}],"items_purged_floors":[3,38],"is_endless":false,"potions_floor_spawned":[4,7,10,16,20,22,25,33,37,42,48],"ascension_level":2}}