{"host":"6z6y4ky8uzsz1dpj","time":1607874273,"event":{"mods":["2.2 Compatiblity","AchievementEnabler","BaseMod","BetterRewards","Challenge The Spire","Colored Map","Hubris","Minty Spire (QoL Compilation)","Quick Restart","Replay The Spire","StSLib","The Construct","The Cursed","The Hierophant","The Necromancer","The Poker Player","The Servant 0.9.4"],"gold_per_floor":[115,126,137,137,137,166,166,185,185,200,235,235,235,270,270,375,375,387,387,471,274,274,274,274],"floor_reached":23,"playtime":759,"items_purged":[],"score":207,"play_id":"7c2e326c-cfc5-47b0-87ba-b09561567dd9","local_time":"20201213104433","is_ascension_mode":false,"campfire_choices":[{"data":"Chill","floor":7,"key":"SMITH"},{"data":"Tempest","floor":13,"key":"SMITH"},{"floor":15,"key":"REST"}],"circlet_count":0,"master_deck":["Zap+1","Dualcast","FIFO Queue","Chill+1","hubris:PowerSurge","Tempest+1","Ball Lightning","Fission","Steam Power","Steam Power","Time Bomb","Thunder Strike","Scrape","Capacitor","Melter","Loop","Loop"],"relics":["Cracked Core","StoneCalendar","hubris:Towel","Replay:Kaleidoscope","Art of War","Geode","Darkstone Periapt","Pandora\u0027s Box","Ancient Tea Set","Replay:Frozen Program"],"acts_visited":["Exordium","TheCity"],"potions_floor_usage":[11],"damage_taken":[{"damage":2,"enemies":"2 Louse","floor":1,"turns":4},{"damage":3,"enemies":"Small Slimes","floor":2,"turns":3},{"damage":2,"enemies":"Cultist","floor":3,"turns":4},{"damage":18,"enemies":"3 Sentries","floor":6,"turns":7},{"damage":0,"enemies":"Lots of Slimes","floor":8,"turns":4},{"damage":0,"enemies":"3 Louse","floor":10,"turns":2},{"damage":10,"enemies":"Gremlin Nob","floor":11,"turns":3},{"damage":18,"enemies":"Lagavulin","floor":14,"turns":4},{"damage":7,"enemies":"Fading Forest","floor":16,"turns":11},{"damage":15,"enemies":"3 Byrds","floor":18,"turns":2},{"damage":17,"enemies":"Replay:Snechameleon","floor":23,"turns":2}],"seed_played":"6178074461392368042","potions_obtained":[{"floor":3,"key":"Elixir"},{"floor":6,"key":"AttackPotion"},{"floor":8,"key":"Ancient Potion"},{"floor":11,"key":"Venom Potion"},{"floor":16,"key":"LifebloodPotion"}],"is_trial":false,"path_per_floor":["M","M","M","?","?","E","R","M","T","M","E","?","R","E","R","B",null,"M","?","?","$","?","E"],"character_chosen":"DEFECT","items_purchased":["FIFO Queue","Loop","Replay:Frozen Program"],"campfire_rested":1,"item_purchase_floors":[0,21,21],"current_hp_per_floor":[73,70,68,68,68,50,50,50,50,50,40,45,45,27,51,44,80,65,50,16,16,16,0,0],"gold":274,"neow_bonus":"","is_daily":false,"chose_seed":false,"campfire_upgraded":2,"win_rate":0.0,"timestamp":1607874273,"path_taken":["M","M","M","?","?","E","R","M","T","M","E","?","R","E","R","BOSS","M","?","?","$","?","E"],"items_purchased_type":["Card","Card","Relic"],"build_version":"2020-11-30","purchased_purges":0,"victory":false,"max_hp_per_floor":[75,75,75,75,75,75,75,75,75,75,75,80,80,80,80,80,80,80,85,85,85,85,85,85],"card_choices":[{"not_picked":["ReplayGash","Streamline"],"picked":"Chill","floor":1},{"not_picked":["Steam Power","FIFO Queue","Rebound"],"picked":"SKIP","floor":2},{"not_picked":["Rip and Tear","BasicCrystalCard","Stack"],"picked":"SKIP","floor":3},{"not_picked":["FTL","Reboot"],"picked":"hubris:PowerSurge","floor":6},{"not_picked":["Leap","Turbo"],"picked":"Tempest","floor":8},{"not_picked":["Streamline","ReplayTheSpireMod:Reroute Power","Go for the Eyes"],"picked":"SKIP","floor":10},{"not_picked":["Gash","BasicCrystalCard"],"picked":"Ball Lightning","floor":11},{"not_picked":["Genetic Algorithm","Core Surge","Force Field"],"picked":"SKIP","floor":14},{"not_picked":["Core Surge","hubris:SpecializedCircuitry"],"picked":"Fission","floor":16},{"not_picked":["Compile Driver","BasicCrystalCard","Beam Cell"],"picked":"SKIP","floor":18}],"player_experience":187080,"relics_obtained":[{"floor":6,"key":"Replay:Kaleidoscope"},{"floor":9,"key":"Art of War"},{"floor":11,"key":"Geode"},{"floor":14,"key":"Darkstone Periapt"},{"floor":20,"key":"Ancient Tea Set"}],"event_choices":[{"damage_healed":0,"gold_gain":0,"player_choice":"Grow","damage_taken":0,"max_hp_gain":0,"max_hp_loss":0,"event_name":"Living Wall","floor":4,"gold_loss":0,"cards_upgraded":["Zap"]},{"damage_healed":0,"gold_gain":0,"player_choice":"Donut","damage_taken":0,"max_hp_gain":5,"max_hp_loss":0,"event_name":"Big Fish","floor":12,"gold_loss":0},{"damage_healed":0,"gold_gain":0,"player_choice":"Shed Blood","damage_taken":20,"max_hp_gain":5,"max_hp_loss":0,"event_name":"Forgotten Altar","floor":19,"gold_loss":0},{"cards_removed":["ReplaySort"],"damage_healed":0,"gold_gain":0,"player_choice":"Elegance","damage_taken":0,"max_hp_gain":0,"max_hp_loss":0,"event_name":"Back to Basics","floor":22,"gold_loss":0}],"is_beta":false,"boss_relics":[{"not_picked":["Replay:Ancient Bell","construct:WeddingRing"],"picked":"Pandora\u0027s Box"}],"items_purged_floors":[],"is_endless":false,"potions_floor_spawned":[3,6,8,11,16],"killed_by":"Replay:Snechameleon","ascension_level":0}}