{"host":"bebwmhhch11ak7yk","time":1607892021,"event":{"mods":["Act Like it!","Aspiration","BaseMod","Better Skull","Better Third Choice","Colored Powertips","Elementarium","Fiend Mod","Hermit","Hunter ??","Kratos Character Expansion","Luminous","Minty Spire (QoL Compilation)","Replay The Spire","SIMod","StSLib","The Animator","The Blackbeard","The Bladedancer","The Bug Knight","The Cursed","The Disciple","The Necromancer","The Servant 0.9.4","The Vixen"],"gold_per_floor":[113,131,141,119,139,168,227,254,254,254,16,30,30,47,47,146,146,163,179,197,40,40,66,66,66,112,41,69,69,69],"floor_reached":29,"playtime":3070,"items_purged":[],"score":263,"play_id":"1e3d86db-b2c8-4e4d-b367-3d73fbe1b9bb","local_time":"20201213214021","is_ascension_mode":false,"campfire_choices":[{"floor":10.0,"key":"REST"},{"data":"TheVixenMod:SunnyDay","floor":13.0,"key":"SMITH"},{"data":"TheVixenMod:Ember","floor":15.0,"key":"SMITH"},{"floor":24,"key":"REST"}],"circlet_count":0,"master_deck":["TheVixenMod:Strike_TheVixen","TheVixenMod:Strike_TheVixen","TheVixenMod:Strike_TheVixen","TheVixenMod:Strike_TheVixen","TheVixenMod:Defend_TheVixen","TheVixenMod:Defend_TheVixen","TheVixenMod:Defend_TheVixen","TheVixenMod:Defend_TheVixen","TheVixenMod:SunnyDay+1","TheVixenMod:Ember+1","TheVixenMod:ConfuseRay","TheVixenMod:WillOWisp","TheVixenMod:CADC","TheVixenMod:FlameWheel","TheVixenMod:Extrasensory","TheVixenMod:Psybeam","TheVixenMod:Defiant","TheVixenMod:Dazzling+1","TheVixenMod:FlameBurst","TheVixenMod:Inferno","TheVixenMod:FlareBlitz","TheVixenMod:HeatWave","TheVixenMod:Safeguard","TheVixenMod:Psychic+1","TheVixenMod:Extrasensory+1","TheVixenMod:FlameWheel","TheVixenMod:Blaze","TheVixenMod:FlameBody+1","TheVixenMod:MysticalFire+1","TheVixenMod:FireSpin","TheVixenMod:Blaze+1"],"relics":["TheVixenMod:EternalFlame","NeowsBlessing","HollowMod:StagPassRelic","Prayer Wheel","Bag of Preparation","Shovel","Sling","PrismaticShard","Mango","Smiling Mask","Kunai"],"acts_visited":[],"potions_floor_usage":[20,23,29],"damage_taken":[{"damage":0.0,"enemies":"Cultist","floor":1.0,"turns":1.0},{"damage":0.0,"enemies":"Jaw Worm","floor":2.0,"turns":1.0},{"damage":0.0,"enemies":"2 Louse","floor":3.0,"turns":1.0},{"damage":0.0,"enemies":"Large Slime","floor":5.0,"turns":3.0},{"damage":14.0,"enemies":"3 Sentries","floor":6.0,"turns":6.0},{"damage":13.0,"enemies":"Lagavulin Event","floor":7.0,"turns":5.0},{"damage":0.0,"enemies":"2 Fungi Beasts","floor":12.0,"turns":2.0},{"damage":10.0,"enemies":"Lots of Slimes","floor":14.0,"turns":4.0},{"damage":22.0,"enemies":"The Guardian","floor":16.0,"turns":11.0},{"damage":17.0,"enemies":"3 Byrds","floor":18.0,"turns":4.0},{"damage":0.0,"enemies":"Chosen","floor":19.0,"turns":4.0},{"damage":10,"enemies":"Shelled Parasite and Fungi","floor":20,"turns":4},{"damage":26,"enemies":"Gremlin Leader","floor":23,"turns":4},{"damage":29,"enemies":"Slavers","floor":28,"turns":4},{"damage":49,"enemies":"Sentry and Sphere","floor":29,"turns":5}],"seed_played":"6113679505856039218","potions_obtained":[{"floor":1.0,"key":"Fire Potion"},{"floor":5.0,"key":"EntropicBrew"},{"floor":7.0,"key":"Fire Potion"},{"floor":19,"key":"Swift Potion"},{"floor":20,"key":"Cursed Concoction"},{"floor":28,"key":"Weak Potion"}],"is_trial":false,"path_per_floor":["M","M","M","$","M","E","?","T","T","R","$","M","R","M","R","B",null,"M","M","M","$","?","E","R","?","T","$","E","M"],"character_chosen":"THE_VIXEN","items_purchased":["TheVixenMod:FlameWheel","TheVixenMod:Dazzling","Sling","TheVixenMod:MysticalFire","TheVixenMod:Blaze"],"campfire_rested":2,"item_purchase_floors":[4,11,11,21,27],"current_hp_per_floor":[70,70,70,70,70,56,43,43,43,64,64,64,64,54,54,32,70,53,53,43,43,35,23,48,76,76,76,47,0,0],"gold":69,"neow_bonus":"THREE_ENEMY_KILL","is_daily":false,"chose_seed":false,"campfire_upgraded":2,"win_rate":0.0,"timestamp":1607892021,"path_taken":["M","?","M","$","M","E","?","?","T","R","$","?","R","M","R","BOSS","M","M","M","$","?","E","R","?","T","$","E","M"],"items_purchased_type":["Card","Card","Relic","Card","Card"],"build_version":"2020-11-30","purchased_purges":0,"victory":false,"max_hp_per_floor":[70,70,70,70,70,70,70,70,70,70,70,70,70,70,70,70,70,70,70,70,70,70,84,84,84,84,84,84,84,84],"card_choices":[{"not_picked":["TheVixenMod:Protect","TheVixenMod:Flamethrower"],"picked":"TheVixenMod:ConfuseRay","floor":1.0},{"not_picked":["TheVixenMod:TailWhip","TheVixenMod:Confusion"],"picked":"TheVixenMod:WillOWisp","floor":2.0},{"not_picked":["TheVixenMod:FlameCharge","TheVixenMod:Overheat"],"picked":"TheVixenMod:CADC","floor":3.0},{"not_picked":["TheVixenMod:HeatWave","TheVixenMod:MagicCoat"],"picked":"TheVixenMod:Extrasensory","floor":5.0},{"not_picked":["TheVixenMod:Extrasensory","TheVixenMod:Facade"],"picked":"TheVixenMod:Psybeam","floor":6.0},{"not_picked":["TheVixenMod:PerishSong","TheVixenMod:WillOWisp"],"picked":"TheVixenMod:Defiant","floor":7.0},{"not_picked":["TheVixenMod:WillOWisp","TheVixenMod:Extrasensory"],"picked":"TheVixenMod:FlameBurst","floor":12.0},{"not_picked":["TheVixenMod:Swagger","TheVixenMod:Feint"],"picked":"TheVixenMod:Inferno","floor":12.0},{"not_picked":["TheVixenMod:Extrasensory","TheVixenMod:FlameCharge"],"picked":"TheVixenMod:FlareBlitz","floor":14.0},{"not_picked":["TheVixenMod:FirePledge","TheVixenMod:Flamethrower"],"picked":"TheVixenMod:HeatWave","floor":14.0},{"not_picked":["TheVixenMod:BurnUp","TheVixenMod:Inferno"],"picked":"TheVixenMod:Safeguard","floor":16.0},{"not_picked":["TheVixenMod:Protect","TheVixenMod:PerishSong"],"picked":"TheVixenMod:Psychic+1","floor":18.0},{"not_picked":["TheVixenMod:FlareBlitz","TheVixenMod:CalmMind","TheVixenMod:Swagger"],"picked":"SKIP","floor":18.0},{"not_picked":["TheVixenMod:FlameCharge","TheVixenMod:Confusion+1"],"picked":"TheVixenMod:Extrasensory+1","floor":19},{"not_picked":["TheVixenMod:CADC","TheVixenMod:LightScreen"],"picked":"TheVixenMod:FlameWheel","floor":19},{"not_picked":["TheVixenMod:WillOWisp","TheVixenMod:LightScreen"],"picked":"TheVixenMod:Blaze","floor":20},{"not_picked":["TheVixenMod:Psychic","TheVixenMod:HeatWave"],"picked":"TheVixenMod:FlameBody+1","floor":20},{"not_picked":["TheVixenMod:Confusion","TheVixenMod:Swagger+1"],"picked":"TheVixenMod:FireSpin","floor":22},{"not_picked":["hermit:Misfire","ReplayTheSpireMod:Strike From Hell","blademaster:Slice"],"picked":"SKIP","floor":23},{"not_picked":["Combo Recycle","ClearTheMind","animator:Jibril"],"picked":"SKIP","floor":28}],"player_experience":329878,"relics_obtained":[{"floor":6.0,"key":"HollowMod:StagPassRelic"},{"floor":7.0,"key":"Prayer Wheel"},{"floor":8.0,"key":"Bag of Preparation"},{"floor":9.0,"key":"Shovel"},{"floor":22,"key":"PrismaticShard"},{"floor":23,"key":"Mango"},{"floor":26,"key":"Smiling Mask"},{"floor":28,"key":"Kunai"}],"event_choices":[{"damage_healed":0.0,"max_hp_gain":0.0,"max_hp_loss":0.0,"gold_gain":0.0,"event_name":"Dead Adventurer","player_choice":"Searched \u00272\u0027 times","floor":7.0,"gold_loss":0.0,"damage_taken":0.0},{"damage_healed":28,"gold_gain":0,"player_choice":"Heal","damage_taken":0,"max_hp_gain":0,"max_hp_loss":0,"event_name":"The Library","floor":25,"gold_loss":0}],"is_beta":false,"boss_relics":[{"not_picked":["aspiration:ServantSkillbook","Philosopher\u0027s Stone"],"picked":"TheVixenMod:EternalFlame"}],"items_purged_floors":[],"is_endless":false,"potions_floor_spawned":[1,5,7,19,20,28],"killed_by":"Sentry and Sphere","ascension_level":0}}