{"host":"ea1gz0s8chhg5p89","time":1607902783,"event":{"mods":["Act Like it!","BaseMod","Gensokyo","Marisa£®ÏF”Í°°ƒß¿Ì…≥£©","Minty Spire (QoL Compilation)","Pale of the Ancients","Remilia£®¿Ÿ√◊¿Ú—«£©","Replay The Spire","StSLib"],"gold_per_floor":[362,362,362,380,404,404,479,515,515,559,559,603,96,109,109,109,109],"floor_reached":16,"playtime":577,"items_purged":["Strike_MRS"],"score":164,"play_id":"3496ba4b-bb61-4e5f-8105-83f318148b15","local_time":"20201214073943","is_ascension_mode":true,"campfire_choices":[{"floor":11,"key":"REST"},{"data":"DarkSpark","floor":15,"key":"SMITH"}],"circlet_count":0,"master_deck":["Strike_MRS","Strike_MRS","Defend_MRS","Defend_MRS","Defend_MRS","Defend_MRS","MasterSpark","UpSweep","Parasite","LuminesStrike","IllusionStar+1","PowerUp+1","MilkyWay+1","DeepEcoloBomb","DarkMatter+1","StarDustReverie+1","WitchOfGreed","DarkSpark+1"],"relics":["MiniHakkero","Golden Idol","Toxic Egg 2","PreservedInsect","Bronze Scales","Gremlin Horn","Boot","HandmadeGrimoire"],"acts_visited":[],"potions_floor_usage":[10],"damage_taken":[{"damage":3,"enemies":"2 Louse","floor":1,"turns":3},{"damage":12,"enemies":"Jaw Worm","floor":4,"turns":2},{"damage":1,"enemies":"Cultist","floor":5,"turns":3},{"damage":10,"enemies":"3 Sentries","floor":8,"turns":7},{"damage":11,"enemies":"Gremlin Nob","floor":10,"turns":3},{"damage":0,"enemies":"3 Sentries","floor":12,"turns":4},{"damage":2,"enemies":"Exordium Wildlife","floor":14,"turns":5},{"damage":28,"enemies":"Slime Boss","floor":16,"turns":8}],"seed_played":"4694855083978322085","potions_obtained":[{"floor":1,"key":"BlessingOfTheForge"},{"floor":5,"key":"FearPotion"},{"floor":12,"key":"SmokeBomb"}],"is_trial":false,"path_per_floor":["M","?","?","M","M","?","?","E","T","E","R","E","$","M","R","B"],"character_chosen":"MARISA","items_purchased":["HandmadeGrimoire","StarDustReverie+1","WitchOfGreed"],"campfire_rested":1,"item_purchase_floors":[13,13,13],"current_hp_per_floor":[72,54,54,42,41,34,23,13,13,2,24,24,24,22,22,0,0],"gold":109,"neow_bonus":"TWO_FIFTY_GOLD","is_daily":false,"chose_seed":false,"campfire_upgraded":1,"win_rate":0.0,"timestamp":1607902783,"path_taken":["M","?","?","?","M","?","?","E","T","E","R","E","$","M","R","BOSS"],"items_purchased_type":["Relic","Card","Card"],"build_version":"2020-12-13","purchased_purges":1,"victory":false,"max_hp_per_floor":[75,75,75,75,75,75,75,75,75,75,75,75,75,75,75,75,75],"card_choices":[{"not_picked":["DC","NonDirectionalLaser"],"picked":"LuminesStrike","floor":1},{"not_picked":["DoubleSpark","SuperNova"],"picked":"IllusionStar+1","floor":4},{"not_picked":["MilkyWay+1","SporeBomb+1"],"picked":"PowerUp+1","floor":5},{"not_picked":["WitchOfGreed","StarBarrage"],"picked":"MilkyWay+1","floor":8},{"not_picked":["MilkyWay+1","JA"],"picked":"DeepEcoloBomb","floor":10},{"not_picked":["MeteoricShower","MilkyWay+1"],"picked":"DarkMatter+1","floor":12},{"not_picked":["6A","AsteroidBelt+1"],"picked":"DarkSpark","floor":14}],"player_experience":364228,"relics_obtained":[{"floor":8,"key":"PreservedInsect"},{"floor":9,"key":"Bronze Scales"},{"floor":10,"key":"Gremlin Horn"},{"floor":12,"key":"Boot"}],"event_choices":[{"damage_healed":0,"gold_gain":0,"player_choice":"Take Damage","damage_taken":18,"relics_obtained":["Golden Idol"],"max_hp_gain":0,"max_hp_loss":0,"event_name":"Golden Idol","floor":2,"gold_loss":0},{"damage_healed":0,"gold_gain":0,"player_choice":"Gave Potion","damage_taken":0,"relics_obtained":["Toxic Egg 2"],"max_hp_gain":0,"max_hp_loss":0,"event_name":"WeMeetAgain","floor":3,"gold_loss":0},{"cards_removed":["Strike_MRS"],"damage_healed":0,"gold_gain":0,"player_choice":"Card Removal","damage_taken":7,"max_hp_gain":0,"max_hp_loss":0,"event_name":"Golden Wing","floor":6,"gold_loss":0},{"damage_healed":0,"gold_gain":75,"player_choice":"Gather Gold","damage_taken":11,"max_hp_gain":0,"max_hp_loss":0,"event_name":"World of Goop","floor":7,"gold_loss":0}],"is_beta":false,"boss_relics":[],"items_purged_floors":[13],"is_endless":false,"potions_floor_spawned":[1,5,12],"killed_by":"Slime Boss","ascension_level":3}}