{"host":"6qo42zgaknezulyg","time":1607844665,"event":{"mods":["2.2 Compatiblity","BaseMod","Keyboard Shortcuts","Minty Spire (QoL Compilation)","Permanent Neow","Quick Restart","StSLib","SuperFastMode","The Cursed"],"gold_per_floor":[14,14,14,34,34,34,55,80,160,191,209,240,256,19,19,140,140,165,190,208,249,262,262,297,297,322,343,442,357,357,370,370,489,489,508,529,862,1084,1084,1084,331,342,369,369,384,415,430,0,0,0],"floor_reached":51,"playtime":2891,"items_purged":["TheCursedMod:CircleOfAmplification","TheCursedMod:Strike_TheCursed+1","TheCursedMod:Defend_TheCursed"],"score":1078,"play_id":"092339bf-944d-4a5b-a686-e868c10a6214","local_time":"20201213163105","is_ascension_mode":true,"campfire_choices":[{"data":"TheCursedMod:TacticalStrike","floor":6.0,"key":"SMITH"},{"data":"TheCursedMod:DarkBarrier","floor":15.0,"key":"SMITH"},{"data":"TheCursedMod:CursedMace","floor":23.0,"key":"SMITH"},{"floor":25.0,"key":"REST"},{"floor":30.0,"key":"REST"},{"floor":32.0,"key":"REST"},{"floor":40.0,"key":"REST"},{"floor":44.0,"key":"REST"},{"floor":49.0,"key":"REST"}],"circlet_count":0,"master_deck":["TheCursedMod:Defend_TheCursed","TheCursedMod:Defend_TheCursed","TheCursedMod:Defend_TheCursed","TheCursedMod:CursedWand","TheCursedMod:CleanUpWorkshop+1","TheCursedMod:Dregs","TheCursedMod:SpitefulStrike+1","TheCursedMod:TacticalStrike+1","TheCursedMod:WearCloak","TheCursedMod:CursedMace+1","TheCursedMod:HellsGateOpen+1","TheCursedMod:SpitefulStrike","TheCursedMod:StunningStrike+1","TheCursedMod:DarkBarrier+1","TheCursedMod:VoidForm+1","TheCursedMod:SpitefulPray","TheCursedMod:BlessingInDisguise","TheCursedMod:CursedAmulet+1","TheCursedMod:HellfireBreathing+1","TheCursedMod:Obscuration","TheCursedMod:ReleasedStrength","TheCursedMod:Neurasthenia","TheCursedMod:CollectTribute+1","Thinking Ahead","Flash of Steel","TheCursedMod:ManaCirculation+1","TheCursedMod:Neurasthenia","TheCursedMod:CursedAmulet","TheCursedMod:CursedStaff","TheCursedMod:Grudge","TheCursedMod:NeowsMight"],"relics":["TheCursedMod:BlackMagic101","Frozen Egg 2","Happy Flower","TheCursedMod:Tack","Philosopher\u0027s Stone","Red Mask","Potion Belt","Regal Pillow","Boot","Sozu","Whetstone","Bag of Preparation","Lantern","Letter Opener","Strange Spoon"],"acts_visited":["Exordium","TheCity","TheBeyond"],"potions_floor_usage":[],"damage_taken":[{"damage":2.0,"enemies":"Jaw Worm","floor":1.0,"turns":3.0},{"damage":2.0,"enemies":"Small Slimes","floor":4.0,"turns":3.0},{"damage":0.0,"enemies":"Cultist","floor":7.0,"turns":2.0},{"damage":0.0,"enemies":"3 Louse","floor":8.0,"turns":4.0},{"damage":20.0,"enemies":"Gremlin Nob","floor":10.0,"turns":5.0},{"damage":3.0,"enemies":"Exordium Wildlife","floor":11.0,"turns":4.0},{"damage":2.0,"enemies":"3 Sentries","floor":12.0,"turns":8.0},{"damage":8.0,"enemies":"Exordium Thugs","floor":13.0,"turns":4.0},{"damage":9.0,"enemies":"Hexaghost","floor":16.0,"turns":10.0},{"damage":10.0,"enemies":"Shell Parasite","floor":18.0,"turns":3.0},{"damage":4.0,"enemies":"Chosen","floor":19.0,"turns":3.0},{"damage":0.0,"enemies":"Centurion and Healer","floor":20.0,"turns":5.0},{"damage":1.0,"enemies":"Masked Bandits","floor":21.0,"turns":4.0},{"damage":3.0,"enemies":"Snecko","floor":22.0,"turns":4.0},{"damage":32.0,"enemies":"Slavers","floor":24.0,"turns":3.0},{"damage":17.0,"enemies":"Chosen and Byrds","floor":27.0,"turns":4.0},{"damage":2.0,"enemies":"Centurion and Healer","floor":31.0,"turns":4.0},{"damage":23.0,"enemies":"Collector","floor":33.0,"turns":6.0},{"damage":16.0,"enemies":"3 Shapes","floor":35.0,"turns":4.0},{"damage":9.0,"enemies":"Orb Walker","floor":36.0,"turns":4.0},{"damage":53.0,"enemies":"4 Shapes","floor":42.0,"turns":14.0},{"damage":17.0,"enemies":"Maw","floor":45.0,"turns":6.0},{"damage":0.0,"enemies":"Giant Head","floor":46.0,"turns":6.0},{"damage":17.0,"enemies":"Transient","floor":47.0,"turns":5.0},{"damage":36,"enemies":"Awakened One","floor":50,"turns":9}],"seed_played":"-2691843826278039255","potions_obtained":[{"floor":1.0,"key":"LiquidMemories"},{"floor":7.0,"key":"SpeedPotion"},{"floor":11.0,"key":"EntropicBrew"},{"floor":13.0,"key":"SkillPotion"},{"floor":20.0,"key":"DuplicationPotion"},{"floor":31.0,"key":"LiquidMemories"}],"is_trial":false,"path_per_floor":["M","?","?","M","?","R","M","M","T","E","M","E","M","$","R","B",null,"M","M","M","?","M","R","E","R","T","M","?","?","R","M","R","B",null,"M","M","?","?","?","R","$","M","T","R","M","E","M","$","R","B",null],"character_chosen":"THE_CURSED","items_purchased":["TheCursedMod:DarkBarrier","Whetstone","Bag of Preparation","TheCursedMod:ManaCirculation+1","TheCursedMod:Neurasthenia","TheCursedMod:CursedAmulet","TheCursedMod:NeowsMight","Strange Spoon"],"campfire_rested":6,"item_purchase_floors":[14,41,41,41,41,41,48,48],"current_hp_per_floor":[66,66,51,49,49,49,49,49,49,29,26,24,16,16,16,7,54,44,40,40,39,36,36,4,24,24,7,7,7,42,40,69,46,63,47,38,38,38,33,68,68,15,15,50,33,33,16,16,51,15],"gold":0,"neow_bonus":"TRANSFORM_TWO_CARDS","is_daily":false,"chose_seed":false,"campfire_upgraded":3,"win_rate":0.0,"timestamp":1607844665,"path_taken":["M","?","?","M","?","R","?","M","T","E","M","E","M","$","R","BOSS","M","M","?","?","M","R","E","R","T","M","?","?","R","M","R","BOSS","M","M","?","?","?","R","$","?","T","R","M","E","M","$","R","BOSS"],"items_purchased_type":["Card","Relic","Relic","Card","Card","Card","Card","Relic"],"build_version":"2020-11-30","purchased_purges":3,"victory":true,"max_hp_per_floor":[75,75,75,75,69,69,69,69,69,69,69,69,69,69,69,69,69,69,69,69,69,69,69,69,69,69,69,69,69,69,69,69,69,69,69,69,69,69,69,69,69,69,69,69,69,69,69,69,69,69],"card_choices":[{"not_picked":["TheCursedMod:Mangle","TheCursedMod:CircleOfCorruption"],"picked":"TheCursedMod:TacticalStrike","floor":1.0},{"not_picked":["TheCursedMod:SpitefulStrike","TheCursedMod:RavingStaff","TheCursedMod:SmokeScreen"],"picked":"SKIP","floor":4.0},{"not_picked":["TheCursedMod:TacticalStrike","TheCursedMod:Stretching"],"picked":"TheCursedMod:WearCloak","floor":7.0},{"not_picked":["TheCursedMod:CircleOfCorruption","TheCursedMod:TacticalStrike"],"picked":"TheCursedMod:CursedMace","floor":8.0},{"not_picked":["TheCursedMod:DoubleShield","TheCursedMod:CircleOfFocus"],"picked":"TheCursedMod:HellsGateOpen+1","floor":10.0},{"not_picked":["TheCursedMod:TroublousMinions","TheCursedMod:Stretching"],"picked":"TheCursedMod:SpitefulStrike","floor":11.0},{"not_picked":["TheCursedMod:SpitefulPray","TheCursedMod:RavingStaff"],"picked":"TheCursedMod:StunningStrike","floor":12.0},{"not_picked":["TheCursedMod:Stigma","TheCursedMod:TacticalStrike","TheCursedMod:CursedShiv"],"picked":"SKIP","floor":13.0},{"not_picked":["TheCursedMod:Stigma","TheCursedMod:TacticalStrike","TheCursedMod:CursedShiv"],"picked":"SKIP","floor":13.0},{"not_picked":["TheCursedMod:NeowsMight","TheCursedMod:DemonicPact+1"],"picked":"TheCursedMod:VoidForm+1","floor":16.0},{"not_picked":["TheCursedMod:FleshFromBone","TheCursedMod:CircleOfFlame"],"picked":"TheCursedMod:SpitefulPray","floor":18.0},{"not_picked":["TheCursedMod:CircleOfCorruption","TheCursedMod:Torture"],"picked":"TheCursedMod:BlessingInDisguise","floor":19.0},{"not_picked":["TheCursedMod:FleshFromBone","TheCursedMod:SpitefulStrike"],"picked":"TheCursedMod:CursedAmulet+1","floor":20.0},{"not_picked":["TheCursedMod:EmpowerCircles+1","TheCursedMod:CircleOfAmplification"],"picked":"TheCursedMod:HellfireBreathing+1","floor":21.0},{"not_picked":["TheCursedMod:SpitefulStrike","TheCursedMod:CircleOfWindfury"],"picked":"TheCursedMod:Obscuration","floor":22.0},{"not_picked":["TheCursedMod:CircleOfCorruption","TheCursedMod:CircleOfAmplification"],"picked":"TheCursedMod:ReleasedStrength","floor":24.0},{"not_picked":["TheCursedMod:CursedShiv","TheCursedMod:TacticalStrike"],"picked":"TheCursedMod:Neurasthenia","floor":27.0},{"not_picked":["TheCursedMod:PrepareRite","TheCursedMod:SmokeScreen","TheCursedMod:Obscuration"],"picked":"SKIP","floor":31.0},{"not_picked":["TheCursedMod:StunningStrike","TheCursedMod:NeowsMight"],"picked":"TheCursedMod:CollectTribute+1","floor":33.0},{"not_picked":["TheCursedMod:CursedBlade+1","TheCursedMod:Wield","TheCursedMod:Torture"],"picked":"SKIP","floor":35.0},{"not_picked":["TheCursedMod:EmpowerCircles+1","TheCursedMod:TroublousMinions+1","TheCursedMod:HellsGateOpen+1"],"picked":"SKIP","floor":36.0},{"not_picked":["Magnetism+1","Dramatic Entrance"],"picked":"Thinking Ahead","floor":39.0},{"not_picked":["Transmutation","Discovery"],"picked":"Flash of Steel","floor":39.0},{"not_picked":["TheCursedMod:Wield","TheCursedMod:CircleOfFocus","TheCursedMod:CircleOfCorruption+1"],"picked":"SKIP","floor":42.0},{"not_picked":["TheCursedMod:Hemoplague+1","TheCursedMod:RavingStaff","TheCursedMod:CircleOfFlame+1"],"picked":"SKIP","floor":45.0},{"not_picked":["TheCursedMod:RavingStaff+1","TheCursedMod:CursedShiv+1"],"picked":"TheCursedMod:CursedStaff","floor":46.0},{"not_picked":["TheCursedMod:Mangle+1","TheCursedMod:Torture+1"],"picked":"TheCursedMod:Grudge","floor":47.0}],"player_experience":755491,"relics_obtained":[{"floor":9.0,"key":"Frozen Egg 2"},{"floor":10.0,"key":"Happy Flower"},{"floor":12.0,"key":"TheCursedMod:Tack"},{"floor":21.0,"key":"Red Mask"},{"floor":24.0,"key":"Potion Belt"},{"floor":26.0,"key":"Regal Pillow"},{"floor":43.0,"key":"Lantern"},{"floor":46.0,"key":"Letter Opener"}],"event_choices":[{"cards_removed":["TheCursedMod:Strike_TheCursed"],"damage_healed":0.0,"max_hp_gain":0.0,"max_hp_loss":0.0,"gold_gain":0.0,"event_name":"Living Wall","player_choice":"Forget","floor":2.0,"gold_loss":0.0,"damage_taken":0.0},{"damage_healed":0.0,"max_hp_gain":0.0,"max_hp_loss":0.0,"gold_gain":0.0,"event_name":"Shining Light","player_choice":"Entered Light","floor":3.0,"gold_loss":0.0,"damage_taken":15.0,"cards_upgraded":["TheCursedMod:CleanUpWorkshop","TheCursedMod:Strike_TheCursed"]},{"damage_healed":0.0,"max_hp_gain":0.0,"max_hp_loss":6.0,"gold_gain":0.0,"event_name":"Golden Idol","player_choice":"Lose Max HP","floor":5.0,"gold_loss":0.0,"damage_taken":0.0,"relics_obtained":["Golden Idol"]},{"damage_healed":0.0,"max_hp_gain":0.0,"max_hp_loss":0.0,"gold_gain":0.0,"event_name":"Masked Bandits","player_choice":"Fought Bandits","floor":21.0,"gold_loss":0.0,"damage_taken":0.0},{"damage_healed":0.0,"max_hp_gain":0.0,"max_hp_loss":0.0,"gold_gain":99.0,"event_name":"Nest","player_choice":"Stole From Cult","floor":28.0,"gold_loss":0.0,"damage_taken":0.0},{"damage_healed":0.0,"max_hp_gain":0.0,"max_hp_loss":0.0,"gold_gain":0.0,"event_name":"Addict","player_choice":"Obtained Relic","floor":29.0,"gold_loss":85.0,"damage_taken":0.0,"relics_obtained":["Boot"]},{"damage_healed":0.0,"max_hp_gain":0.0,"max_hp_loss":0.0,"gold_gain":333.0,"event_name":"The Moai Head","player_choice":"Gave Idol","floor":37.0,"relics_lost":["Golden Idol"],"gold_loss":0.0,"damage_taken":0.0},{"damage_healed":0.0,"max_hp_gain":0.0,"max_hp_loss":0.0,"gold_gain":222.0,"event_name":"Tomb of Lord Red Mask","player_choice":"Wore Mask","floor":38.0,"gold_loss":0.0,"damage_taken":0.0},{"damage_healed":0.0,"max_hp_gain":0.0,"max_hp_loss":0.0,"gold_gain":0.0,"event_name":"SensoryStone","player_choice":"Memory 2","floor":39.0,"gold_loss":0.0,"damage_taken":5.0}],"is_beta":false,"boss_relics":[{"not_picked":["Empty Cage","Fusion Hammer"],"picked":"Philosopher\u0027s Stone"},{"not_picked":["TheCursedMod:BlackMagicAdvanced","SlaversCollar"],"picked":"Sozu"}],"items_purged_floors":[14,41,48],"is_endless":false,"potions_floor_spawned":[1,7,11,13,18,20,31,36,42,45],"ascension_level":9}}