{"host":"coame8l8goqx0svj","time":1607897281,"event":{"mods":["BaseMod","Downfall","Minty Spire (QoL Compilation)","StSLib"],"gold_per_floor":[99,128,128,128,228,243,543,575,591,591,602,119,37,55,66,163,163,163,179,194,221,171,206,206,206,206],"floor_reached":25,"playtime":2221,"items_purged":[],"score":301,"play_id":"9a2d636c-c53a-4324-8ea8-96eff94ffa09","local_time":"20201213230801","is_ascension_mode":true,"campfire_choices":[{"data":"hexamod:Sear","floor":1,"key":"SMITH"},{"data":"hexamod:TurnItUp","floor":10,"key":"SMITH"},{"data":"Metamorphosis","floor":18,"key":"SMITH"}],"circlet_count":0,"master_deck":["hexamod:Strike","hexamod:Strike","hexamod:Defend","hexamod:Defend","hexamod:Defend","hexamod:Sear+1","hexamod:Float","hexamod:GhostShield","hexamod:BacktrackSmack+1","hexamod:TurnItUp+1","hexamod:GhostShield","hexamod:Hexaguard","hexamod:PowerFromBeyond","hexamod:TimeOfNeed","Metamorphosis+1","hexamod:FirstSeal","hexamod:ExtraCrispy","hexamod:HauntingEcho","hexamod:VolcanoVisage","hexamod:HeatShield","hexamod:Hexaguard+1","hexamod:FirstSeal","hexamod:HexaLevel"],"relics":["hexamod:SpiritBrand","downfall:HeartsMalice","Strawberry","Old Coin","Mummified Hand","PreservedInsect","Chemical X","SlaversCollar","Turnip","Blue Candle","Bottled Tornado"],"acts_visited":["Exordium","TheCity"],"potions_floor_usage":[23,23,25],"damage_taken":[{"damage":0,"enemies":"Gremlin Nob","floor":2,"turns":1},{"damage":0,"enemies":"Small Slimes","floor":4,"turns":1},{"damage":0,"enemies":"downfall:Heads","floor":5,"turns":1},{"damage":0,"enemies":"Cultist","floor":6,"turns":3},{"damage":16,"enemies":"3 Sentries","floor":8,"turns":11},{"damage":7,"enemies":"Jaw Worm","floor":9,"turns":3},{"damage":0,"enemies":"Large Slime","floor":11,"turns":5},{"damage":0,"enemies":"downfall:FleeingMerchant","floor":12,"turns":4},{"damage":10,"enemies":"downfall:FleeingMerchant","floor":13,"turns":4},{"damage":13,"enemies":"Blue Slaver","floor":14,"turns":4},{"damage":1,"enemies":"3 Louse","floor":15,"turns":3},{"damage":24,"enemies":"downfall:Watcher","floor":16,"turns":9},{"damage":11,"enemies":"Spheric Guardian","floor":19,"turns":4},{"damage":33,"enemies":"3 Byrds","floor":20,"turns":6},{"damage":31,"enemies":"Gremlin Leader","floor":21,"turns":6},{"damage":35,"enemies":"Slavers","floor":23,"turns":4},{"damage":33,"enemies":"Gremlin Leader","floor":25,"turns":3}],"seed_played":"143518812148692","potions_obtained":[{"floor":8,"key":"champ:CounterPotion"},{"floor":11,"key":"DistilledChaos"},{"floor":14,"key":"hexamod:EctoCoolerPotion"}],"is_trial":false,"path_per_floor":["R","E","?","M","?","M","T","E","M","R","M","$","$","M","M","B",null,"R","M","M","E","?","E","T","E"],"character_chosen":"THE_SPIRIT","items_purchased":["PreservedInsect","Metamorphosis","Chemical X","hexamod:ExtraCrispy"],"campfire_rested":0,"item_purchase_floors":[12,12,12,13],"current_hp_per_floor":[70,77,77,77,77,77,77,61,54,54,54,54,44,38,44,27,77,77,73,47,23,52,31,31,0,0],"gold":206,"neow_bonus":"THREE_ENEMY_KILL","is_daily":false,"chose_seed":false,"campfire_upgraded":3,"win_rate":0.0,"timestamp":1607897281,"path_taken":["R","E","?","?","?","M","T","E","M","R","M","$","$","M","M","BOSS","R","M","M","E","?","E","T","E"],"items_purchased_type":["Relic","Card","Relic","Card"],"build_version":"2020-11-30","purchased_purges":0,"victory":false,"max_hp_per_floor":[70,77,77,77,77,77,77,77,77,77,77,77,77,77,77,77,77,77,77,77,77,77,77,77,77,77],"card_choices":[{"not_picked":["hexamod:InspiringFlames","hexamod:BacktrackSmack"],"picked":"hexamod:GhostShield","floor":2},{"not_picked":["hexamod:ThermalTransfer","hexamod:ShieldOfDarkness","hexamod:Firestarter"],"picked":"SKIP","floor":4},{"not_picked":["hexamod:ShieldOfDarkness","hexamod:SwordOfDarkness"],"picked":"hexamod:GhostShield","floor":5},{"not_picked":["hexamod:AdvancingGuard","hexamod:ThermalTransfer"],"picked":"hexamod:Hexaguard","floor":6},{"not_picked":["hexamod:CrushingStance","hexamod:HeatCrush"],"picked":"hexamod:PowerFromBeyond","floor":8},{"not_picked":["hexamod:BurningTouch","hexamod:ShieldOfDarkness","hexamod:Haunt"],"picked":"SKIP","floor":9},{"not_picked":["hexamod:GhostShield","hexamod:NightmareGuise","hexamod:ShieldOfDarkness"],"picked":"SKIP","floor":11},{"not_picked":["hexamod:HeatMetal","hexamod:DynamicBlow"],"picked":"hexamod:TimeOfNeed","floor":12},{"not_picked":["hexamod:PowerFromBeyond","hexamod:HauntingEcho"],"picked":"hexamod:FirstSeal","floor":13},{"not_picked":["hexamod:SwordOfDarkness","hexamod:AdvancingGuard","hexamod:NecessarySacrifice"],"picked":"SKIP","floor":14},{"not_picked":["hexamod:ShieldOfDarkness","hexamod:InspiringFlames"],"picked":"hexamod:HauntingEcho","floor":15},{"not_picked":["hexamod:ApocalypseNow","hexamod:WildfireWeapon"],"picked":"hexamod:VolcanoVisage","floor":16},{"not_picked":["hexamod:BacktrackSmack","hexamod:PhantomFireball"],"picked":"hexamod:HeatShield","floor":19},{"not_picked":["hexamod:Firestarter","hexamod:DynamicBlow"],"picked":"hexamod:Hexaguard+1","floor":20},{"not_picked":["hexamod:ThermalTransfer+1","hexamod:GhostLash"],"picked":"hexamod:FirstSeal","floor":21},{"not_picked":["hexamod:AdvancingGuard+1","hexamod:ThirdSeal"],"picked":"hexamod:HexaLevel","floor":23}],"player_experience":1583541,"relics_obtained":[{"floor":2,"key":"Strawberry"},{"floor":7,"key":"Old Coin"},{"floor":8,"key":"Mummified Hand"},{"floor":21,"key":"Turnip"},{"floor":23,"key":"Blue Candle"},{"floor":24,"key":"Bottled Tornado"}],"event_choices":[{"damage_healed":0,"gold_gain":0,"cards_transformed":["hexamod:Strike"],"player_choice":"Transformed","damage_taken":0,"max_hp_gain":0,"max_hp_loss":0,"event_name":"Transmorgrifier","floor":3,"gold_loss":0,"cards_obtained":["hexamod:BacktrackSmack"]}],"is_beta":false,"boss_relics":[{"not_picked":["Astrolabe","hexamod:IceCube"],"picked":"SlaversCollar"}],"items_purged_floors":[],"is_endless":false,"potions_floor_spawned":[8,11,14,15,16,20],"killed_by":"Gremlin Leader","ascension_level":2}}