{"host":"r53pw7z744tg3fxg","time":1607879396,"event":{"mods":["AchievementEnabler","BaseMod","Colored Map","Colored Powertips","Highlight Path","Minty Spire (QoL Compilation)","Quick Restart","Transform Curses"],"gold_per_floor":[110,110,13,13,13,13,44,44,118,118,147,164,164,175,175,270,270,281,60,60,60,79,111,111,111,111,141,156,156,156,156],"floor_reached":30,"playtime":1034,"items_purged":[],"score":484,"play_id":"e5ac35bb-af5e-472b-bbee-a6253eefd9b3","local_time":"20201213100956","is_ascension_mode":true,"campfire_choices":[{"data":"PathToVictory","floor":6.0,"key":"SMITH"},{"data":"Scrawl","floor":8.0,"key":"SMITH"},{"data":"CarveReality","floor":10.0,"key":"SMITH"},{"data":"SpiritShield","floor":13.0,"key":"SMITH"},{"data":"Vigilance","floor":15.0,"key":"SMITH"},{"floor":25,"key":"REST"},{"floor":29,"key":"REST"}],"circlet_count":0,"master_deck":["Strike_P","Strike_P","Strike_P","Strike_P","Defend_P+1","Defend_P","Defend_P","Defend_P+1","Eruption+1","Vigilance+1","FollowUp","CarveReality+1","FlurryOfBlows","PathToVictory+1","Scrawl+1","SpiritShield+1","LessonLearned","SpiritShield+1","DeusExMachina+1","Meditate+1","BattleHymn+1","Consecrate","CutThroughFate","RitualDagger","Consecrate","MasterReality","Panacea","Evaluate","ReachHeaven","Prostrate","BowlingBash"],"relics":["PureWater","NeowsBlessing","Unceasing Top","Darkstone Periapt","Kunai","Astrolabe","Lantern","Boot","CaptainsWheel","Yang"],"acts_visited":["Exordium","TheCity"],"potions_floor_usage":[27,27],"damage_taken":[{"damage":0.0,"enemies":"Jaw Worm","floor":1.0,"turns":1.0},{"damage":0.0,"enemies":"Gremlin Nob","floor":7.0,"turns":1.0},{"damage":0.0,"enemies":"3 Sentries","floor":11.0,"turns":2.0},{"damage":0.0,"enemies":"Cultist","floor":12.0,"turns":2.0},{"damage":0.0,"enemies":"2 Louse","floor":14.0,"turns":1.0},{"damage":0.0,"enemies":"Slime Boss","floor":16.0,"turns":4.0},{"damage":35.0,"enemies":"3 Byrds","floor":18.0,"turns":6.0},{"damage":0.0,"enemies":"Spheric Guardian","floor":22.0,"turns":2.0},{"damage":11,"enemies":"Gremlin Leader","floor":23,"turns":4},{"damage":29,"enemies":"Slavers","floor":27,"turns":3},{"damage":8,"enemies":"Snake Plant","floor":28,"turns":4},{"damage":23,"enemies":"Book of Stabbing","floor":30,"turns":4}],"seed_played":"8032696456810411393","potions_obtained":[{"floor":12.0,"key":"Dexterity Potion"},{"floor":14.0,"key":"Weak Potion"},{"floor":16.0,"key":"BottledMiracle"},{"floor":18.0,"key":"Swift Potion"},{"floor":23,"key":"LiquidMemories"}],"is_trial":false,"path_per_floor":["M","?","$","?","?","R","E","R","T","R","E","M","R","M","R","B",null,"M","$","?","?","M","E","$","R","T","E","M","R","E"],"character_chosen":"WATCHER","items_purchased":["CarveReality","FlurryOfBlows","Lantern","Consecrate","CutThroughFate"],"campfire_rested":2,"item_purchase_floors":[3,3,19,19,19],"current_hp_per_floor":[65,65,65,65,65,65,65,65,65,65,65,65,65,65,65,65,70,35,35,29,29,29,18,18,39,39,10,2,23,0,0],"gold":156,"neow_bonus":"THREE_ENEMY_KILL","is_daily":false,"chose_seed":false,"campfire_upgraded":5,"win_rate":0.0,"timestamp":1607879396,"path_taken":["M","?","$","?","?","R","E","R","T","R","E","?","R","M","R","BOSS","M","$","?","?","M","E","$","R","T","E","?","R","E"],"items_purchased_type":["Card","Card","Relic","Card","Card"],"build_version":"2020-11-30","purchased_purges":0,"victory":false,"max_hp_per_floor":[72,72,72,72,72,72,72,72,72,72,72,72,72,72,72,72,72,72,72,72,72,72,72,72,72,72,72,72,72,72,72],"card_choices":[{"not_picked":["JustLucky","Prostrate"],"picked":"FollowUp","floor":1.0},{"not_picked":["Worship","Protect"],"picked":"Scrawl","floor":7.0},{"not_picked":["Protect","Adaptation"],"picked":"SpiritShield","floor":11.0},{"not_picked":["Wallop","Swivel"],"picked":"JustLucky","floor":12.0},{"not_picked":["FollowUp","SashWhip"],"picked":"InnerPeace","floor":14.0},{"not_picked":["Ragnarok","Omniscience"],"picked":"LessonLearned","floor":16.0},{"not_picked":["PathToVictory","Halt"],"picked":"BattleHymn+1","floor":18.0},{"not_picked":["SignatureMove","Evaluate","JustLucky"],"picked":"SKIP","floor":22.0},{"not_picked":["SignatureMove","JustLucky"],"picked":"Evaluate","floor":22.0},{"not_picked":["Meditate","FlurryOfBlows"],"picked":"ReachHeaven","floor":23},{"not_picked":["SpiritShield","MentalFortress"],"picked":"Prostrate","floor":27},{"not_picked":["Weave","Consecrate+1"],"picked":"BowlingBash","floor":28}],"player_experience":1098429,"relics_obtained":[{"floor":7.0,"key":"Unceasing Top"},{"floor":9.0,"key":"Darkstone Periapt"},{"floor":11.0,"key":"Kunai"},{"floor":23,"key":"Boot"},{"floor":26,"key":"CaptainsWheel"},{"floor":27,"key":"Yang"}],"event_choices":[{"damage_healed":0.0,"max_hp_gain":0.0,"max_hp_loss":0.0,"gold_gain":0.0,"event_name":"Liars Game","player_choice":"Ignored","floor":2.0,"gold_loss":0.0,"damage_taken":0.0},{"damage_healed":0.0,"max_hp_gain":0.0,"max_hp_loss":0.0,"gold_gain":0.0,"event_name":"Living Wall","player_choice":"Grow","floor":4.0,"gold_loss":0.0,"damage_taken":0.0,"cards_upgraded":["Eruption"]},{"damage_healed":0.0,"max_hp_gain":0.0,"max_hp_loss":0.0,"gold_gain":0.0,"event_name":"Match and Keep!","player_choice":"2 cards matched","floor":5.0,"gold_loss":0.0,"damage_taken":0.0,"cards_obtained":["FearNoEvil","PathToVictory"]},{"damage_healed":0.0,"max_hp_gain":0.0,"max_hp_loss":0.0,"gold_gain":0.0,"event_name":"Nest","player_choice":"Joined the Cult","floor":20.0,"gold_loss":0.0,"damage_taken":6.0,"cards_obtained":["RitualDagger"]},{"damage_healed":0.0,"max_hp_gain":0.0,"max_hp_loss":0.0,"gold_gain":0.0,"event_name":"Match and Keep!","player_choice":"3 cards matched","floor":21.0,"gold_loss":0.0,"damage_taken":0.0,"cards_obtained":["Consecrate","MasterReality","Panacea"]}],"is_beta":false,"boss_relics":[{"not_picked":["Ectoplasm","Pandora\u0027s Box"],"picked":"Astrolabe"}],"items_purged_floors":[],"is_endless":false,"potions_floor_spawned":[12,14,16,18,23],"killed_by":"Book of Stabbing","ascension_level":6}}