{"host":"bc298c4gavna5tx2","time":1607844324,"event":{"mods":["Act Like it!","Ascension Reborn","BaseMod","Challenge The Spire","Minty Spire (QoL Compilation)","MostiFishMod","Quick Restart","Spicy Shops","StSLib","TestMod","vexMod","【功能Mod】混沌之环修复补丁","【功能Mod】聪明的最终Boss","【遗物卡牌】REMEMod"],"gold_per_floor":[151,151,264,383,496,496,3,3,118,238,350,-1050,-1050,-1050,-939,-827,-712,-595],"floor_reached":19,"playtime":551,"items_purged":["Defend_B","Strike_B","Defend_B+1"],"score":3340,"play_id":"48fe2bc0-a3cf-4979-8f72-61c917a836d7","local_time":"20201213152524","daily_mods":["challengethespire:Platinum Difficulty","challengethespire:Boss Rush","Uncertain Future"],"is_ascension_mode":true,"campfire_choices":[{"data":"Zap","floor":2,"key":"SMITH"},{"data":"Strike_B","floor":8,"key":"SMITH"},{"data":"Dualcast","floor":14,"key":"SMITH"}],"circlet_count":0,"master_deck":["Strike_B+1","Strike_B+1","Strike_B+1","Defend_B","Defend_B","Zap+1","Dualcast+1","REME_BattleFury+1","Chaos+1","MostiFishMod:FrostNova+1","MostiFishMod:WinterMarkForm+1","Defend_B+1","MostiFishMod:ReadyAimFire+1"],"relics":["Cracked Core","The Courier","Molten Egg 2","Toxic Egg 2","Frozen Egg 2","DaveBox","testmod-TestBox","REME_ComplimentaryCards","FeatherPendant","testmod-Antiphasic","Mummified Hand","Regal Pillow","vexMod:Dragonfruit","Darkstone Periapt","HornCleat","FrostBlade","ImprovedEquipment","Symbiotic Virus","REME_HandOfSuture","vexMod:InvisibilityCloak","Whetstone","SynthV:MejaisSoulstealer","StrikeDummy","Bag of Preparation","ImportantClient","DaCapo","Omamori"],"acts_visited":["Exordium"],"potions_floor_usage":[],"damage_taken":[{"damage":0,"enemies":"Hexaghost","floor":3,"turns":1},{"damage":0,"enemies":"Slime Boss","floor":4,"turns":2},{"damage":0,"enemies":"The Guardian","floor":5,"turns":1},{"damage":0,"enemies":"Collector","floor":9,"turns":2},{"damage":0,"enemies":"Automaton","floor":10,"turns":3},{"damage":0,"enemies":"Champ","floor":11,"turns":1},{"damage":0,"enemies":"Time Eater","floor":15,"turns":2},{"damage":0,"enemies":"Donu and Deca","floor":16,"turns":1},{"damage":0,"enemies":"Awakened One","floor":17,"turns":3},{"damage":4,"enemies":"The Heart","floor":18,"turns":3}],"seed_played":"-3172076048914031058","potions_obtained":[{"floor":3,"key":"PotionOfCapacity"},{"floor":10,"key":"ColorlessPotion"}],"is_trial":true,"path_per_floor":["$","R","M","M","M","T","$","R","M","M","M","T","$","R","M","M","M","M",null],"character_chosen":"DEFECT","items_purchased":["Mummified Hand","Regal Pillow","Chaos+1","ImprovedEquipment","Symbiotic Virus"],"campfire_rested":0,"item_purchase_floors":[1,1,1,7,7],"current_hp_per_floor":[75,75,80,80,80,80,80,80,80,80,80,80,80,80,80,80,80,76],"gold":-595,"neow_bonus":"","is_daily":false,"chose_seed":false,"campfire_upgraded":3,"win_rate":0.0,"timestamp":1607844324,"path_taken":["$","R","M","M","M","T","$","R","M","M","M","T","$","R","M","M","M","M"],"items_purchased_type":["Relic","Relic","Card","Relic","Relic"],"build_version":"2020-11-30","purchased_purges":3,"victory":true,"max_hp_per_floor":[75,75,80,80,80,80,80,80,80,80,80,80,80,80,80,80,80,80],"card_choices":[],"player_experience":63048,"relics_obtained":[{"floor":3,"key":"vexMod:Dragonfruit"},{"floor":4,"key":"Darkstone Periapt"},{"floor":5,"key":"HornCleat"},{"floor":9,"key":"REME_HandOfSuture"},{"floor":10,"key":"vexMod:InvisibilityCloak"},{"floor":11,"key":"Whetstone"},{"floor":15,"key":"StrikeDummy"},{"floor":16,"key":"Bag of Preparation"},{"floor":16,"key":"ImportantClient"},{"floor":17,"key":"DaCapo"},{"floor":18,"key":"Omamori"}],"event_choices":[],"is_beta":false,"boss_relics":[{"not_picked":["Pantograph","testmod-PortableAltar"],"picked":"FrostBlade"},{"not_picked":["vexMod:ImprovementManual","testmod-EnergyCheck"],"picked":"SynthV:MejaisSoulstealer"}],"items_purged_floors":[1,1,7],"is_endless":false,"potions_floor_spawned":[3,10,15,17,18],"ascension_level":0}}