{"host":"ow9msrs9p2ctkx99","time":1607872503,"event":{"mods":["AchievementEnabler","BaseMod","Colored Map","Colored Powertips","Minty Spire (QoL Compilation)","Permanent Neow","Quick Restart","SuperFastMode"],"gold_per_floor":[211,153,172,187,197,197,231,1,24,24,24,59,77,93,93,197,197,216,234,249,249,267,267,267,267,290,303,59,93,106,116,116,219,219,235,235,235,254,254,254],"floor_reached":39,"playtime":924,"items_purged":["Strike_B","Zap"],"score":643,"play_id":"5ee5c168-66a4-4295-887d-7916c0524905","local_time":"20201213161503","is_ascension_mode":true,"campfire_choices":[{"floor":6,"key":"REST"},{"data":"Darkness","floor":11,"key":"SMITH"},{"data":"Dualcast","floor":15,"key":"SMITH"},{"floor":23,"key":"REST"},{"data":"Electrodynamics","floor":25,"key":"SMITH"},{"floor":32,"key":"REST"}],"circlet_count":0,"master_deck":["AscendersBane","Strike_B","Strike_B","Defend_B","Defend_B","Defend_B","Defend_B","Dualcast+1","Compile Driver","Darkness+1","Genetic Algorithm","Glacier","Turbo","Cold Snap","Electrodynamics+1","Chill+1","Capacitor","Steam","Redo+1","Coolheaded+1","Darkness","Go for the Eyes+1","Core Surge","Leap+1","Doom and Gloom+1"],"relics":["Cracked Core","Tiny Chest","Vajra","Lee\u0027s Waffle","Calipers","Philosopher\u0027s Stone","InkBottle","Regal Pillow","Anchor","Unceasing Top","SlaversCollar","Gremlin Horn"],"acts_visited":["Exordium","TheCity","TheBeyond"],"potions_floor_usage":[33,33,35],"damage_taken":[{"damage":3,"enemies":"2 Louse","floor":1,"turns":2},{"damage":1,"enemies":"Cultist","floor":3,"turns":3},{"damage":13,"enemies":"Small Slimes","floor":4,"turns":4},{"damage":31,"enemies":"Red Slaver","floor":5,"turns":5},{"damage":31,"enemies":"Gremlin Nob","floor":7,"turns":5},{"damage":13,"enemies":"Lagavulin","floor":12,"turns":7},{"damage":14,"enemies":"Blue Slaver","floor":13,"turns":3},{"damage":6,"enemies":"Looter","floor":14,"turns":3},{"damage":31,"enemies":"Slime Boss","floor":16,"turns":11},{"damage":0,"enemies":"Chosen","floor":18,"turns":4},{"damage":12,"enemies":"Spheric Guardian","floor":19,"turns":4},{"damage":24,"enemies":"Chosen and Byrds","floor":20,"turns":5},{"damage":13,"enemies":"Centurion and Healer","floor":22,"turns":9},{"damage":3,"enemies":"Sentry and Sphere","floor":27,"turns":5},{"damage":2,"enemies":"Gremlin Leader","floor":29,"turns":7},{"damage":0,"enemies":"Cultist and Chosen","floor":30,"turns":6},{"damage":0,"enemies":"3 Cultists","floor":31,"turns":4},{"damage":55,"enemies":"Automaton","floor":33,"turns":9},{"damage":8,"enemies":"Orb Walker","floor":35,"turns":4},{"damage":32,"enemies":"3 Darklings","floor":38,"turns":7},{"damage":37,"enemies":"Transient","floor":39,"turns":3}],"seed_played":"-9128123100705016526","potions_obtained":[{"floor":7,"key":"Explosive Potion"},{"floor":12,"key":"Ancient Potion"},{"floor":16,"key":"PowerPotion"},{"floor":22,"key":"EssenceOfSteel"},{"floor":35,"key":"Fruit Juice"}],"is_trial":false,"path_per_floor":["M","?","M","M","M","R","E","$","T","$","R","E","M","M","R","B",null,"M","M","M","T","M","R","?","R","T","M","$","E","M","M","R","B",null,"M","T","?","M","M"],"character_chosen":"DEFECT","items_purchased":["Lee\u0027s Waffle","Anchor"],"campfire_rested":3,"item_purchase_floors":[8,28],"current_hp_per_floor":[65,65,64,51,20,42,11,82,82,82,82,69,55,49,49,18,66,66,54,30,30,17,41,41,41,41,38,38,36,36,36,75,20,67,64,64,64,32,0,0],"gold":254,"neow_bonus":"HUNDRED_GOLD","is_daily":false,"chose_seed":false,"campfire_upgraded":3,"win_rate":0.0,"timestamp":1607872503,"path_taken":["M","?","M","M","?","R","E","$","T","?","R","E","?","M","R","BOSS","M","M","M","?","?","R","?","R","T","M","$","E","M","?","R","BOSS","M","?","?","M","M"],"items_purchased_type":["Relic","Relic"],"build_version":"2020-11-30","purchased_purges":2,"victory":false,"max_hp_per_floor":[75,75,75,75,75,75,75,82,82,82,82,82,82,82,82,82,82,82,82,82,82,82,82,82,82,82,82,82,82,82,82,82,82,82,87,87,87,87,87,87],"card_choices":[{"not_picked":["Streamline","Force Field"],"picked":"Compile Driver","floor":1},{"not_picked":["Rebound","Hologram"],"picked":"Darkness","floor":3},{"not_picked":["Double Energy","Coolheaded"],"picked":"Genetic Algorithm","floor":4},{"not_picked":["Conserve Battery","Steam Power"],"picked":"Glacier","floor":5},{"not_picked":["Hello World","Streamline","Leap"],"picked":"SKIP","floor":7},{"not_picked":["Coolheaded","Go for the Eyes"],"picked":"Turbo","floor":12},{"not_picked":["Stack","Chaos"],"picked":"FTL","floor":13},{"not_picked":["Stack","Recycle"],"picked":"Cold Snap","floor":14},{"not_picked":["Thunder Strike","Rainbow"],"picked":"Electrodynamics","floor":16},{"not_picked":["Sweeping Beam","Redo"],"picked":"Chill+1","floor":18},{"not_picked":["Go for the Eyes+1","Consume"],"picked":"Capacitor","floor":19},{"not_picked":["Beam Cell","Rebound"],"picked":"Steam","floor":20},{"not_picked":["Cold Snap","Tempest"],"picked":"Redo+1","floor":22},{"not_picked":["Rip and Tear","Leap"],"picked":"Coolheaded+1","floor":27},{"not_picked":["White Noise","Beam Cell"],"picked":"Darkness","floor":29},{"not_picked":["Coolheaded","Lockon"],"picked":"Go for the Eyes+1","floor":30},{"not_picked":["Cold Snap","Static Discharge+1","Lockon"],"picked":"SKIP","floor":31},{"not_picked":["Electrodynamics","Reboot"],"picked":"Core Surge","floor":33},{"not_picked":["Blizzard","Compile Driver"],"picked":"Leap+1","floor":35},{"not_picked":["Conserve Battery+1","White Noise"],"picked":"Doom and Gloom+1","floor":38}],"player_experience":1017689,"relics_obtained":[{"floor":7,"key":"Vajra"},{"floor":12,"key":"Calipers"},{"floor":21,"key":"InkBottle"},{"floor":26,"key":"Regal Pillow"},{"floor":29,"key":"Unceasing Top"},{"floor":36,"key":"Gremlin Horn"}],"event_choices":[{"damage_healed":0,"gold_gain":0,"player_choice":"Paid Gold","damage_taken":0,"relics_obtained":["Tiny Chest"],"max_hp_gain":0,"max_hp_loss":0,"event_name":"WeMeetAgain","floor":2,"gold_loss":58},{"cards_removed":["Strike_B"],"damage_healed":0,"gold_gain":0,"player_choice":"Purged","damage_taken":0,"max_hp_gain":0,"max_hp_loss":0,"event_name":"Purifier","floor":24,"gold_loss":0},{"cards_removed":["FTL"],"damage_healed":0,"gold_gain":0,"player_choice":"Removed Attack","damage_taken":0,"max_hp_gain":0,"max_hp_loss":0,"event_name":"Falling","floor":37,"gold_loss":0}],"is_beta":false,"boss_relics":[{"not_picked":["Runic Dome","Snecko Eye"],"picked":"Philosopher\u0027s Stone"},{"not_picked":["Coffee Dripper","Black Star"],"picked":"SlaversCollar"}],"items_purged_floors":[8,28],"is_endless":false,"potions_floor_spawned":[7,12,16,18,22,27,30,31,35],"killed_by":"Transient","ascension_level":11}}