{"host":"1c52r9kaxdyo25eq","time":1607863475,"event":{"mods":["AchievementEnabler","BaseMod","Minty Spire (QoL Compilation)","Rare Cards Sparkle","SuperFastMode","everything is the same but u backflip on backflip"],"gold_per_floor":[115,133,133,154,154,185,185,135,135,90,104,104,51,126,126,255,255,274,290,290,314,314,314,328,328,328,358,358,358,358],"floor_reached":29,"playtime":1130,"items_purged":[],"score":277,"play_id":"b0566dc6-f876-474e-ac76-638fb1d92995","local_time":"20201213214435","is_ascension_mode":true,"campfire_choices":[{"data":"Barricade","floor":7,"key":"SMITH"},{"data":"Seeing Red","floor":12,"key":"SMITH"},{"floor":15,"key":"REST"},{"data":"True Grit","floor":23,"key":"SMITH"},{"data":"Body Slam","floor":25,"key":"SMITH"},{"floor":28,"key":"REST"}],"circlet_count":0,"master_deck":["Strike_R","Strike_R","Strike_R","Defend_R","Defend_R","Defend_R","Defend_R","Bash","Reaper","Evolve","Seeing Red+1","Metallicize","Barricade+1","Wild Strike","Shrug It Off","Offering","True Grit+1","Body Slam+1","Body Slam"],"relics":["Burning Blood","Bloody Idol","Letter Opener","Bag of Preparation","Mark of Pain","Sundial","Peace Pipe"],"acts_visited":["Exordium","TheCity"],"potions_floor_usage":[6,27,29],"damage_taken":[{"damage":10,"enemies":"2 Louse","floor":1,"turns":3},{"damage":29,"enemies":"Jaw Worm","floor":2,"turns":7},{"damage":19,"enemies":"Small Slimes","floor":4,"turns":4},{"damage":30,"enemies":"3 Sentries","floor":6,"turns":11},{"damage":15,"enemies":"Looter","floor":10,"turns":5},{"damage":8,"enemies":"Exordium Wildlife","floor":11,"turns":5},{"damage":26,"enemies":"The Guardian","floor":16,"turns":32},{"damage":21,"enemies":"Shell Parasite","floor":18,"turns":12},{"damage":19,"enemies":"Chosen","floor":19,"turns":6},{"damage":25,"enemies":"Snake Plant","floor":21,"turns":7},{"damage":6,"enemies":"Centurion and Healer","floor":24,"turns":9},{"damage":91,"enemies":"Gremlin Leader","floor":27,"turns":9},{"damage":28,"enemies":"Book of Stabbing","floor":29,"turns":6}],"seed_played":"1090039583079092507","potions_obtained":[{"floor":1,"key":"SkillPotion"},{"floor":16,"key":"BloodPotion"},{"floor":19,"key":"BlessingOfTheForge"},{"floor":24,"key":"EssenceOfSteel"}],"is_trial":false,"path_per_floor":["M","M","?","M","?","E","R","?","T","M","M","R","$","?","R","B",null,"M","M","?","M","?","R","M","R","T","E","R","E"],"character_chosen":"IRONCLAD","items_purchased":["Shrug It Off"],"campfire_rested":2,"item_purchase_floors":[13],"current_hp_per_floor":[79,58,38,33,33,21,21,21,21,18,24,24,24,13,37,23,80,71,62,62,47,47,47,62,62,62,14,38,14,14],"gold":358,"neow_bonus":"ONE_RANDOM_RARE_CARD","is_daily":false,"chose_seed":false,"campfire_upgraded":4,"win_rate":0.0,"timestamp":1607863475,"path_taken":["M","M","?","M","?","E","R","?","T","M","M","R","$","?","R","BOSS","M","M","?","M","?","R","M","R","T","E","R","E"],"items_purchased_type":["Card"],"build_version":"2020-11-30","purchased_purges":0,"victory":false,"max_hp_per_floor":[80,80,80,80,80,80,80,80,80,80,80,80,80,80,80,80,80,80,80,80,80,80,80,80,80,80,80,80,80,80],"card_choices":[{"not_picked":["Rampage","Cleave"],"picked":"Evolve","floor":1},{"not_picked":["Armaments","Clash"],"picked":"Seeing Red","floor":2},{"not_picked":["Infernal Blade","Warcry","Clash"],"picked":"SKIP","floor":4},{"not_picked":["Twin Strike","Combust"],"picked":"Barricade","floor":6},{"not_picked":["Warcry","Evolve"],"picked":"Wild Strike","floor":10},{"not_picked":["Headbutt","Cleave","Inflame"],"picked":"SKIP","floor":11},{"not_picked":["Brutality","Impervious"],"picked":"Offering","floor":16},{"not_picked":["Clothesline","Dropkick"],"picked":"True Grit","floor":18},{"not_picked":["Reckless Charge","Armaments"],"picked":"Body Slam","floor":19},{"not_picked":["True Grit","Demon Form","Heavy Blade+1"],"picked":"SKIP","floor":21},{"not_picked":["Uppercut","True Grit","Headbutt"],"picked":"SKIP","floor":24},{"not_picked":["Corruption","Armaments"],"picked":"Body Slam","floor":27}],"player_experience":470328,"relics_obtained":[{"floor":6,"key":"Letter Opener"},{"floor":9,"key":"Bag of Preparation"},{"floor":26,"key":"Sundial"},{"floor":27,"key":"Peace Pipe"}],"event_choices":[{"damage_healed":0,"gold_gain":0,"player_choice":"Take Damage","damage_taken":20,"relics_obtained":["Golden Idol"],"max_hp_gain":0,"max_hp_loss":0,"event_name":"Golden Idol","floor":3,"gold_loss":0},{"damage_healed":0,"gold_gain":0,"cards_transformed":["Strike_R"],"player_choice":"Change","damage_taken":0,"max_hp_gain":0,"max_hp_loss":0,"event_name":"Living Wall","floor":5,"gold_loss":0,"cards_obtained":["Metallicize"]},{"cards_removed":["Strike_R"],"damage_healed":0,"gold_gain":0,"player_choice":"Card Removal","damage_taken":0,"max_hp_gain":0,"max_hp_loss":0,"event_name":"The Cleric","floor":8,"gold_loss":50},{"damage_healed":0,"gold_gain":75,"player_choice":"Gather Gold","damage_taken":11,"max_hp_gain":0,"max_hp_loss":0,"event_name":"World of Goop","floor":14,"gold_loss":0},{"damage_healed":0,"gold_gain":0,"player_choice":"Ignored","damage_taken":0,"max_hp_gain":0,"max_hp_loss":0,"event_name":"Vampires","floor":20,"gold_loss":0},{"damage_healed":0,"gold_gain":0,"player_choice":"Gave Idol","damage_taken":0,"relics_obtained":["Bloody Idol"],"max_hp_gain":0,"max_hp_loss":0,"event_name":"Forgotten Altar","floor":22,"relics_lost":["Golden Idol"],"gold_loss":0}],"is_beta":false,"boss_relics":[{"not_picked":["Black Star","Coffee Dripper"],"picked":"Mark of Pain"}],"items_purged_floors":[],"is_endless":false,"potions_floor_spawned":[1,16,19,24],"killed_by":"Book of Stabbing","ascension_level":3}}