{"host":"kw4o7b3ro2ktmmbe","time":1607849960,"event":{"mods":["BaseMod","Minty Spire (QoL Compilation)","StSLib","The Death Knight","Treasure Hunter"],"gold_per_floor":[146,156,168,238,248,248,276,276,299,249,324,342,418,113,113,214,214,234,46,321,166,186,187,187],"floor_reached":23,"playtime":1165,"items_purged":["Regret"],"score":208,"play_id":"3c0d7c0c-8872-4d15-a57a-942a9cf7d43b","local_time":"20201213215920","is_ascension_mode":true,"campfire_choices":[{"floor":6.0,"key":"REST"},{"floor":8.0,"key":"REST"},{"floor":15.0,"key":"REST"}],"circlet_count":0,"master_deck":["DeathKnight:Strike_DeathKnight","DeathKnight:Strike_DeathKnight","DeathKnight:Strike_DeathKnight","DeathKnight:Strike_DeathKnight","DeathKnight:Strike_DeathKnight","DeathKnight:Defend_DeathKnight","DeathKnight:Defend_DeathKnight","DeathKnight:Defend_DeathKnight","DeathKnight:Defend_DeathKnight","DeathKnight:Defend_DeathKnight","DeathKnight:RuneStrike","DeathKnight:BladedArmor","DeathKnight:PlagueStrike","TH:CursedSword","DeathKnight:UnholyExperiment","TH:CopperCoins","TH:CursedSword","TH:CursedSword","DeathKnight:MarkOfBlood","DeathKnight:DancingRuneblade","DeathKnight:DarkSuccor","DeathKnight:WraithWalk"],"relics":["Fusion Hammer","Anchor","Tiny Chest","Shuriken","Bronze Scales","HandDrill","Runic Dome","Membership Card","DeathKnight:ScourgePlagueSample"],"acts_visited":["Exordium","TheCity"],"potions_floor_usage":[22,22,23,23],"damage_taken":[{"damage":5.0,"enemies":"2 Louse","floor":1.0,"turns":2.0},{"damage":0.0,"enemies":"Small Slimes","floor":2.0,"turns":3.0},{"damage":12.0,"enemies":"Jaw Worm","floor":3.0,"turns":2.0},{"damage":6.0,"enemies":"3 Louse","floor":5.0,"turns":5.0},{"damage":16.0,"enemies":"Lagavulin","floor":7.0,"turns":6.0},{"damage":3.0,"enemies":"Blue Slaver","floor":12.0,"turns":4.0},{"damage":51.0,"enemies":"Hexaghost","floor":16.0,"turns":8.0},{"damage":24.0,"enemies":"2 Thieves","floor":18.0,"turns":5.0},{"damage":22,"enemies":"Spheric Guardian","floor":22,"turns":3},{"damage":32,"enemies":"Gremlin Leader","floor":23,"turns":4}],"seed_played":"6084876783045985560","potions_obtained":[{"floor":2.0,"key":"Regen Potion"},{"floor":5.0,"key":"Swift Potion"},{"floor":16.0,"key":"FearPotion"},{"floor":18.0,"key":"Weak Potion"}],"is_trial":false,"path_per_floor":["M","M","M","?","M","R","E","R","T","?","?","M","T","$","R","B",null,"M","$","?","$","M","E"],"character_chosen":"DEATH_KNIGHT","items_purchased":["Bronze Scales","HandDrill","Membership Card","DeathKnight:DancingRuneblade","DeathKnight:ScourgePlagueSample","DeathKnight:DarkSuccor"],"campfire_rested":3,"item_purchase_floors":[14,14,19,19,21,21],"current_hp_per_floor":[70,70,58,58,66,75,59,75,75,75,64,61,61,61,75,24,75,51,51,51,51,29,0,0],"gold":187,"neow_bonus":"BOSS_RELIC","is_daily":false,"chose_seed":false,"campfire_upgraded":0,"win_rate":0.0,"timestamp":1607849960,"path_taken":["M","M","M","?","M","R","E","R","T","?","?","?","?","$","R","BOSS","M","$","?","?","M","E"],"items_purchased_type":["Relic","Relic","Relic","Card","Relic","Card"],"build_version":"2020-11-30","purchased_purges":1,"victory":false,"max_hp_per_floor":[75,75,75,75,75,75,75,75,75,75,75,75,75,75,75,75,75,75,75,75,75,75,75,75],"card_choices":[{"not_picked":["DeathKnight:MindFreeze","DeathKnight:BloodStrike"],"picked":"DeathKnight:BladedArmor","floor":1.0},{"not_picked":["DeathKnight:Pestilence","DeathKnight:DreadStrike"],"picked":"DeathKnight:PlagueStrike","floor":2.0},{"not_picked":["DeathKnight:BludPresence","DeathKnight:RaiseAlly","DeathKnight:IcyTouch"],"picked":"SKIP","floor":3.0},{"not_picked":["DeathKnight:ThirstingStrike","DeathKnight:Lichborne","DeathKnight:DeathRune"],"picked":"SKIP","floor":5.0},{"not_picked":["TH:PixieDust"],"picked":"TH:CursedSword","floor":7.0},{"not_picked":["DeathKnight:BoneSpear","DeathKnight:BloodBoil"],"picked":"DeathKnight:UnholyExperiment","floor":7.0},{"not_picked":["TH:EnergyPotion"],"picked":"TH:CopperCoins","floor":9.0},{"not_picked":["DeathKnight:BloodTap","DeathKnight:MutagenicPlague","DeathKnight:BoneSpear"],"picked":"SKIP","floor":12.0},{"not_picked":["TH:DeckOfManyThings"],"picked":"TH:CursedSword","floor":13.0},{"not_picked":["TH:DeckOfManyThings"],"picked":"TH:CursedSword","floor":16.0},{"not_picked":["DeathKnight:ReapingStrike","DeathKnight:SindragosasBreath"],"picked":"DeathKnight:MarkOfBlood","floor":16.0},{"not_picked":["DeathKnight:ShatteringStrikes","DeathKnight:BoneShield","DeathKnight:ScourgeStrike"],"picked":"SKIP","floor":18.0},{"not_picked":["DeathKnight:RuneShock","DeathKnight:IceboundArmor"],"picked":"DeathKnight:WraithWalk","floor":22}],"player_experience":1765716,"relics_obtained":[{"floor":7.0,"key":"Anchor"},{"floor":9.0,"key":"Tiny Chest"},{"floor":13.0,"key":"Shuriken"}],"event_choices":[{"damage_healed":0.0,"max_hp_gain":0.0,"max_hp_loss":0.0,"gold_gain":70.0,"event_name":"Golden Wing","player_choice":"Gained Gold","floor":4.0,"gold_loss":0.0,"damage_taken":0.0},{"cards_removed":["DeathKnight:RuneTap"],"damage_healed":0.0,"max_hp_gain":0.0,"max_hp_loss":0.0,"gold_gain":0.0,"event_name":"The Cleric","player_choice":"Card Removal","floor":10.0,"gold_loss":50.0,"damage_taken":0.0},{"damage_healed":0.0,"max_hp_gain":0.0,"max_hp_loss":0.0,"gold_gain":75.0,"event_name":"World of Goop","player_choice":"Gather Gold","floor":11.0,"gold_loss":0.0,"damage_taken":11.0},{"damage_healed":0.0,"max_hp_gain":0.0,"max_hp_loss":0.0,"gold_gain":275.0,"event_name":"Golden Shrine","player_choice":"Desecrate","floor":20.0,"gold_loss":0.0,"damage_taken":0.0,"cards_obtained":["Regret"]}],"is_beta":false,"boss_relics":[{"not_picked":["Pandora\u0027s Box","Snecko Eye"],"picked":"Runic Dome"}],"items_purged_floors":[21],"is_endless":false,"potions_floor_spawned":[2,5,16,18],"killed_by":"Gremlin Leader","ascension_level":2}}