{"host":"4qkvkh7pd9qr2mca","time":1607893099,"event":{"mods":["AchievementEnabler","BaseMod","Colored Map","Colored Powertips","Highlight Path","Minty Spire (QoL Compilation)","Permanent Neow","Quick Restart","StSLib","SuperFastMode"],"gold_per_floor":[11,25,38,38,52,52,86,86,86,121,135,151,151,182,182,253,253,270,287,11,30,30,30,56,56,133,147,172,172,172,203,203,282,282,295,295,310,310,330,330,330,330],"floor_reached":41,"playtime":1700,"items_purged":[],"score":992,"play_id":"1e3a4e04-0192-4b92-b697-66b116f5bfa1","local_time":"20201213215819","is_ascension_mode":true,"campfire_choices":[{"data":"Unload","floor":6.0,"key":"SMITH"},{"data":"Neutralize","floor":8.0,"key":"SMITH"},{"floor":13.0,"key":"REST"},{"data":"Tactician","floor":15.0,"key":"SMITH"},{"data":"Envenom","floor":23.0,"key":"SMITH"},{"floor":25.0,"key":"REST"},{"floor":29.0,"key":"REST"},{"floor":30.0,"key":"REST"},{"data":"Die Die Die","floor":32.0,"key":"SMITH"},{"floor":40,"key":"REST"}],"circlet_count":0,"master_deck":["AscendersBane","Strike_G","Strike_G","Strike_G","Defend_G","Defend_G","Defend_G","Defend_G","Defend_G","Survivor","Neutralize+1","Unload+1","PiercingWail","Backstab","Crippling Poison","Poisoned Stab","Acrobatics","Die Die Die+1","Flying Knee","Tactician+1","Predator","Envenom+1","Bouncing Flask","Predator","Bane+1","Burst","PiercingWail","Cloak And Dagger+1","Calculated Gamble"],"relics":["Ring of the Snake","Vajra","Matryoshka","WingedGreaves","Bottled Lightning","Busted Crown","Pantograph","Pen Nib","Singing Bowl","Question Card","Ginger","Bottled Tornado","HoveringKite"],"acts_visited":["Exordium","TheCity","TheBeyond"],"potions_floor_usage":[37,41,41],"damage_taken":[{"damage":0.0,"enemies":"Jaw Worm","floor":1.0,"turns":4.0},{"damage":1.0,"enemies":"2 Louse","floor":2.0,"turns":3.0},{"damage":4.0,"enemies":"Cultist","floor":3.0,"turns":3.0},{"damage":2.0,"enemies":"Large Slime","floor":5.0,"turns":5.0},{"damage":17.0,"enemies":"Gremlin Nob","floor":7.0,"turns":4.0},{"damage":8.0,"enemies":"Lagavulin","floor":10.0,"turns":6.0},{"damage":0.0,"enemies":"2 Fungi Beasts","floor":11.0,"turns":1.0},{"damage":0.0,"enemies":"Gremlin Gang","floor":12.0,"turns":2.0},{"damage":17.0,"enemies":"3 Sentries","floor":14.0,"turns":8.0},{"damage":17.0,"enemies":"The Guardian","floor":16.0,"turns":11.0},{"damage":0.0,"enemies":"Chosen","floor":18.0,"turns":5.0},{"damage":4.0,"enemies":"3 Byrds","floor":19.0,"turns":4.0},{"damage":2.0,"enemies":"3 Cultists","floor":21.0,"turns":4.0},{"damage":25.0,"enemies":"Book of Stabbing","floor":24.0,"turns":6.0},{"damage":8.0,"enemies":"Snecko","floor":27.0,"turns":4.0},{"damage":27.0,"enemies":"Slavers","floor":28.0,"turns":6.0},{"damage":0.0,"enemies":"Gremlin Leader","floor":31.0,"turns":3.0},{"damage":16,"enemies":"Collector","floor":33,"turns":6},{"damage":0,"enemies":"3 Shapes","floor":35,"turns":8},{"damage":31,"enemies":"3 Darklings","floor":37,"turns":8},{"damage":21,"enemies":"Maw","floor":39,"turns":6},{"damage":48,"enemies":"Spire Growth","floor":41,"turns":3}],"seed_played":"3306445887034912959","potions_obtained":[{"floor":5.0,"key":"Block Potion"},{"floor":7.0,"key":"Poison Potion"},{"floor":10.0,"key":"Dexterity Potion"},{"floor":12.0,"key":"AttackPotion"},{"floor":16.0,"key":"FearPotion"},{"floor":18.0,"key":"GhostInAJar"},{"floor":28.0,"key":"LiquidBronze"},{"floor":33,"key":"DistilledChaos"},{"floor":37,"key":"LiquidBronze"}],"is_trial":false,"path_per_floor":["M","M","M","$","M","R","E","R","T","E","M","M","R","E","R","B",null,"M","M","$","M","?","R","E","R","T","M","E","R","R","E","R","B",null,"M","?","M","?","M","R","M"],"character_chosen":"THE_SILENT","items_purchased":["Pantograph"],"campfire_rested":5,"item_purchase_floors":[20],"current_hp_per_floor":[59,58,54,54,52,52,35,35,35,27,27,27,46,29,29,12,53,53,49,49,47,47,47,22,41,41,35,10,31,52,54,54,56,68,68,70,39,39,18,39,0,0],"gold":330,"neow_bonus":"THREE_RARE_CARDS","is_daily":false,"chose_seed":false,"campfire_upgraded":5,"win_rate":0.0,"timestamp":1607893099,"path_taken":["M","M","M","$","M","R","E","R","T","E","M","M","R","E","R","BOSS","M","M","$","M","?","R","E","R","T","M","E","R","R","E","R","BOSS","M","?","M","?","M","R","M"],"items_purchased_type":["Relic"],"build_version":"2020-11-30","purchased_purges":0,"victory":false,"max_hp_per_floor":[66,66,66,66,66,66,66,66,66,66,66,66,66,66,66,66,66,66,66,66,66,66,66,66,66,66,68,70,70,70,72,72,72,72,72,74,74,70,70,70,70,70],"card_choices":[{"not_picked":["Doppelganger","Bullet Time"],"picked":"Unload","floor":0.0},{"not_picked":["Cloak And Dagger","Bane"],"picked":"PiercingWail","floor":1.0},{"not_picked":["Deflect","Flying Knee"],"picked":"Backstab","floor":2.0},{"not_picked":["Finisher","Underhanded Strike"],"picked":"Crippling Poison","floor":3.0},{"not_picked":["Cloak And Dagger","Bane"],"picked":"Poisoned Stab","floor":5.0},{"not_picked":["Concentrate","PiercingWail"],"picked":"Acrobatics","floor":7.0},{"not_picked":["Calculated Gamble","Blur"],"picked":"Die Die Die","floor":10.0},{"not_picked":["Slice","Setup"],"picked":"Flying Knee","floor":11.0},{"not_picked":["Acrobatics","Underhanded Strike"],"picked":"Tactician","floor":12.0},{"not_picked":["Slice","Grand Finale"],"picked":"Predator","floor":14.0},{"not_picked":["Tools of the Trade","Wraith Form v2"],"picked":"Envenom","floor":16.0},{"not_picked":["Poisoned Stab+1"],"picked":"SKIP","floor":18.0},{"not_picked":["Dagger Spray"],"picked":"SKIP","floor":19.0},{"not_picked":["Dagger Spray+1"],"picked":"SKIP","floor":21.0},{"not_picked":[],"picked":"Bane+1","floor":24.0},{"not_picked":["Outmaneuver","Deflect"],"picked":"Singing Bowl","floor":27.0},{"not_picked":["Dagger Throw","Backstab"],"picked":"Singing Bowl","floor":28.0},{"not_picked":["Prepared","Poisoned Stab"],"picked":"Singing Bowl","floor":31.0},{"not_picked":["Corpse Explosion"],"picked":"Burst","floor":33},{"not_picked":["Outmaneuver"],"picked":"PiercingWail","floor":35},{"not_picked":["Transmutation","PanicButton"],"picked":"Singing Bowl","floor":36},{"not_picked":["Blade Dance"],"picked":"Cloak And Dagger+1","floor":37},{"not_picked":["Prepared"],"picked":"Calculated Gamble","floor":39}],"player_experience":319113,"relics_obtained":[{"floor":7.0,"key":"Vajra"},{"floor":9.0,"key":"Matryoshka"},{"floor":10.0,"key":"WingedGreaves"},{"floor":14.0,"key":"Bottled Lightning"},{"floor":24.0,"key":"Pen Nib"},{"floor":26.0,"key":"Singing Bowl"},{"floor":26.0,"key":"Question Card"},{"floor":28.0,"key":"Ginger"},{"floor":31.0,"key":"Bottled Tornado"}],"event_choices":[{"damage_healed":0.0,"max_hp_gain":0.0,"max_hp_loss":0.0,"gold_gain":0.0,"cards_transformed":["Strike_G","Strike_G"],"event_name":"Drug Dealer","player_choice":"Became Test Subject","floor":22.0,"gold_loss":0.0,"damage_taken":0.0,"cards_obtained":["Bouncing Flask","Predator"]},{"damage_healed":0,"gold_gain":0,"player_choice":"Memory 1","damage_taken":0,"max_hp_gain":0,"max_hp_loss":0,"event_name":"SensoryStone","floor":36,"gold_loss":0},{"damage_healed":0,"gold_gain":0,"player_choice":"Max HP","damage_taken":0,"max_hp_gain":0,"max_hp_loss":4,"event_name":"Winding Halls","floor":38,"gold_loss":0}],"is_beta":false,"boss_relics":[{"not_picked":["Black Star","Astrolabe"],"picked":"Busted Crown"},{"not_picked":["Sozu","Pandora\u0027s Box"],"picked":"HoveringKite"}],"items_purged_floors":[],"is_endless":false,"potions_floor_spawned":[5,7,10,12,14,16,18,21,28,33,37],"killed_by":"Spire Growth","ascension_level":20}}