{"host":"kjmsjq3kpb3v9rdj","time":1607902182,"event":{"mods":["Aspiration","BaseMod","CCEM","Colored Powertips","Conspire","Downfall","GifTheSpireLib","Halation","Highlight Path","Hubris","Ironclad Rager","Minty Spire (QoL Compilation)","Quick Restart","Relic Sorter","Small Relic Pack","Spicy Shops","Spikes Relics","StSLib","Stuff the Spire","The Blue Laboratory","The Disciple","The Necromancer","The Runesmith","The Showman","Trackpad","vexMod"],"gold_per_floor":[99,119,44,119,219,244,268,285,210,241,241,241,39,2,17,122,122,47,65,11,26,26,26,100,134,134,134,134,153,253,276,295,395,395,395,395,395,429,429,439,464,495,509,540,556,556,568,18,34,34,34,62,14,14,14],"floor_reached":56,"playtime":6148,"items_purged":[],"score":1791,"play_id":"c9b73842-8739-45f2-a840-ed496c5d9237","local_time":"20201213152942","is_ascension_mode":true,"campfire_choices":[{"floor":1,"key":"RECALL"},{"data":"Eruption","floor":3,"key":"SMITH"},{"data":"TalkToTheHand","floor":9,"key":"SMITH"},{"data":"TalkToTheHand","floor":18,"key":"SMITH"},{"floor":23,"key":"REST"},{"floor":27,"key":"REST"},{"data":"ForeignInfluence","floor":35,"key":"SMITH"},{"data":"Wish","floor":37,"key":"SMITH"},{"data":"PathToVictory","floor":39,"key":"SMITH"},{"data":"Ragnarok","floor":54,"key":"SMITH"}],"circlet_count":0,"master_deck":["Strike_P","Strike_P","Strike_P","Strike_P","Defend_P","Defend_P","Defend_P","Eruption+1","Vigilance","Tantrum+1","TalkToTheHand+1","PathToVictory","FlurryOfBlows","PathToVictory+1","TalkToTheHand+1","FlurryOfBlows","CutThroughFate","CutThroughFate","Ragnarok+1","FearNoEvil+1","Crescendo","EmptyBody+1","Leg Sweep","Die Die Die","Sucker Punch","PathToVictory","BattleHymn+1","ForeignInfluence+1","Wish+1","PathToVictory+1","PathToVictory+1","Prostrate","FlurryOfBlows+1","Worship","InnerPeace+1","ReachHeaven","Consecrate+1"],"relics":["aspiration:RitualDagger","halation:TrafficLight","downfall:HeartBlessingRed","Potion Belt","StuffTheSpire:Tea","downfall:HeartBlessingBlue","Centennial Puzzle","CCEMRelics:Pendulum","Lizard Tail","Runic Pyramid","downfall:HeartBlessingGreen","StrikeDummy","Membership Card","hubris:SlimyHat","SnailShell","Nunchaku","trackpad:WondrousWand","Tiny Chest","vexMod:RetaliationKit","Bottled Lightning","trackpad:WritersBlock","vexMod:TanglingVine","StuffTheSpire:EmeraldSignet","Lantern","SuspiciousGoo","Bronze Scales","hubris:Towel","CCEMRelics:FryingPan","halation:Diary","Sundial","Art of War","relicPack:WeightedSword","Unceasing Top"],"acts_visited":["Exordium","TheCity","TheBeyond","TheEnding"],"potions_floor_usage":[6,10,10,13,19,30,33,45,55,55,55,55,55,55],"damage_taken":[{"damage":23,"enemies":"2 Louse","floor":2,"turns":3},{"damage":50,"enemies":"downfall:LadyInBlue","floor":5,"turns":5},{"damage":3,"enemies":"Gremlin Nob","floor":6,"turns":1},{"damage":16,"enemies":"Small Slimes","floor":8,"turns":2},{"damage":28,"enemies":"3 Sentries","floor":10,"turns":3},{"damage":17,"enemies":"downfall:FleeingMerchant","floor":13,"turns":4},{"damage":20,"enemies":"downfall:FleeingMerchant","floor":14,"turns":3},{"damage":3,"enemies":"Cultist","floor":15,"turns":1},{"damage":32,"enemies":"The Guardian","floor":16,"turns":4},{"damage":18,"enemies":"Shell Parasite","floor":19,"turns":2},{"damage":15,"enemies":"Cultist and Chosen","floor":21,"turns":3},{"damage":6,"enemies":"Book of Stabbing","floor":25,"turns":2},{"damage":6,"enemies":"3 Cultists","floor":29,"turns":2},{"damage":9,"enemies":"Colosseum Nobs","floor":30,"turns":3},{"damage":6,"enemies":"Centurion and Healer","floor":32,"turns":2},{"damage":25,"enemies":"downfall:Ironclad","floor":33,"turns":3},{"damage":31,"enemies":"Nemesis","floor":38,"turns":3},{"damage":27,"enemies":"Orb Walker","floor":40,"turns":2},{"damage":6,"enemies":"Reptomancer","floor":42,"turns":2},{"damage":6,"enemies":"3 Shapes","floor":43,"turns":2},{"damage":12,"enemies":"Giant Head","floor":44,"turns":4},{"damage":15,"enemies":"Transient","floor":45,"turns":5},{"damage":23,"enemies":"Sphere and 2 Shapes","floor":47,"turns":2},{"damage":33,"enemies":"4 Shapes","floor":49,"turns":2},{"damage":6,"enemies":"Donu and Deca","floor":50,"turns":2},{"damage":25,"enemies":"downfall:CharBossMerchant","floor":52,"turns":3},{"damage":27,"enemies":"downfall:NeowBoss","floor":55,"turns":9}],"seed_played":"224579475742059798","potions_obtained":[{"floor":5,"key":"blueLaboratory:PolymorphPotion"},{"floor":5,"key":"DistilledChaos"},{"floor":5,"key":"LiquidMemories"},{"floor":6,"key":"blueLaboratory:EnragingPotion"},{"floor":10,"key":"blueLaboratory:RecallPotion"},{"floor":16,"key":"blueLaboratory:RecallPotion"},{"floor":21,"key":"SkillPotion"},{"floor":30,"key":"Guardian:BlockOnCardUsePotion"},{"floor":32,"key":"blueLaboratory:EpiphanyPotion"},{"floor":33,"key":"EssenceOfSteel"},{"floor":40,"key":"blueLaboratory:AlphaPotion"},{"floor":44,"key":"blueLaboratory:ArtificerPotion"},{"floor":47,"key":"Energy Potion"}],"is_trial":false,"path_per_floor":["R","M","R","?","?","E","T","M","R","E","T","?","$","$","M","B",null,"R","M","$","M","$","R","T","E","?","R","?","M","?","T","M","B",null,"R","?","R","E","R","M","T","E","M","E","M","?","M","$","M","B",null,"E","$","R","B",null],"character_chosen":"WATCHER","items_purchased":["vexMod:EmailVexCard","BowlingBash","Lizard Tail","CutThroughFate","Crescendo","StrikeDummy","Membership Card","hubris:SlimyHat","SnailShell","Nunchaku","CCEMRelics:FryingPan","halation:TrafficLight","halation:Diary","Sundial","Art of War","ReachHeaven","EntropicBrew"],"campfire_rested":2,"item_purchase_floors":[13,13,14,14,20,22,22,22,22,22,48,48,48,48,48,48,53],"current_hp_per_floor":[72,49,49,38,72,72,72,60,70,54,54,54,53,37,38,30,82,82,71,71,74,17,41,41,53,53,77,61,70,79,79,87,80,87,87,87,87,73,73,55,55,67,71,87,87,87,76,76,67,87,87,85,85,85,87],"gold":14,"neow_bonus":"BOSS_RELIC","is_daily":false,"chose_seed":false,"campfire_upgraded":7,"win_rate":0.0,"timestamp":1607902182,"path_taken":["R","M","R","?","?","E","T","?","R","E","?","?","$","$","M","BOSS","R","M","$","M","?","R","T","E","?","R","?","M","?","?","M","BOSS","R","?","R","E","R","M","T","E","M","E","?","?","M","$","M","BOSS","E","$","R","BOSS"],"items_purchased_type":["Card","Card","Relic","Card","Card","Relic","Relic","Relic","Relic","Relic","Relic","Relic","Relic","Relic","Relic","Card","Potion"],"build_version":"2020-11-30","purchased_purges":0,"victory":true,"max_hp_per_floor":[72,72,72,72,72,72,72,72,82,82,82,82,82,82,82,82,82,82,82,82,82,82,82,82,82,82,82,87,87,87,87,87,87,87,87,87,87,87,87,87,87,87,87,87,87,87,87,87,87,87,87,87,87,87,87],"card_choices":[{"not_picked":["Crescendo","Pray"],"picked":"Tantrum","floor":2},{"not_picked":["FearNoEvil","Crescendo"],"picked":"TalkToTheHand","floor":5},{"not_picked":["MentalFortress","CrushJoints"],"picked":"PathToVictory","floor":6},{"not_picked":["EmptyFist","JustLucky"],"picked":"FlurryOfBlows","floor":8},{"not_picked":["Vault","FollowUp"],"picked":"PathToVictory","floor":10},{"not_picked":["FollowUp","BowlingBash"],"picked":"TalkToTheHand","floor":13},{"not_picked":["Halt","Consecrate"],"picked":"FlurryOfBlows","floor":14},{"not_picked":["FlurryOfBlows","Crescendo"],"picked":"CutThroughFate","floor":15},{"not_picked":["Omniscience","ConjureBlade"],"picked":"Ragnarok","floor":16},{"not_picked":["ThirdEye","ClearTheMind+1"],"picked":"FearNoEvil+1","floor":19},{"not_picked":["Consecrate","Collect","Protect"],"picked":"SKIP","floor":21},{"not_picked":["FlyingSleeves","ClearTheMind"],"picked":"EmptyBody+1","floor":25},{"not_picked":["FearNoEvil","FollowUp"],"picked":"PathToVictory","floor":29},{"not_picked":["Consecrate","WindmillStrike"],"picked":"BattleHymn+1","floor":30},{"not_picked":["Halt+1","JustLucky+1"],"picked":"ForeignInfluence","floor":32},{"not_picked":["Brilliance","ConjureBlade"],"picked":"Wish","floor":33},{"not_picked":["Conclude","ThirdEye"],"picked":"PathToVictory+1","floor":38},{"not_picked":["WheelKick","FollowUp+1"],"picked":"PathToVictory+1","floor":40},{"not_picked":["SignatureMove+1","Nirvana"],"picked":"Prostrate","floor":42},{"not_picked":["Prostrate+1","FlyingSleeves"],"picked":"FlurryOfBlows+1","floor":43},{"not_picked":["FollowUp+1","Prostrate"],"picked":"Worship","floor":44},{"not_picked":["CutThroughFate","WindmillStrike"],"picked":"InnerPeace+1","floor":45},{"not_picked":["WreathOfFlame+1","Wireheading","SashWhip+1"],"picked":"SKIP","floor":47},{"not_picked":["CrushJoints+1","Sanctity+1","FlyingSleeves+1"],"picked":"SKIP","floor":49},{"not_picked":["Prostrate+1","Halt+1"],"picked":"Consecrate+1","floor":52}],"player_experience":451281,"relics_obtained":[{"floor":5,"key":"Potion Belt"},{"floor":6,"key":"StuffTheSpire:Tea"},{"floor":10,"key":"Centennial Puzzle"},{"floor":11,"key":"CCEMRelics:Pendulum"},{"floor":24,"key":"trackpad:WondrousWand"},{"floor":25,"key":"Tiny Chest"},{"floor":30,"key":"vexMod:RetaliationKit"},{"floor":30,"key":"Bottled Lightning"},{"floor":31,"key":"trackpad:WritersBlock"},{"floor":38,"key":"StuffTheSpire:EmeraldSignet"},{"floor":41,"key":"Lantern"},{"floor":42,"key":"SuspiciousGoo"},{"floor":44,"key":"Bronze Scales"},{"floor":52,"key":"relicPack:WeightedSword"},{"floor":52,"key":"Unceasing Top"}],"event_choices":[{"damage_healed":0,"gold_gain":75,"player_choice":"Gather Gold","damage_taken":11,"max_hp_gain":0,"max_hp_loss":0,"event_name":"World of Goop","floor":4,"gold_loss":0},{"damage_healed":0,"gold_gain":0,"player_choice":"Forge","damage_taken":0,"max_hp_gain":0,"max_hp_loss":0,"event_name":"Accursed Blacksmith","floor":12,"gold_loss":0,"cards_upgraded":["Tantrum"]}],"is_beta":false,"boss_relics":[{"not_picked":["Coffee Dripper","Cursed Key"],"picked":"Runic Pyramid"},{"not_picked":["aspiration:SecretTechniqueScroll","halation:Prosthetics"],"picked":"vexMod:TanglingVine"}],"items_purged_floors":[],"is_endless":false,"potions_floor_spawned":[6,10,16,21,30,32,33,40,44,47,52],"ascension_level":4}}