{"host":"ykruzxakfolvqoa7","time":1607855885,"event":{"mods":["Act Like it!","BaseMod","Colored Powertips","Downfall","Hubris","Ironclad Rager","Minty Spire (QoL Compilation)","StSLib","Swap Starting Deck Mod","Wandering Minibosses"],"gold_per_floor":[10,27,102,115,115,129,129,142,212,212,243,243,243,268,268,369,369,380,68,84,95,24,40,40,40,87,87,112,128,128,148,148,248,248,258,258,258,272,284,319,319,319,342,342,342,292,35,35,35],"floor_reached":48,"playtime":2605,"items_purged":["Pain"],"score":538,"play_id":"7728dfb3-dcd7-45ed-8269-469e7ef16864","local_time":"20201213103805","is_ascension_mode":false,"campfire_choices":[{"floor":7,"key":"REST"},{"floor":10,"key":"REST"},{"data":"Capacitor","floor":13,"key":"SMITH"},{"floor":15,"key":"RECALL"},{"data":"Tempest","floor":24,"key":"SMITH"},{"data":"Ball Lightning","floor":27,"key":"SMITH"},{"data":"Genetic Algorithm","floor":30,"key":"SMITH"},{"floor":32,"key":"REST"},{"floor":42,"key":"REST"},{"floor":45,"key":"REST"}],"circlet_count":0,"master_deck":["Zap","Dualcast","Slimebound:Icky","Ball Lightning","Cold Snap","Ball Lightning","Cold Snap","Leap","Leap","Leap","Leap","Redo","Ball Lightning+1","Chaos","Tempest+1","Capacitor+1","Steam","Electrodynamics+1","Static Discharge+1","Loop+1","Static Discharge+1","Genetic Algorithm+1","hubris:Ukulele","Madness","Madness","Leap+1","Redo+1","Loop+1","ICR:ChainLightning+1","Deep Breath","Sunder"],"relics":["Cracked Core","hubris:PeanutButter","Oddly Smooth Stone","Dream Catcher","Frozen Egg 2","hubris:ScarierMask","hubris:MysteriousPyramids","WarpedTongs","Smiling Mask","Inserter","Vajra","Juzu Bracelet","hubris:SphereOfDissonance"],"acts_visited":["Exordium","TheCity","TheBeyond"],"potions_floor_usage":[11,16,21,23,31,33,40,48],"damage_taken":[{"damage":0,"enemies":"2 Louse","floor":1,"turns":2},{"damage":0,"enemies":"Jaw Worm","floor":2,"turns":2},{"damage":0,"enemies":"Cultist","floor":4,"turns":2},{"damage":1,"enemies":"Looter","floor":6,"turns":2},{"damage":7,"enemies":"Lots of Slimes","floor":8,"turns":3},{"damage":1,"enemies":"Lagavulin","floor":11,"turns":6},{"damage":0,"enemies":"3 Sentries","floor":14,"turns":5},{"damage":9,"enemies":"Hexaghost","floor":16,"turns":8},{"damage":0,"enemies":"3 Byrds","floor":18,"turns":2},{"damage":5,"enemies":"Spheric Guardian","floor":20,"turns":4},{"damage":0,"enemies":"Snake Plant","floor":21,"turns":4},{"damage":0,"enemies":"Chosen and Byrds","floor":23,"turns":4},{"damage":22,"enemies":"Gremlin Leader","floor":28,"turns":5},{"damage":0,"enemies":"Sentry and Sphere","floor":29,"turns":3},{"damage":0,"enemies":"Snake Plant","floor":31,"turns":2},{"damage":54,"enemies":"hubris:MusketHawk","floor":33,"turns":7},{"damage":0,"enemies":"Orb Walker","floor":35,"turns":3},{"damage":17,"enemies":"3 Darklings","floor":38,"turns":3},{"damage":18,"enemies":"Jaw Worm Horde","floor":39,"turns":2},{"damage":25,"enemies":"Reptomancer","floor":40,"turns":5},{"damage":57,"enemies":"Giant Head","floor":48,"turns":7}],"seed_played":"-6023587380617399710","potions_obtained":[{"floor":1,"key":"Block Potion"},{"floor":8,"key":"hexamod:EctoCoolerPotion"},{"floor":11,"key":"BlessingOfTheForge"},{"floor":16,"key":"DuplicationPotion"},{"floor":18,"key":"Fire Potion"},{"floor":28,"key":"DistilledChaos"},{"floor":31,"key":"GamblersBrew"},{"floor":35,"key":"FearPotion"},{"floor":39,"key":"EssenceOfSteel"}],"is_trial":false,"path_per_floor":["M","M","?","M","?","M","R","M","T","R","E","?","R","E","R","B",null,"M","$","M","M","$","M","R","?","T","R","E","M","R","M","R","B",null,"M","?","?","M","M","E","?","R","T","?","R","$","$","E"],"character_chosen":"DEFECT","items_purchased":["Static Discharge+1","hubris:MysteriousPyramids","Loop+1","hubris:SphereOfDissonance"],"campfire_rested":5,"item_purchase_floors":[19,19,22,47],"current_hp_per_floor":[50,50,39,39,39,38,58,51,51,68,67,67,67,67,67,58,68,68,68,63,63,63,63,63,63,63,63,41,41,41,41,61,7,68,68,59,68,51,33,8,8,28,28,28,48,48,48,0,0],"gold":35,"neow_bonus":"DEFECT_STORMLORD","is_daily":false,"chose_seed":false,"campfire_upgraded":4,"win_rate":0.0,"timestamp":1607855885,"path_taken":["M","M","?","M","?","M","R","?","T","R","E","?","R","E","R","BOSS","M","?","M","?","?","M","R","?","T","R","E","M","R","?","R","BOSS","M","?","?","M","?","E","?","R","T","?","R","?","$","E"],"items_purchased_type":["Card","Relic","Card","Relic"],"build_version":"2020-11-30","purchased_purges":1,"victory":false,"max_hp_per_floor":[68,68,68,68,68,68,68,68,68,68,68,68,68,68,68,68,68,68,68,68,68,68,68,68,68,68,68,68,68,68,68,68,68,68,68,68,68,68,68,68,68,68,68,68,68,68,68,68,68],"card_choices":[{"not_picked":["Steam","Hologram"],"picked":"Redo","floor":1},{"not_picked":["Cold Snap","Turbo"],"picked":"Ball Lightning","floor":2},{"not_picked":["Melter","Streamline"],"picked":"Chaos","floor":4},{"not_picked":["Streamline","Rebound"],"picked":"Tempest","floor":6},{"not_picked":["Lockon","Coolheaded"],"picked":"Capacitor","floor":8},{"not_picked":["Doom and Gloom","Undo","Go for the Eyes"],"picked":"SKIP","floor":11},{"not_picked":["Leap","Aggregate"],"picked":"Steam","floor":14},{"not_picked":["Core Surge","Rainbow"],"picked":"Electrodynamics+1","floor":16},{"not_picked":["Gash","Force Field+1"],"picked":"Capacitor+1","floor":18},{"not_picked":["Turbo","Hologram","Barrage"],"picked":"SKIP","floor":20},{"not_picked":["Rebound","Turbo","Chill+1"],"picked":"SKIP","floor":21},{"not_picked":["Leap","Go for the Eyes"],"picked":"Static Discharge+1","floor":23},{"not_picked":["Go for the Eyes+1","Streamline","Doom and Gloom"],"picked":"SKIP","floor":28},{"not_picked":["Recycle","Cold Snap"],"picked":"Genetic Algorithm","floor":29},{"not_picked":["Aggregate","Barrage+1","Scrape"],"picked":"SKIP","floor":31},{"not_picked":["Rebound","Fission"],"picked":"hubris:Ukulele","floor":32},{"not_picked":["Turbo","Capacitor+1","Glacier+1"],"picked":"SKIP","floor":35},{"not_picked":["Hologram+1","Capacitor+1"],"picked":"Leap+1","floor":38},{"not_picked":["Coolheaded","Rebound+1"],"picked":"Redo+1","floor":39},{"not_picked":["Leap","Electrodynamics+1","Chaos"],"picked":"SKIP","floor":40},{"not_picked":["Compile Driver","Capacitor+1"],"picked":"ICR:ChainLightning+1","floor":42},{"not_picked":["Stack+1","Self Repair+1"],"picked":"Sunder","floor":45}],"player_experience":328826,"relics_obtained":[{"floor":9,"key":"hubris:PeanutButter"},{"floor":11,"key":"Oddly Smooth Stone"},{"floor":14,"key":"Frozen Egg 2"},{"floor":28,"key":"Smiling Mask"},{"floor":40,"key":"Vajra"},{"floor":43,"key":"Juzu Bracelet"}],"event_choices":[{"damage_healed":0,"gold_gain":75,"player_choice":"Gather Gold","damage_taken":11,"max_hp_gain":0,"max_hp_loss":0,"event_name":"World of Goop","floor":3,"gold_loss":0},{"damage_healed":0,"gold_gain":0,"player_choice":"Ignored","damage_taken":0,"max_hp_gain":0,"max_hp_loss":0,"event_name":"NoteForYourself","floor":5,"gold_loss":0},{"damage_healed":0,"gold_gain":0,"player_choice":"Gave Potion","damage_taken":0,"relics_obtained":["Dream Catcher"],"max_hp_gain":0,"max_hp_loss":0,"event_name":"WeMeetAgain","floor":12,"gold_loss":0},{"damage_healed":0,"gold_gain":0,"player_choice":"Rummage","damage_taken":0,"relics_obtained":["WarpedTongs"],"max_hp_gain":0,"max_hp_loss":0,"event_name":"Accursed Blacksmith","floor":25,"gold_loss":0,"cards_obtained":["Pain"]},{"damage_healed":0,"gold_gain":0,"player_choice":"Embrace Madness","damage_taken":9,"max_hp_gain":0,"max_hp_loss":0,"event_name":"Winding Halls","floor":36,"gold_loss":0,"cards_obtained":["Madness","Madness"]},{"cards_removed":["Capacitor"],"damage_healed":9,"gold_gain":0,"player_choice":"Offered Uncommon","damage_taken":0,"max_hp_gain":0,"max_hp_loss":0,"event_name":"Bonfire Elementals","floor":37,"gold_loss":0},{"damage_healed":0,"gold_gain":0,"player_choice":"Copied","damage_taken":0,"max_hp_gain":0,"max_hp_loss":0,"event_name":"Duplicator","floor":41,"gold_loss":0,"cards_obtained":["Loop"]},{"damage_healed":0,"gold_gain":0,"player_choice":"1 cards matched","damage_taken":0,"max_hp_gain":0,"max_hp_loss":0,"event_name":"Match and Keep!","floor":44,"gold_loss":0,"cards_obtained":["Deep Breath"]}],"is_beta":false,"boss_relics":[{"not_picked":["hubris:HollowSoul","Sozu"],"picked":"hubris:ScarierMask"},{"not_picked":["SlaversCollar","Empty Cage"],"picked":"Inserter"}],"items_purged_floors":[46],"is_endless":false,"potions_floor_spawned":[1,8,11,16,18,28,31,35,39],"killed_by":"Giant Head","ascension_level":0}}