{"host":"91khxi50xqrb7fb5","time":1607893753,"event":{"mods":["BaseMod","Hermit","Minty Spire (QoL Compilation)","StSLib"],"gold_per_floor":[212,86,101,115,15,15,15,43,66,86,86,86,101,137,137,260,260,279,302,316,316,23,57,57,57,81,119,119,139,152,0,0,123,123,148,166,166,166,181,181,181,181],"floor_reached":41,"playtime":2187,"items_purged":["hermit:Strike_Hermit","hermit:Defend_Hermit","hermit:Snapshot"],"score":474,"play_id":"df43e54c-934a-419b-bb13-0ea56255f685","local_time":"20201213160913","is_ascension_mode":true,"campfire_choices":[{"data":"hermit:Maintenance","floor":6.0,"key":"SMITH"},{"data":"hermit:WideOpen","floor":15.0,"key":"SMITH"},{"data":"hermit:FlashPowder","floor":24.0,"key":"SMITH"},{"floor":32,"key":"REST"},{"floor":40,"key":"REST"}],"circlet_count":0,"master_deck":["hermit:Strike_Hermit","hermit:Strike_Hermit","hermit:Defend_Hermit","hermit:Defend_Hermit","hermit:Defend_Hermit","hermit:WideOpen+1","hermit:Maintenance+1","hermit:FlashPowder+1","Finesse+1","hermit:FlashPowder"],"relics":["hermit:Momento","Odd Mushroom","Lantern","Golden Idol","Eternal Feather","Sozu","Blood Vial","Potion Belt","Omamori","Busted Crown"],"acts_visited":["Exordium","TheCity","TheBeyond"],"potions_floor_usage":[],"damage_taken":[{"damage":0.0,"enemies":"Small Slimes","floor":1.0,"turns":3.0},{"damage":0.0,"enemies":"2 Louse","floor":3.0,"turns":3.0},{"damage":4.0,"enemies":"Jaw Worm","floor":4.0,"turns":3.0},{"damage":10.0,"enemies":"The Mushroom Lair","floor":8.0,"turns":5.0},{"damage":0.0,"enemies":"Looter","floor":10.0,"turns":2.0},{"damage":2.0,"enemies":"Gremlin Gang","floor":13.0,"turns":5.0},{"damage":1.0,"enemies":"Lagavulin","floor":14.0,"turns":8.0},{"damage":8.0,"enemies":"Hexaghost","floor":16.0,"turns":10.0},{"damage":10.0,"enemies":"Spheric Guardian","floor":18.0,"turns":5.0},{"damage":10.0,"enemies":"Shell Parasite","floor":19.0,"turns":4.0},{"damage":30.0,"enemies":"Snake Plant","floor":20.0,"turns":4.0},{"damage":15.0,"enemies":"Book of Stabbing","floor":23.0,"turns":8.0},{"damage":20.0,"enemies":"Gremlin Leader","floor":27.0,"turns":13.0},{"damage":11.0,"enemies":"Snecko","floor":29.0,"turns":19.0},{"damage":0.0,"enemies":"3 Cultists","floor":30.0,"turns":9.0},{"damage":8,"enemies":"Champ","floor":33,"turns":13},{"damage":9,"enemies":"3 Darklings","floor":35,"turns":10},{"damage":5,"enemies":"3 Shapes","floor":36,"turns":8},{"damage":42,"enemies":"Spire Growth","floor":39,"turns":7},{"damage":67,"enemies":"Reptomancer","floor":41,"turns":3}],"seed_played":"-3959056257708259161","potions_obtained":[{"floor":10.0,"key":"hermit:Tonic"},{"floor":13.0,"key":"FearPotion"},{"floor":14.0,"key":"Dexterity Potion"}],"is_trial":false,"path_per_floor":["M","$","M","M","$","R","?","?","T","M","?","$","M","E","R","B",null,"M","M","M","?","$","E","R","?","T","E","$","M","M","?","R","B",null,"M","M","?","?","M","R","E"],"character_chosen":"HERMIT","items_purchased":["hermit:WideOpen","hermit:FlashPowder","Finesse"],"campfire_rested":2,"item_purchase_floors":[2,22,22],"current_hp_per_floor":[75,75,75,71,71,71,71,61,61,61,43,43,41,40,43,35,75,65,55,25,50,50,35,41,41,41,23,23,14,16,16,44,38,75,66,63,63,63,23,51,0,0],"gold":181,"neow_bonus":"HUNDRED_GOLD","is_daily":false,"chose_seed":false,"campfire_upgraded":3,"win_rate":0.0,"timestamp":1607893753,"path_taken":["M","$","M","M","$","R","?","?","T","M","?","$","M","E","R","BOSS","M","M","M","?","$","E","R","?","T","E","$","M","?","?","R","BOSS","M","M","?","?","M","R","E"],"items_purchased_type":["Card","Card","Card"],"build_version":"2020-11-30","purchased_purges":3,"victory":false,"max_hp_per_floor":[75,75,75,75,75,75,75,75,75,75,75,75,75,75,75,75,75,75,75,75,75,75,75,75,75,75,75,75,75,75,75,75,75,75,75,75,75,75,75,75,75,75],"card_choices":[{"not_picked":["hermit:Desperado","hermit:LuckOfTheDraw","hermit:Gestalt"],"picked":"SKIP","floor":1.0},{"not_picked":["hermit:BigShot","hermit:HighCaliber"],"picked":"hermit:Maintenance","floor":3.0},{"not_picked":["hermit:LowProfile","hermit:HoleUp","hermit:Brawl"],"picked":"SKIP","floor":4.0},{"not_picked":["hermit:LowProfile","hermit:HoleUp","hermit:Brawl"],"picked":"SKIP","floor":4.0},{"not_picked":["hermit:LowProfile","hermit:Coalescence","hermit:Dive"],"picked":"SKIP","floor":10.0},{"not_picked":["hermit:Midnight","hermit:Purgatory","hermit:Dive"],"picked":"SKIP","floor":13.0},{"not_picked":["hermit:HighCaliber","hermit:Dive","hermit:Coalescence"],"picked":"SKIP","floor":14.0},{"not_picked":["hermit:Virtue","hermit:Brawl","hermit:HighCaliber"],"picked":"SKIP","floor":18.0},{"not_picked":["hermit:GoldenBullet","hermit:HighCaliber+1","hermit:Shortfuse"],"picked":"SKIP","floor":19.0},{"not_picked":["hermit:ItchyTrigger","hermit:Malice","hermit:Shortfuse+1"],"picked":"SKIP","floor":20.0},{"not_picked":["hermit:DeadOrAlive","hermit:CursedWeapon","hermit:Malice+1"],"picked":"SKIP","floor":23.0},{"not_picked":["hermit:CalledShot","hermit:Manifest+1","hermit:Midnight"],"picked":"SKIP","floor":27.0},{"not_picked":["hermit:TakeCover+1","hermit:Midnight","hermit:Snipe"],"picked":"SKIP","floor":29.0},{"not_picked":["hermit:BodyArmor","hermit:GhostlyPresence+1","hermit:FlashPowder+1"],"picked":"SKIP","floor":30.0},{"not_picked":[],"picked":"hermit:FlashPowder","floor":35},{"not_picked":["hermit:WideOpen"],"picked":"SKIP","floor":36},{"not_picked":["hermit:Quickdraw"],"picked":"SKIP","floor":39}],"player_experience":98173,"relics_obtained":[{"floor":8.0,"key":"Odd Mushroom"},{"floor":9.0,"key":"Lantern"},{"floor":14.0,"key":"Eternal Feather"},{"floor":23.0,"key":"Blood Vial"},{"floor":26.0,"key":"Potion Belt"},{"floor":27.0,"key":"Omamori"}],"event_choices":[{"cards_removed":["hermit:Strike_Hermit"],"damage_healed":0.0,"max_hp_gain":0.0,"max_hp_loss":0.0,"gold_gain":0.0,"event_name":"Living Wall","player_choice":"Forget","floor":7.0,"gold_loss":0.0,"damage_taken":0.0},{"damage_healed":0.0,"max_hp_gain":0.0,"max_hp_loss":0.0,"gold_gain":0.0,"event_name":"Mushrooms","player_choice":"Fought Mushrooms","floor":8.0,"gold_loss":0.0,"damage_taken":0.0},{"damage_healed":0.0,"max_hp_gain":0.0,"max_hp_loss":0.0,"gold_gain":0.0,"event_name":"Golden Idol","player_choice":"Take Damage","floor":11.0,"gold_loss":0.0,"damage_taken":18.0,"relics_obtained":["Golden Idol"]},{"damage_healed":25.0,"max_hp_gain":0.0,"max_hp_loss":0.0,"gold_gain":0.0,"event_name":"The Library","player_choice":"Heal","floor":21.0,"gold_loss":0.0,"damage_taken":0.0},{"damage_healed":0.0,"max_hp_gain":0.0,"max_hp_loss":0.0,"gold_gain":0.0,"event_name":"Accursed Blacksmith","player_choice":"Forge","floor":25.0,"gold_loss":0.0,"damage_taken":0.0,"cards_upgraded":["Finesse"]},{"damage_healed":0,"gold_gain":0,"player_choice":"Paid Fearfully","damage_taken":0,"max_hp_gain":0,"max_hp_loss":0,"event_name":"Masked Bandits","floor":31,"gold_loss":152},{"cards_removed":["hermit:Covet"],"damage_healed":0,"gold_gain":0,"player_choice":"Removed Skill","damage_taken":0,"max_hp_gain":0,"max_hp_loss":0,"event_name":"Falling","floor":37,"gold_loss":0},{"damage_healed":0,"gold_gain":0,"player_choice":"Memory 1","damage_taken":0,"max_hp_gain":0,"max_hp_loss":0,"event_name":"SensoryStone","floor":38,"gold_loss":0}],"is_beta":false,"boss_relics":[{"not_picked":["Snecko Eye","Ectoplasm"],"picked":"Sozu"},{"not_picked":["Velvet Choker","Fusion Hammer"],"picked":"Busted Crown"}],"items_purged_floors":[2,5,22],"is_endless":false,"potions_floor_spawned":[10,13,14,16,20,23,27,30,35,39],"killed_by":"Reptomancer","ascension_level":2}}