{"host":"3j2m8n0ywf988fwb","time":1607851837,"event":{"mods":["BaseMod","Colored Map","Colored Powertips","Downfall","Highlight Path","Minty Spire (QoL Compilation)","StSLib"],"gold_per_floor":[199,209,240,260,260,260,260,260,260,285,297,597,616,1,14,14,14],"floor_reached":16,"playtime":795,"items_purged":["Slimebound:Icky"],"score":110,"play_id":"0556ad49-4fdd-4acb-982e-88ec30ececc6","local_time":"20201213033037","is_ascension_mode":false,"campfire_choices":[{"data":"hexamod:Float","floor":1,"key":"SMITH"},{"data":"hexamod:WildfireWeapon","floor":5,"key":"SMITH"}],"circlet_count":0,"master_deck":["hexamod:Strike","hexamod:Strike","hexamod:Strike","hexamod:Defend+1","hexamod:Defend+1","hexamod:Defend","hexamod:Defend","hexamod:Sear","hexamod:Float+1","hexamod:ThermalTransfer","hexamod:WildfireWeapon+1","hexamod:HauntingEcho","hexamod:FourthSeal","hexamod:ThirdSeal","hexamod:FlamesFromBeyond","hexamod:PhantomFireball","hexamod:PhantomFireball"],"relics":["hexamod:SpiritBrand","Meat on the Bone","Omamori","PreservedInsect","Singing Bowl","CaptainsWheel","War Paint"],"acts_visited":["Exordium"],"potions_floor_usage":[],"damage_taken":[{"damage":0,"enemies":"2 Louse","floor":2,"turns":4},{"damage":25,"enemies":"Lagavulin","floor":3,"turns":8},{"damage":0,"enemies":"Small Slimes","floor":4,"turns":4},{"damage":18,"enemies":"Gremlin Nob","floor":10,"turns":4},{"damage":1,"enemies":"Jaw Worm","floor":11,"turns":4},{"damage":18,"enemies":"3 Louse","floor":13,"turns":4},{"damage":0,"enemies":"downfall:FleeingMerchant","floor":14,"turns":4},{"damage":8,"enemies":"Large Slime","floor":15,"turns":5},{"damage":53,"enemies":"downfall:Ironclad","floor":16,"turns":9}],"seed_played":"7836860320109198722","potions_obtained":[{"floor":2,"key":"champ:CounterPotion"},{"floor":10,"key":"DistilledChaos"},{"floor":11,"key":"GamblersBrew"},{"floor":13,"key":"SkillPotion"}],"is_trial":false,"path_per_floor":["R","M","E","M","R","?","T","?","?","E","M","?","M","$","M","B"],"character_chosen":"THE_SPIRIT","items_purchased":["CaptainsWheel","War Paint","hexamod:PhantomFireball"],"campfire_rested":0,"item_purchase_floors":[14,14,14],"current_hp_per_floor":[70,70,45,45,45,45,45,45,45,41,40,40,38,52,46,0,0],"gold":14,"neow_bonus":"HUNDRED_GOLD","is_daily":false,"chose_seed":false,"campfire_upgraded":2,"win_rate":0.0,"timestamp":1607851837,"path_taken":["R","M","E","M","R","?","T","?","?","E","M","?","M","$","M","BOSS"],"items_purchased_type":["Relic","Relic","Card"],"build_version":"2020-11-30","purchased_purges":1,"victory":false,"max_hp_per_floor":[70,70,70,70,70,70,70,70,70,72,72,72,76,78,80,80,80],"card_choices":[{"not_picked":["hexamod:RetreatToShadows","hexamod:CatchUp"],"picked":"hexamod:ThermalTransfer","floor":2},{"not_picked":["hexamod:RetreatToShadows","hexamod:HauntingEcho"],"picked":"hexamod:WildfireWeapon","floor":3},{"not_picked":["hexamod:FastForward","hexamod:InspiringFlames"],"picked":"hexamod:HauntingEcho","floor":4},{"not_picked":["hexamod:Again","hexamod:BurningTouch","hexamod:BacktrackSmack"],"picked":"Singing Bowl","floor":10},{"not_picked":["hexamod:Toasty","hexamod:PowerFromBeyond"],"picked":"hexamod:ThirdSeal","floor":11},{"not_picked":["hexamod:AdvancingGuard","hexamod:BacktrackSmack","hexamod:GhostLash"],"picked":"Singing Bowl","floor":13},{"not_picked":["hexamod:HauntingEcho","hexamod:StepThrough","hexamod:SoulSteal"],"picked":"Singing Bowl","floor":13},{"not_picked":["hexamod:Again","hexamod:SkipABeat","hexamod:EtherealExpedition"],"picked":"Singing Bowl","floor":14},{"not_picked":["hexamod:NightmareStrike","hexamod:ShieldOfDarkness"],"picked":"hexamod:FlamesFromBeyond","floor":14},{"not_picked":["hexamod:RainOfEmbers","hexamod:GhostOfSpirePast","hexamod:FastForward"],"picked":"Singing Bowl","floor":15},{"not_picked":["hexamod:RainOfEmbers","hexamod:HeatCrush"],"picked":"hexamod:PhantomFireball","floor":15}],"player_experience":914955,"relics_obtained":[{"floor":3,"key":"Meat on the Bone"},{"floor":7,"key":"Omamori"},{"floor":10,"key":"Singing Bowl"}],"event_choices":[{"damage_healed":0,"gold_gain":0,"player_choice":"Box","damage_taken":0,"relics_obtained":["PreservedInsect"],"max_hp_gain":0,"max_hp_loss":0,"event_name":"Big Fish","floor":9,"gold_loss":0,"cards_obtained":["Regret"]}],"is_beta":false,"boss_relics":[],"items_purged_floors":[14],"is_endless":false,"potions_floor_spawned":[2,15],"killed_by":"downfall:Ironclad","ascension_level":0}}