{"host":"4qkvkh7pd9qr2mca","time":1607891288,"event":{"mods":["AchievementEnabler","BaseMod","Colored Map","Colored Powertips","Highlight Path","Minty Spire (QoL Compilation)","Permanent Neow","Quick Restart","StSLib","SuperFastMode"],"gold_per_floor":[111,128,203,215,215,249,249,262,286,286,304,304,332,12,12,84,84,104,127,143,158,178,178,178],"floor_reached":23,"playtime":933,"items_purged":[],"score":406,"play_id":"cb705e91-3e3f-464c-b6bc-e0cc3b285209","local_time":"20201213212808","is_ascension_mode":true,"campfire_choices":[{"data":"Footwork","floor":7.0,"key":"SMITH"},{"data":"Predator","floor":10.0,"key":"SMITH"},{"floor":12.0,"key":"REST"},{"data":"1","floor":15.0,"key":"LIFT"}],"circlet_count":0,"master_deck":["AscendersBane","Survivor","Neutralize","Footwork+1","Blade Dance","Acrobatics","Skewer","Cloak And Dagger","Predator+1","Crippling Poison","Blade Dance","Phantasmal Killer","Poisoned Stab","Backstab","After Image","Tools of the Trade","Dodge and Roll","Infinite Blades","Reflex","Reflex","Grand Finale","Dodge and Roll+1","Backflip","Noxious Fumes"],"relics":["Ring of the Snake","Du-Vu Doll","Boot","Nunchaku","Regal Pillow","Girya","Pandora\u0027s Box","Omamori"],"acts_visited":["Exordium","TheCity"],"potions_floor_usage":[23],"damage_taken":[{"damage":3.0,"enemies":"Jaw Worm","floor":1.0,"turns":8.0},{"damage":2.0,"enemies":"Small Slimes","floor":2.0,"turns":3.0},{"damage":0.0,"enemies":"Cultist","floor":4.0,"turns":4.0},{"damage":13.0,"enemies":"Lagavulin","floor":6.0,"turns":7.0},{"damage":0.0,"enemies":"2 Fungi Beasts","floor":8.0,"turns":3.0},{"damage":0.0,"enemies":"3 Louse","floor":11.0,"turns":3.0},{"damage":18.0,"enemies":"Gremlin Nob","floor":13.0,"turns":4.0},{"damage":13.0,"enemies":"The Guardian","floor":16.0,"turns":12.0},{"damage":8.0,"enemies":"Shell Parasite","floor":18.0,"turns":5.0},{"damage":5.0,"enemies":"Spheric Guardian","floor":20.0,"turns":3.0},{"damage":15.0,"enemies":"Shelled Parasite and Fungi","floor":21.0,"turns":4.0},{"damage":6.0,"enemies":"Snake Plant","floor":22.0,"turns":5.0},{"damage":0,"enemies":"Slavers","floor":23,"turns":1}],"seed_played":"-7464984181315985272","potions_obtained":[{"floor":1.0,"key":"SkillPotion"},{"floor":2.0,"key":"Block Potion"},{"floor":8.0,"key":"Explosive Potion"},{"floor":13.0,"key":"SteroidPotion"},{"floor":16.0,"key":"GamblersBrew"},{"floor":21.0,"key":"SpeedPotion"}],"is_trial":false,"path_per_floor":["M","M","?","M","?","E","R","M","T","R","M","R","E","$","R","B",null,"M","T","M","M","M","E"],"character_chosen":"THE_SILENT","items_purchased":["Girya"],"campfire_rested":1,"item_purchase_floors":[14],"current_hp_per_floor":[56,54,43,43,43,30,30,30,30,30,30,48,30,30,30,17,49,41,41,36,21,15,15,15],"gold":178,"neow_bonus":"ONE_RARE_RELIC","is_daily":false,"chose_seed":false,"campfire_upgraded":2,"win_rate":0.0,"timestamp":1607891288,"path_taken":["M","M","?","M","?","E","R","M","T","R","M","R","E","$","R","BOSS","M","?","M","M","M","E"],"items_purchased_type":["Relic"],"build_version":"2020-11-30","purchased_purges":0,"victory":false,"max_hp_per_floor":[60,60,60,60,60,60,60,60,60,60,60,60,60,60,60,60,60,60,60,60,60,60,60,60],"card_choices":[{"not_picked":["Bane","Quick Slash"],"picked":"Footwork","floor":1.0},{"not_picked":["Eviscerate","Caltrops"],"picked":"Blade Dance","floor":2.0},{"not_picked":["Grand Finale","Escape Plan"],"picked":"Acrobatics","floor":4.0},{"not_picked":["Poisoned Stab","Slice"],"picked":"Cloak And Dagger","floor":6.0},{"not_picked":["Bane","Prepared"],"picked":"Predator","floor":8.0},{"not_picked":["Caltrops","Poisoned Stab"],"picked":"Crippling Poison","floor":11.0},{"not_picked":["PiercingWail","Setup"],"picked":"Blade Dance","floor":13.0},{"not_picked":["Envenom","A Thousand Cuts"],"picked":"Phantasmal Killer","floor":16.0},{"not_picked":["Masterful Stab+1","Poisoned Stab"],"picked":"Dodge and Roll+1","floor":18.0},{"not_picked":["Prepared","Dodge and Roll"],"picked":"Backflip","floor":20.0},{"not_picked":["Underhanded Strike","Backflip","Deflect"],"picked":"SKIP","floor":21.0},{"not_picked":["Riddle With Holes","Sucker Punch"],"picked":"Noxious Fumes","floor":22.0}],"player_experience":319113,"relics_obtained":[{"floor":6.0,"key":"Boot"},{"floor":9.0,"key":"Nunchaku"},{"floor":13.0,"key":"Regal Pillow"},{"floor":19.0,"key":"Omamori"}],"event_choices":[{"damage_healed":0.0,"max_hp_gain":0.0,"max_hp_loss":0.0,"gold_gain":75.0,"event_name":"World of Goop","player_choice":"Gather Gold","floor":3.0,"gold_loss":0.0,"damage_taken":11.0},{"damage_healed":0.0,"max_hp_gain":0.0,"max_hp_loss":0.0,"gold_gain":0.0,"cards_transformed":["Strike_G"],"event_name":"Transmorgrifier","player_choice":"Transformed","floor":5.0,"gold_loss":0.0,"damage_taken":0.0,"cards_obtained":["Skewer"]}],"is_beta":false,"boss_relics":[{"not_picked":["Tiny House","Ring of the Serpent"],"picked":"Pandora\u0027s Box"}],"items_purged_floors":[],"is_endless":false,"potions_floor_spawned":[1,2,8,13,16,21],"killed_by":"Slavers","ascension_level":20}}