{"host":"p084pgp93u1tv48k","time":1607882425,"event":{"mods":["AchievementEnabler","BaseMod","Bestiary","Colored Map","Hermit","Lobotomy","LobotomyExtend","Minty Spire (QoL Compilation)","Quick Restart","StSLib"],"gold_per_floor":[112,127,127,127,148,148,222,73,73,98,117,117,141,155,155,283,283,301,201,201,201],"floor_reached":20,"playtime":2819,"items_purged":["hermit:LowProfile","hermit:Covet"],"score":166,"play_id":"30376ea0-d707-4d39-8b26-2d04f232dddb","local_time":"20201213133025","is_ascension_mode":false,"campfire_choices":[{"data":"hermit:Maintenance","floor":6,"key":"SMITH"},{"floor":12,"key":"REST"},{"data":"hermit:TakeCover","floor":15,"key":"SMITH"}],"circlet_count":0,"master_deck":["hermit:Strike_Hermit","hermit:Strike_Hermit","hermit:Strike_Hermit","hermit:Strike_Hermit","hermit:Defend_Hermit","hermit:Defend_Hermit","hermit:Defend_Hermit","hermit:Snapshot","MeatLantern","hermit:Maintenance+1","CherryBlossoms","hermit:HighCaliber","hermit:FullyLoaded","hermit:Coalescence","hermit:TakeCover+1","hermit:Glare","Bloodbath","hermit:HighCaliber+1"],"relics":["hermit:Momento","CogitoBucket","LetterFromLob","InkBottle","Golden Idol","Blood Vial","Pantograph","ChangeAnything","Coffee Dripper"],"acts_visited":["Exordium","TheCity"],"potions_floor_usage":[11,16],"damage_taken":[{"damage":0,"enemies":"2 Louse","floor":1,"turns":3},{"damage":0,"enemies":"Jaw Worm","floor":2,"turns":4},{"damage":0,"enemies":"Cultist","floor":5,"turns":6},{"damage":18,"enemies":"3 Sentries","floor":7,"turns":11},{"damage":4,"enemies":"Blue Slaver","floor":10,"turns":2},{"damage":28,"enemies":"2 Fungi Beasts","floor":11,"turns":5},{"damage":0,"enemies":"Lots of Slimes","floor":13,"turns":5},{"damage":0,"enemies":"Looter","floor":14,"turns":1},{"damage":25,"enemies":"Hexaghost","floor":16,"turns":11},{"damage":30,"enemies":"3 Byrds","floor":18,"turns":12},{"damage":61,"enemies":"Shell Parasite","floor":20,"turns":2}],"seed_played":"3696844773923281031","potions_obtained":[{"floor":10,"key":"LiquidBronze"},{"floor":11,"key":"Fruit Juice"},{"floor":18,"key":"Explosive Potion"}],"is_trial":false,"path_per_floor":["M","M","?","?","M","R","?","$","T","M","M","R","M","M","R","B",null,"M","$","M"],"character_chosen":"HERMIT","items_purchased":["hermit:FullyLoaded"],"campfire_rested":1,"item_purchase_floors":[8],"current_hp_per_floor":[75,75,72,54,54,54,36,36,36,34,15,39,41,43,43,45,80,52,52,0,0],"gold":201,"neow_bonus":"","is_daily":false,"chose_seed":false,"campfire_upgraded":2,"win_rate":0.0,"timestamp":1607882425,"path_taken":["M","M","?","?","M","R","?","$","T","M","M","R","M","?","R","BOSS","M","$","M"],"items_purchased_type":["Card"],"build_version":"2020-11-30","purchased_purges":2,"victory":false,"max_hp_per_floor":[75,75,75,75,75,75,75,75,75,75,80,80,80,80,80,80,80,80,80,80,80],"card_choices":[{"not_picked":["hermit:Manifest","hermit:Vantage"],"picked":"hermit:LowProfile","floor":1},{"not_picked":["PunishingBird","BeautyBeast"],"picked":"MeatLantern","floor":1},{"not_picked":["hermit:CursedWeapon","hermit:LowProfile"],"picked":"hermit:Maintenance","floor":2},{"not_picked":["QueenBee","Funeral"],"picked":"CherryBlossoms","floor":2},{"not_picked":["MHz","WhitesApple"],"picked":"WallGazer","floor":5},{"not_picked":["hermit:Roulette","hermit:Combo"],"picked":"hermit:Shortfuse","floor":5},{"not_picked":["hermit:HoleUp","hermit:LoneWolf"],"picked":"hermit:HighCaliber","floor":7},{"not_picked":["hermit:Roulette","hermit:Dive"],"picked":"hermit:Coalescence","floor":10},{"not_picked":["hermit:LoneWolf","hermit:DeadOrAlive"],"picked":"hermit:TakeCover","floor":11},{"not_picked":["hermit:Ricochet","hermit:TrackingShot"],"picked":"hermit:Glare","floor":13},{"not_picked":["hermit:HighCaliber","hermit:GhostlyPresence","hermit:TrackingShot"],"picked":"SKIP","floor":14},{"not_picked":["WhitesApple","WallGazer"],"picked":"Bloodbath","floor":16},{"not_picked":["hermit:GhostlyPresence","hermit:Vantage"],"picked":"hermit:HighCaliber+1","floor":18}],"player_experience":111607,"relics_obtained":[{"floor":1,"key":"LetterFromLob"},{"floor":7,"key":"Blood Vial"},{"floor":9,"key":"Pantograph"}],"event_choices":[{"damage_healed":0,"gold_gain":0,"player_choice":"Success","damage_taken":3,"relics_obtained":["InkBottle"],"max_hp_gain":0,"max_hp_loss":0,"event_name":"Scrap Ooze","floor":3,"gold_loss":0},{"damage_healed":0,"gold_gain":0,"player_choice":"Take Damage","damage_taken":18,"relics_obtained":["Golden Idol"],"max_hp_gain":0,"max_hp_loss":0,"event_name":"Golden Idol","floor":4,"gold_loss":0},{"damage_healed":0,"gold_gain":0,"player_choice":"Searched \u00271\u0027 times","damage_taken":0,"max_hp_gain":0,"max_hp_loss":0,"event_name":"Dead Adventurer","floor":7,"gold_loss":0}],"is_beta":false,"boss_relics":[{"not_picked":["Astrolabe","Pandora\u0027s Box"],"picked":"Coffee Dripper"}],"items_purged_floors":[8,19],"is_endless":false,"potions_floor_spawned":[10,11,18],"killed_by":"Shell Parasite","ascension_level":0}}