{"host":"9nt1zhl3k8mtcf72","time":1607886489,"event":{"mods":["Aspiration","BaseMod","Conjunction","Conspire","Downfall","Energized Spire","Friendly Minions","GifTheSpireLib","Halation","Hubris","Infinite Spire","Minty Spire (QoL Compilation)","RRrroohrrRGHHhhh!!","RatMod","Replay The Spire","Spikes Relics","StSLib","Stuff the Spire","Trackpad","Useless Jewels Mod","Wandering Minibosses","vexMod"],"gold_per_floor":[99,130,62,237,254,254,254,254,104,104,115,131,20,20,38,138,138,138,172,172,192,192,220,220,230,6,34,45,45,45,45,65,166,166,187,199,153,153,164,195,268,299,312,345,620,633,659,670,690,690,690,723,11,11,11],"floor_reached":56,"playtime":4971,"items_purged":[],"score":1543,"play_id":"9b8b171d-cd61-44c1-b60d-a66af6497043","local_time":"20201213140809","is_ascension_mode":false,"campfire_choices":[{"floor":1.0,"key":"RECALL"},{"floor":9.0,"key":"REST"},{"data":"Slimebound:CheckThePlaybook","floor":18,"key":"SMITH"},{"floor":38,"key":"REST"},{"data":"expansioncontent:StudyTheSpire","floor":54,"key":"SMITH"}],"circlet_count":0,"master_deck":["Slimebound:Strike_Slimebound+1","Slimebound:Strike_Slimebound+1","Slimebound:Strike_Slimebound+1","Slimebound:Tackle","Slimebound:Defend_Slimebound+1","Slimebound:Defend_Slimebound+1","Slimebound:Defend_Slimebound+1","Slimebound:Defend_Slimebound+1","Slimebound:Split","Slimebound:CorrosiveSpit","Slimebound:Schlurp","Slimebound:LeechEnergy","Slimebound:SlimeSpikes","Doubt","Regret","Slimebound:SplitMire","Slimebound:Nibble","Slimebound:LeechEnergy","Slimebound:SlimeSpikes","Slimebound:CheckThePlaybook+1","Slimebound:Schlurp","hubris:Sloth","Slimebound:RejuvenatingLick+1","Necronomicurse","Slimebound:SplitAcid","Slimebound:SplitAcid","Slimebound:TongueLash","Slimebound:SlimeSpikes","Slimebound:SlimeSpikes","Slimebound:LevelUp","Specialist","Slimebound:BestDefense","Slimebound:SplitMire+1","hubris:Fate","StuffTheSpire:BrainWave","Pain","Slimebound:DouseInSlime","Slimebound:LeechLife","CurseOfTheBell","Slimebound:DivideAndConquer","Slimebound:HauntingLick","expansioncontent:AwakenDeath","Slimebound:SplitAcid+1","Slimebound:AcidTongue","Slimebound:Gluttony","Slimebound:DisruptingSlam","Slimebound:Nibble+1","Regret","Slimebound:HungryTackle+1","Slimebound:SamplingLick","Slimebound:Recollect+1","Slimebound:HauntingLick","Slimebound:MegaLick+1","expansioncontent:StudyTheSpire+1"],"relics":["Slimebound:AbsorbEndCombat","hubris:TinFlute","StuffTheSpire:RedRose","downfall:HeartBlessingRed","downfall:HeartBlessingBlue","Ginger","aspiration:RitualDagger","Bag of Marbles","Necronomicon","TungstenRod","Slimebound:AggressiveSlimeRelic","hubris:DuctTape","Calling Bell","Vajra","LugNut","Replay:Towering Pillar of Hats","downfall:HeartBlessingGreen","vexMod:FocusSash","hubris:EmptyBottle","Mirror","hubris:Metronome","ReplayFunnel","Molten Egg 2","vexMod:Dragonfruit","rat:BigChungusPlushie","Quantum Egg","trackpad:CultistFigurine","trackpad:BottledShadow","Lee\u0027s Waffle"],"acts_visited":[],"potions_floor_usage":[16,19,19,23,23,26,26,36,36,40,50,50,52,52,55,55],"damage_taken":[{"damage":36.0,"enemies":"Lagavulin","floor":2.0,"turns":8.0},{"damage":12.0,"enemies":"downfall:FleeingMerchant","floor":3.0,"turns":4.0},{"damage":0.0,"enemies":"2 Louse","floor":5.0,"turns":2.0},{"damage":7.0,"enemies":"Jaw Worm","floor":11.0,"turns":3.0},{"damage":16.0,"enemies":"Small Slimes","floor":12.0,"turns":3.0},{"damage":19.0,"enemies":"downfall:FleeingMerchant","floor":13.0,"turns":4.0},{"damage":10.0,"enemies":"Blue Slaver","floor":15.0,"turns":2.0},{"damage":26,"enemies":"downfall:Watcher","floor":16,"turns":5},{"damage":80,"enemies":"Replay:Snechameleon","floor":19,"turns":3},{"damage":32,"enemies":"conspire:FuzzyDice","floor":21,"turns":5},{"damage":71,"enemies":"Book of Stabbing","floor":23,"turns":4},{"damage":40,"enemies":"Centurion and Healer","floor":25,"turns":4},{"damage":25,"enemies":"downfall:FleeingMerchant","floor":26,"turns":4},{"damage":24,"enemies":"conspire:Head Lice","floor":27,"turns":3},{"damage":55,"enemies":"Snecko","floor":28,"turns":6},{"damage":46,"enemies":"conspire:HollyBat","floor":32,"turns":8},{"damage":71,"enemies":"downfall:Defect","floor":33,"turns":8},{"damage":26,"enemies":"3 Shapes","floor":36,"turns":2},{"damage":32,"enemies":"downfall:FleeingMerchant","floor":37,"turns":3},{"damage":46,"enemies":"3 Darklings","floor":39,"turns":5},{"damage":63,"enemies":"Reptomancer","floor":40,"turns":3},{"damage":100,"enemies":"Giant Head","floor":42,"turns":8},{"damage":36,"enemies":"Spire Growth","floor":43,"turns":4},{"damage":49,"enemies":"Reptomancer","floor":44,"turns":4},{"damage":54,"enemies":"Sphere and 2 Shapes","floor":46,"turns":5},{"damage":35,"enemies":"conspire:MimicChest","floor":47,"turns":4},{"damage":23,"enemies":"Jaw Worm Horde","floor":48,"turns":3},{"damage":21,"enemies":"3 Darklings","floor":49,"turns":4},{"damage":80,"enemies":"downfall:Silent","floor":50,"turns":4},{"damage":57,"enemies":"downfall:CharBossMerchant","floor":52,"turns":7},{"damage":124,"enemies":"downfall:NeowBoss","floor":55,"turns":15}],"seed_played":"3801919679035913558","potions_obtained":[{"floor":0.0,"key":"LiquidMemories"},{"floor":0.0,"key":"Guardian:BlockOnCardUsePotion"},{"floor":0.0,"key":"Strength Potion"},{"floor":5.0,"key":"AttackPotion"},{"floor":16,"key":"hexamod:EctoCoolerPotion"},{"floor":21,"key":"FearPotion"},{"floor":23,"key":"Milkshake"},{"floor":25,"key":"Slimebound:SlimyTonguePotion"},{"floor":29,"key":"CultistPotion"},{"floor":32,"key":"Explosive Potion"},{"floor":33,"key":"LiquidMemories"},{"floor":39,"key":"sneckomod:MuddlingPotion"},{"floor":43,"key":"Ancient Potion"},{"floor":47,"key":"Adrenaline Potion"},{"floor":52,"key":"PowerPotion"}],"is_trial":false,"path_per_floor":["R","E","$","?","M","?","T","?","R","?","M","M","$","T","M","B",null,"R","E","?","M","?","E","T","M","$","E","M","?","?","?","M","B",null,"R","M","$","R","M","E","T","E","M","E","?","M","?","M","M","B",null,"E","$","R","B",null],"character_chosen":"SLIMEBOUND","items_purchased":["Slimebound:SlimeSpikes","expansioncontent:Hexaburn","Slimebound:SlimeSpikes","Slimebound:LevelUp","Specialist","expansioncontent:AwakenDeath","vexMod:FocusSash","hubris:EmptyBottle","trackpad:CultistFigurine","trackpad:BottledShadow","expansioncontent:StudyTheSpire","Lee\u0027s Waffle"],"campfire_rested":2,"item_purchase_floors":[3,13,26,26,26,37,37,37,53,53,53,53],"current_hp_per_floor":[60,36,40,40,48,48,48,48,70,70,70,66,66,66,70,68,70,70,37,37,29,13,38,38,59,70,68,40,40,24,24,49,49,70,70,68,55,70,70,52,52,70,70,65,65,47,61,66,73,51,75,75,82,82,82],"gold":11,"neow_bonus":"THREE_SMALL_POTIONS","is_daily":false,"chose_seed":false,"campfire_upgraded":2,"win_rate":0.0,"timestamp":1607886489,"path_taken":["R","E","$","?","M","?","T","?","R","?","M","?","?","?","M","BOSS","R","E","?","M","?","E","T","M","$","E","M","?","?","?","M","BOSS","R","M","$","R","M","E","T","E","M","E","?","?","?","M","M","BOSS","E","$","R","BOSS"],"items_purchased_type":["Card","Card","Card","Card","Card","Card","Relic","Relic","Relic","Relic","Card","Relic"],"build_version":"2020-11-30","purchased_purges":0,"victory":true,"max_hp_per_floor":[60,60,60,60,60,60,60,60,70,70,70,70,70,70,70,70,70,70,70,70,70,70,70,70,70,70,70,70,70,70,70,70,70,70,70,70,70,70,70,70,70,70,70,70,70,70,75,75,75,75,75,75,82,82,82],"card_choices":[{"not_picked":["Slimebound:ComboTackle","Slimebound:HungryTackle"],"picked":"Slimebound:Schlurp","floor":2.0},{"not_picked":["Slimebound:SamplingLick","Slimebound:SplitAcid"],"picked":"Slimebound:LeechEnergy","floor":3.0},{"not_picked":["Slimebound:ServeAndProtect","Slimebound:GoopTackle"],"picked":"Slimebound:OozeBath","floor":5.0},{"not_picked":["Slimebound:Repurpose","Slimebound:Dissolve"],"picked":"Slimebound:SplitMire","floor":11.0},{"not_picked":["Slimebound:FirmFortitude","Slimebound:SlimeSpikes"],"picked":"Slimebound:Nibble","floor":12.0},{"not_picked":["Slimebound:SlimeTap","Slimebound:RollThrough"],"picked":"Slimebound:LeechEnergy","floor":13.0},{"not_picked":["Slimebound:TongueLash","Slimebound:Grow"],"picked":"Slimebound:SlimeSpikes","floor":15},{"not_picked":["Slimebound:OneTwoCombo","Slimebound:SlimeSlap"],"picked":"Slimebound:CheckThePlaybook","floor":16},{"not_picked":["Slimebound:ProtectTheBoss","Slimebound:ServeAndProtect"],"picked":"Slimebound:Schlurp","floor":19},{"not_picked":["Slimebound:FinishingTackle","Slimebound:LeechingTouch+1"],"picked":"Slimebound:RejuvenatingLick+1","floor":21},{"not_picked":["Slimebound:Replication","Slimebound:ItLooksTasty"],"picked":"Slimebound:SplitAcid","floor":23},{"not_picked":["Slimebound:ComboTackle","Slimebound:Recollect"],"picked":"Slimebound:SplitAcid","floor":25},{"not_picked":["Slimebound:GrowthPunch","Slimebound:LivingWall+1"],"picked":"Slimebound:TongueLash","floor":26},{"not_picked":["Slimebound:RollThrough","Slimebound:SplitBruiser"],"picked":"Slimebound:BestDefense","floor":27},{"not_picked":["Slimebound:Gluttony","Slimebound:Replication"],"picked":"Slimebound:SplitMire+1","floor":28},{"not_picked":["ReplayTheSpireMod:Chaos Vortex","Replay:Fractal Strike"],"picked":"hubris:Fate","floor":30},{"not_picked":["Slimebound:ServeAndProtect+1","Slimebound:Dissolve"],"picked":"Slimebound:DouseInSlime","floor":32},{"not_picked":["Slimebound:Recycling","Slimebound:MassFeed"],"picked":"Slimebound:LeechLife","floor":33},{"not_picked":["Slimebound:FormOfPuddle","Slimebound:HauntingLick"],"picked":"Slimebound:DivideAndConquer","floor":36},{"not_picked":["Slimebound:Prepare","Slimebound:LeadByExample+1"],"picked":"Slimebound:HauntingLick","floor":37},{"not_picked":["Slimebound:Chomp+1","Slimebound:LivingWall"],"picked":"Slimebound:SplitAcid+1","floor":39},{"not_picked":["Slimebound:PressTheAttack","Slimebound:ComboTackle+1"],"picked":"Slimebound:AcidTongue","floor":40},{"not_picked":["Slimebound:PressTheAttack+1","Slimebound:ItLooksTasty"],"picked":"Slimebound:Gluttony","floor":42},{"not_picked":["Slimebound:SplitAcid+1","Slimebound:SplitBruiser+1"],"picked":"Slimebound:DisruptingSlam","floor":43},{"not_picked":["Slimebound:PressTheAttack+1","Slimebound:ViciousTackle+1"],"picked":"Slimebound:Nibble+1","floor":44},{"not_picked":["Slimebound:Replication","Slimebound:MegaLick"],"picked":"Slimebound:HungryTackle+1","floor":46},{"not_picked":["Slimebound:SplitAcid","Slimebound:ForwardTackle+1"],"picked":"Slimebound:SamplingLick","floor":47},{"not_picked":["Slimebound:ComboTackle+1","Slimebound:SplitAcid"],"picked":"Slimebound:Recollect+1","floor":48},{"not_picked":["Slimebound:LeechingTouch+1","Slimebound:ServeAndProtect+1"],"picked":"Slimebound:HauntingLick","floor":49},{"not_picked":["Slimebound:SamplingLick","Slimebound:FormOfPuddle+1"],"picked":"Slimebound:MegaLick+1","floor":52}],"player_experience":432615,"relics_obtained":[{"floor":2.0,"key":"hubris:TinFlute"},{"floor":14.0,"key":"Ginger"},{"floor":19,"key":"Bag of Marbles"},{"floor":22,"key":"Necronomicon"},{"floor":23,"key":"TungstenRod"},{"floor":24,"key":"Slimebound:AggressiveSlimeRelic"},{"floor":27,"key":"hubris:DuctTape"},{"floor":34,"key":"Vajra"},{"floor":34,"key":"LugNut"},{"floor":34,"key":"Replay:Towering Pillar of Hats"},{"floor":40,"key":"Mirror"},{"floor":41,"key":"hubris:Metronome"},{"floor":42,"key":"ReplayFunnel"},{"floor":44,"key":"Molten Egg 2"},{"floor":47,"key":"vexMod:Dragonfruit"},{"floor":52,"key":"rat:BigChungusPlushie"},{"floor":52,"key":"Quantum Egg"}],"event_choices":[{"damage_healed":0.0,"max_hp_gain":0.0,"max_hp_loss":0.0,"gold_gain":0.0,"event_name":"conspire:LoneGhost","player_choice":"Disagree","floor":10.0,"gold_loss":0.0,"damage_taken":0.0},{"damage_healed":0,"gold_gain":0,"player_choice":"Simplicity","damage_taken":0,"max_hp_gain":0,"max_hp_loss":0,"event_name":"Back to Basics","floor":20,"gold_loss":0,"cards_upgraded":["Slimebound:Strike_Slimebound","Slimebound:Strike_Slimebound","Slimebound:Defend_Slimebound","Slimebound:Defend_Slimebound","Slimebound:Defend_Slimebound","Slimebound:Defend_Slimebound"]}],"is_beta":false,"boss_relics":[{"not_picked":["halation:PlatinumPhoenix","vexMod:TanglingVine"],"picked":"aspiration:RitualDagger"},{"not_picked":["halation:LoveArrow","Runic Dome"],"picked":"Calling Bell"}],"items_purged_floors":[],"is_endless":false,"potions_floor_spawned":[5,12,16,21,23,25,32,33,39,43,47,52],"ascension_level":0}}