{"host":"x1qj4d8ympd5jdqh","time":1607861249,"event":{"mods":["AchievementEnabler","AlwaysNeverKeys","BaseMod","Colored Map","Custom Start","DeckTracker","Highlight Path","Minty Spire (QoL Compilation)","StSLib","SuperFastMode"],"gold_per_floor":[115,115,115,26,44,75,75,88,88,113,133,146,146,180,180,254,254,272,285,285,285],"floor_reached":20,"playtime":438,"items_purged":[],"score":438,"play_id":"d992a61e-3c94-4480-abc5-fa977e51102d","local_time":"20201213210729","is_ascension_mode":true,"campfire_choices":[{"data":"Bouncing Flask","floor":7,"key":"SMITH"},{"floor":13,"key":"REST"},{"data":"Noxious Fumes","floor":15,"key":"SMITH"}],"circlet_count":0,"master_deck":["AscendersBane","Strike_G","Strike_G","Strike_G","Strike_G","Defend_G","Defend_G","Defend_G","Defend_G","Defend_G","Survivor","Neutralize","Dagger Spray+1","Masterful Stab","Noxious Fumes+1","Bouncing Flask+1","PiercingWail","Corpse Explosion","CurseOfTheBell"],"relics":["Ring of the Snake","NeowsBlessing","Strawberry","Ornamental Fan","Regal Pillow","Happy Flower","Calling Bell","Bag of Preparation","Frozen Egg 2","FossilizedHelix"],"acts_visited":["Exordium","TheCity"],"potions_floor_usage":[12,19],"damage_taken":[{"damage":0,"enemies":"Jaw Worm","floor":1,"turns":1},{"damage":0,"enemies":"Small Slimes","floor":5,"turns":1},{"damage":0,"enemies":"Lagavulin","floor":6,"turns":1},{"damage":0,"enemies":"Cultist","floor":8,"turns":3},{"damage":20,"enemies":"Gremlin Nob","floor":10,"turns":4},{"damage":25,"enemies":"Exordium Thugs","floor":11,"turns":4},{"damage":0,"enemies":"2 Fungi Beasts","floor":12,"turns":3},{"damage":20,"enemies":"Lagavulin","floor":14,"turns":8},{"damage":5,"enemies":"Hexaghost","floor":16,"turns":9},{"damage":30,"enemies":"3 Byrds","floor":18,"turns":4},{"damage":11,"enemies":"2 Thieves","floor":19,"turns":3},{"damage":24,"enemies":"Cultist and Chosen","floor":20,"turns":3}],"seed_played":"-8572032824909035138","potions_obtained":[{"floor":10,"key":"BlessingOfTheForge"},{"floor":11,"key":"Fire Potion"},{"floor":16,"key":"PowerPotion"},{"floor":19,"key":"SteroidPotion"}],"is_trial":false,"path_per_floor":["M","?","?","$","M","E","R","M","T","E","M","M","R","E","R","B",null,"M","M","M"],"character_chosen":"THE_SILENT","items_purchased":["Noxious Fumes"],"campfire_rested":1,"item_purchase_floors":[4],"current_hp_per_floor":[59,59,59,59,59,66,66,66,66,46,21,21,57,37,37,32,63,33,22,0,0],"gold":285,"neow_bonus":"THREE_ENEMY_KILL","is_daily":false,"chose_seed":false,"campfire_upgraded":2,"win_rate":0.0,"timestamp":1607861249,"path_taken":["M","?","?","$","M","E","R","M","T","E","M","M","R","E","R","BOSS","M","M","M"],"items_purchased_type":["Card"],"build_version":"2020-11-30","purchased_purges":0,"victory":false,"max_hp_per_floor":[66,66,66,66,66,73,73,73,73,73,73,73,73,73,73,73,73,73,73,73,73],"card_choices":[{"not_picked":["Concentrate","Acrobatics"],"picked":"Dagger Spray","floor":1},{"not_picked":["Choke","Finisher","Sucker Punch"],"picked":"SKIP","floor":5},{"not_picked":["Quick Slash","Finisher"],"picked":"Bouncing Flask","floor":6},{"not_picked":["Riddle With Holes","Flechettes","Quick Slash"],"picked":"SKIP","floor":8},{"not_picked":["Dagger Spray","Dagger Throw","Underhanded Strike"],"picked":"SKIP","floor":10},{"not_picked":["Poisoned Stab","Slice"],"picked":"PiercingWail","floor":11},{"not_picked":["Riddle With Holes","Endless Agony","Eviscerate"],"picked":"SKIP","floor":12},{"not_picked":["Blade Dance","Deflect","Choke"],"picked":"SKIP","floor":14},{"not_picked":["Burst","Wraith Form v2"],"picked":"Corpse Explosion","floor":16},{"not_picked":["Dagger Spray","Dodge and Roll","Flying Knee"],"picked":"SKIP","floor":18},{"not_picked":["Distraction","Dagger Throw","Bouncing Flask"],"picked":"SKIP","floor":19}],"player_experience":1216609,"relics_obtained":[{"floor":6,"key":"Strawberry"},{"floor":9,"key":"Ornamental Fan"},{"floor":10,"key":"Regal Pillow"},{"floor":14,"key":"Happy Flower"},{"floor":17,"key":"Bag of Preparation"},{"floor":17,"key":"Frozen Egg 2"},{"floor":17,"key":"FossilizedHelix"}],"event_choices":[{"damage_healed":0,"gold_gain":0,"cards_transformed":["Strike_G"],"player_choice":"Change","damage_taken":0,"max_hp_gain":0,"max_hp_loss":0,"event_name":"Living Wall","floor":2,"gold_loss":0,"cards_obtained":["Masterful Stab"]},{"damage_healed":0,"gold_gain":0,"player_choice":"Upgraded","damage_taken":0,"max_hp_gain":0,"max_hp_loss":0,"event_name":"Upgrade Shrine","floor":3,"gold_loss":0,"cards_upgraded":["Dagger Spray"]}],"is_beta":false,"boss_relics":[{"not_picked":["Ring of the Serpent","WristBlade"],"picked":"Calling Bell"}],"items_purged_floors":[],"is_endless":false,"potions_floor_spawned":[10,11,16,19],"killed_by":"Cultist and Chosen","ascension_level":20}}