{"host":"pf47v7h0307523iy","time":1607874953,"event":{"mods":["BaseMod","Minty Spire (QoL Compilation)"],"gold_per_floor":[115,115,115,115,3,3,17,17,17,17,37,49,78,78,78,157,157,173,173,173,173,20,47,47,67,67,97,97,113,145,156,156,230,230,244,262,137,152,170,195,195,195,195,227,245,245,275,292,292,292,292,292,292,67,96,96],"floor_reached":57,"playtime":10902,"items_purged":["Defend_G","Decay","Strike_G+1"],"score":3396,"play_id":"e6dc9d38-6f8e-45dd-ac6a-fbe33594c64e","local_time":"20201213175553","is_ascension_mode":true,"campfire_choices":[{"data":"Noxious Fumes","floor":6,"key":"SMITH"},{"data":"Dagger Spray","floor":8,"key":"SMITH"},{"data":"Blur","floor":10,"key":"SMITH"},{"data":"Deflect","floor":15,"key":"SMITH"},{"data":"Deflect","floor":24,"key":"SMITH"},{"data":"Burst","floor":32,"key":"SMITH"},{"data":"After Image","floor":41,"key":"SMITH"},{"floor":46,"key":"RECALL"},{"data":"Defend_G","floor":49,"key":"PURGE"},{"data":"Deep Breath","floor":53,"key":"SMITH"}],"circlet_count":0,"master_deck":["AscendersBane","Defend_G+1","Defend_G","Defend_G","Survivor","Neutralize+1","Dagger Spray+1","Noxious Fumes+1","Blur+1","Deflect+1","Acrobatics","Corpse Explosion","Deflect+1","PiercingWail","After Image+1","Burst+1","Malaise","Backflip","Escape Plan","After Image","Deep Breath+1","Finesse","Dark Shackles","Crippling Poison+1","PiercingWail+1"],"relics":["Runic Pyramid","Meat on the Bone","Bag of Marbles","Philosopher\u0027s Stone","Enchiridion","Ornamental Fan","Pocketwatch","FossilizedHelix","Whetstone","Coffee Dripper","Boot","Paper Crane","Peace Pipe","Oddly Smooth Stone","Toy Ornithopter"],"acts_visited":["Exordium","TheCity","TheBeyond","TheEnding"],"potions_floor_usage":[12,18,23,23,30,38,40,55,56],"damage_taken":[{"damage":0,"enemies":"Jaw Worm","floor":1,"turns":5},{"damage":0,"enemies":"Small Slimes","floor":7,"turns":3},{"damage":0,"enemies":"Cultist","floor":11,"turns":4},{"damage":0,"enemies":"3 Louse","floor":12,"turns":3},{"damage":4,"enemies":"3 Sentries","floor":13,"turns":7},{"damage":22,"enemies":"Slime Boss","floor":16,"turns":11},{"damage":15,"enemies":"2 Thieves","floor":18,"turns":4},{"damage":0,"enemies":"Gremlin Leader","floor":23,"turns":7},{"damage":2,"enemies":"Spheric Guardian","floor":25,"turns":6},{"damage":12,"enemies":"Book of Stabbing","floor":27,"turns":7},{"damage":0,"enemies":"Centurion and Healer","floor":29,"turns":6},{"damage":10,"enemies":"Gremlin Leader","floor":30,"turns":7},{"damage":0,"enemies":"Shelled Parasite and Fungi","floor":31,"turns":6},{"damage":0,"enemies":"Automaton","floor":33,"turns":10},{"damage":0,"enemies":"3 Darklings","floor":35,"turns":3},{"damage":0,"enemies":"3 Shapes","floor":36,"turns":3},{"damage":0,"enemies":"3 Darklings","floor":38,"turns":4},{"damage":0,"enemies":"Jaw Worm Horde","floor":39,"turns":4},{"damage":0,"enemies":"Reptomancer","floor":40,"turns":5},{"damage":0,"enemies":"Giant Head","floor":44,"turns":13},{"damage":0,"enemies":"Maw","floor":45,"turns":10},{"damage":0,"enemies":"Nemesis","floor":47,"turns":9},{"damage":0,"enemies":"Writhing Mass","floor":48,"turns":8},{"damage":0,"enemies":"Donu and Deca","floor":50,"turns":9},{"damage":0,"enemies":"Awakened One","floor":51,"turns":23},{"damage":0,"enemies":"Shield and Spear","floor":55,"turns":8},{"damage":27,"enemies":"The Heart","floor":56,"turns":14}],"seed_played":"7315262575373617764","potions_obtained":[{"floor":11,"key":"Fire Potion"},{"floor":13,"key":"SkillPotion"},{"floor":16,"key":"AttackPotion"},{"floor":25,"key":"PowerPotion"},{"floor":27,"key":"Swift Potion"},{"floor":30,"key":"ColorlessPotion"},{"floor":40,"key":"SkillPotion"},{"floor":44,"key":"Strength Potion"}],"is_trial":false,"path_per_floor":["M","?","?","?","$","R","M","R","T","R","M","M","E","?","R","B",null,"M","?","?","?","$","E","R","M","T","E","?","M","E","M","R","B",null,"M","M","$","M","M","E","R","?","T","E","M","R","E","M","R","B","B",null,"R","$","E","B",null],"character_chosen":"THE_SILENT","items_purchased":["Noxious Fumes","ColorlessPotion","Oddly Smooth Stone","Swift Potion"],"campfire_rested":0,"item_purchase_floors":[5,22,54,54],"current_hp_per_floor":[59,59,52,32,32,32,32,32,32,32,44,44,40,40,40,30,57,42,21,21,21,21,33,33,43,43,43,43,43,45,45,45,45,61,61,61,61,61,61,61,61,51,51,51,51,51,51,51,51,51,51,62,62,62,62,39],"gold":96,"neow_bonus":"BOSS_RELIC","is_daily":false,"chose_seed":false,"campfire_upgraded":8,"win_rate":0.0,"timestamp":1607874953,"path_taken":["M","?","?","?","?","R","M","R","T","R","M","?","E","?","R","BOSS","M","?","?","?","?","E","R","?","T","E","?","M","E","M","R","BOSS","M","M","?","M","M","E","R","?","T","E","M","R","E","M","R","BOSS","BOSS","R","$","E","BOSS"],"items_purchased_type":["Card","Potion","Relic","Potion"],"build_version":"2020-11-30","purchased_purges":3,"victory":true,"max_hp_per_floor":[66,66,66,66,66,66,66,66,66,66,66,66,66,66,66,66,66,66,66,66,66,66,66,66,66,66,66,66,66,66,66,66,66,66,66,66,66,66,66,66,66,66,66,66,66,66,66,66,66,66,66,66,66,66,66,66],"card_choices":[{"not_picked":["Poisoned Stab","Dodge and Roll"],"picked":"Dagger Spray","floor":1},{"not_picked":["Dagger Spray","Prepared"],"picked":"Blur","floor":7},{"not_picked":["Underhanded Strike","Dash"],"picked":"Deflect","floor":11},{"not_picked":["Dodge and Roll","Terror"],"picked":"Acrobatics","floor":12},{"not_picked":["Choke","Reflex","Distraction"],"picked":"SKIP","floor":13},{"not_picked":["Storm of Steel","Adrenaline"],"picked":"Corpse Explosion","floor":16},{"not_picked":["Blade Dance","Well Laid Plans"],"picked":"Deflect","floor":18},{"not_picked":["Catalyst","Noxious Fumes"],"picked":"PiercingWail","floor":23},{"not_picked":["Flying Knee","Deflect","Dagger Spray"],"picked":"SKIP","floor":25},{"not_picked":["Sucker Punch+1","Slice"],"picked":"After Image","floor":27},{"not_picked":["Predator","Caltrops","Acrobatics"],"picked":"SKIP","floor":29},{"not_picked":["Calculated Gamble","Poisoned Stab"],"picked":"Burst","floor":30},{"not_picked":["Flying Knee","Dagger Throw","Reflex"],"picked":"SKIP","floor":31},{"not_picked":["Corpse Explosion","Doppelganger"],"picked":"Malaise","floor":33},{"not_picked":["Caltrops","Slice","Bouncing Flask"],"picked":"SKIP","floor":35},{"not_picked":["Well Laid Plans","Quick Slash"],"picked":"Backflip","floor":36},{"not_picked":["Blade Dance","Acrobatics+1","Prepared"],"picked":"SKIP","floor":38},{"not_picked":["Calculated Gamble","Outmaneuver+1"],"picked":"Escape Plan","floor":39},{"not_picked":["Terror","Infinite Blades"],"picked":"After Image","floor":40},{"not_picked":["Violence","Sadistic Nature"],"picked":"Deep Breath","floor":42},{"not_picked":["Forethought","Metamorphosis"],"picked":"Finesse","floor":42},{"not_picked":["Forethought","Sadistic Nature"],"picked":"Dark Shackles","floor":42},{"not_picked":["Sucker Punch","Dash"],"picked":"Crippling Poison+1","floor":44},{"not_picked":["Well Laid Plans","Dagger Spray+1"],"picked":"PiercingWail+1","floor":45},{"not_picked":["Deadly Poison","Phantasmal Killer","All Out Attack+1"],"picked":"SKIP","floor":47},{"not_picked":["Prepared","Endless Agony","Predator"],"picked":"SKIP","floor":48},{"not_picked":["Accuracy","Underhanded Strike","Dagger Spray"],"picked":"SKIP","floor":55}],"player_experience":1469146,"relics_obtained":[{"floor":9,"key":"Meat on the Bone"},{"floor":13,"key":"Bag of Marbles"},{"floor":19,"key":"Enchiridion"},{"floor":23,"key":"Ornamental Fan"},{"floor":26,"key":"Pocketwatch"},{"floor":27,"key":"FossilizedHelix"},{"floor":30,"key":"Whetstone"},{"floor":40,"key":"Boot"},{"floor":44,"key":"Paper Crane"},{"floor":47,"key":"Peace Pipe"},{"floor":55,"key":"Toy Ornithopter"}],"event_choices":[{"cards_removed":["Strike_G"],"damage_healed":0,"gold_gain":0,"player_choice":"Forget","damage_taken":0,"max_hp_gain":0,"max_hp_loss":0,"event_name":"Living Wall","floor":2,"gold_loss":0},{"cards_removed":["Strike_G"],"damage_healed":0,"gold_gain":0,"player_choice":"Card Removal","damage_taken":7,"max_hp_gain":0,"max_hp_loss":0,"event_name":"Golden Wing","floor":3,"gold_loss":0},{"damage_healed":0,"gold_gain":0,"player_choice":"Entered Light","damage_taken":20,"max_hp_gain":0,"max_hp_loss":0,"event_name":"Shining Light","floor":4,"gold_loss":0,"cards_upgraded":["Defend_G","Neutralize"]},{"cards_removed":["Strike_G"],"damage_healed":0,"gold_gain":0,"player_choice":"Offered Basic","damage_taken":0,"max_hp_gain":0,"max_hp_loss":0,"event_name":"Bonfire Elementals","floor":14,"gold_loss":0},{"damage_healed":0,"gold_gain":0,"player_choice":"Obtained Book","damage_taken":21,"max_hp_gain":0,"max_hp_loss":0,"event_name":"Cursed Tome","floor":19,"gold_loss":0},{"damage_healed":0,"gold_gain":0,"player_choice":"Ignored","damage_taken":0,"max_hp_gain":0,"max_hp_loss":0,"event_name":"Vampires","floor":20,"gold_loss":0},{"damage_healed":0,"gold_gain":0,"player_choice":"Smashed Altar","damage_taken":0,"max_hp_gain":0,"max_hp_loss":0,"event_name":"Forgotten Altar","floor":21,"gold_loss":0,"cards_obtained":["Decay"]},{"cards_removed":["Strike_G"],"damage_healed":0,"gold_gain":0,"player_choice":"Purged","damage_taken":0,"max_hp_gain":0,"max_hp_loss":0,"event_name":"Purifier","floor":28,"gold_loss":0},{"damage_healed":0,"gold_gain":0,"player_choice":"Memory 3","damage_taken":10,"max_hp_gain":0,"max_hp_loss":0,"event_name":"SensoryStone","floor":42,"gold_loss":0}],"is_beta":false,"boss_relics":[{"not_picked":["Pandora\u0027s Box","Tiny House"],"picked":"Philosopher\u0027s Stone"},{"not_picked":["Fusion Hammer","Astrolabe"],"picked":"Coffee Dripper"}],"items_purged_floors":[5,22,37],"is_endless":false,"potions_floor_spawned":[11,13,16,25,27,30,33,35,40,44],"ascension_level":20}}