{"host":"y76clbnovzmw9ubx","time":1607822355,"event":{"mods":["AchievementEnabler","BaseMod","Minty Spire (QoL Compilation)","Permanent Neow","Relic Stats"],"gold_per_floor":[12,12,0,25,44,44,80,80,80,118,191,191,210,233,233,328,328,352,376,399,155,155,155],"floor_reached":22,"playtime":1507,"items_purged":["Tactician"],"score":392,"play_id":"fd628a4b-9bf9-424d-a053-879284becfa9","local_time":"20201212201915","is_ascension_mode":true,"campfire_choices":[{"data":"Glass Knife","floor":6,"key":"SMITH"},{"floor":8,"key":"REST"},{"floor":12,"key":"REST"},{"data":"Envenom","floor":15,"key":"SMITH"}],"circlet_count":0,"master_deck":["AscendersBane","Survivor","Neutralize","Glass Knife+1","Slice","Venomology","Envenom+1","Backflip","Poisoned Stab","Bullet Time","Glass Knife","Phantasmal Killer","Bane","Expertise","Night Terror","Riddle With Holes","Unload","Poisoned Stab","Deadly Poison","Blade Dance","Blade Dance","Well Laid Plans"],"relics":["Ring of the Snake","Golden Idol","Darkstone Periapt","Pantograph","Shovel","Pandora\u0027s Box","Bronze Scales"],"acts_visited":["Exordium","TheCity"],"potions_floor_usage":[10,16,16,18,19,22],"damage_taken":[{"damage":1,"enemies":"2 Louse","floor":1,"turns":3},{"damage":2,"enemies":"Small Slimes","floor":4,"turns":3},{"damage":0,"enemies":"Cultist","floor":5,"turns":3},{"damage":42,"enemies":"3 Sentries","floor":7,"turns":16},{"damage":41,"enemies":"Lagavulin","floor":10,"turns":8},{"damage":2,"enemies":"2 Fungi Beasts","floor":13,"turns":3},{"damage":4,"enemies":"Exordium Wildlife","floor":14,"turns":4},{"damage":30,"enemies":"Hexaghost","floor":16,"turns":8},{"damage":9,"enemies":"2 Thieves","floor":18,"turns":3},{"damage":0,"enemies":"Chosen","floor":19,"turns":3},{"damage":38,"enemies":"Snecko","floor":20,"turns":5},{"damage":6,"enemies":"Snake Plant","floor":22,"turns":2}],"seed_played":"-34822034456917680","potions_obtained":[{"floor":1,"key":"FairyPotion"},{"floor":7,"key":"Swift Potion"},{"floor":13,"key":"SpeedPotion"},{"floor":16,"key":"Fire Potion"},{"floor":20,"key":"PowerPotion"}],"is_trial":false,"path_per_floor":["M","?","?","M","M","R","E","R","T","E","?","R","M","M","R","B",null,"M","M","M","$","M"],"character_chosen":"THE_SILENT","items_purchased":["Bronze Scales"],"campfire_rested":2,"item_purchase_floors":[21],"current_hp_per_floor":[58,58,58,56,56,56,14,32,32,9,9,27,25,21,21,16,49,40,40,2,2,0,0],"gold":155,"neow_bonus":"THREE_RARE_CARDS","is_daily":false,"chose_seed":false,"campfire_upgraded":2,"win_rate":0.0,"timestamp":1607822355,"path_taken":["M","?","?","M","M","R","E","R","T","E","?","R","M","M","R","BOSS","M","M","M","$","M"],"items_purchased_type":["Relic"],"build_version":"2020-11-30","purchased_purges":1,"victory":false,"max_hp_per_floor":[66,60,60,60,60,60,60,60,60,60,60,60,60,60,60,60,60,60,60,60,60,60,60],"relic_stats":{"Darkstone Periapt":0,"Shovel":0,"counters":[12,61],"Golden Idol":67,"Pantograph":25,"Bronze Scales":[3],"Pandora\u0027s Box":["Glass Knife","Phantasmal Killer","Bane","Expertise","Night Terror","Tactician","Riddle With Holes","Unload","Poisoned Stab","Deadly Poison"],"obtain_stats":[{"Darkstone Periapt":7,"Shovel":10,"Golden Idol":2,"Pantograph":9,"Bronze Scales":21,"Pandora\u0027s Box":17,"Ring of the Snake":0},{"Darkstone Periapt":4,"Shovel":5,"Golden Idol":1,"Pantograph":4,"Bronze Scales":11,"Pandora\u0027s Box":8,"Ring of the Snake":0},{"Darkstone Periapt":25,"Shovel":33,"Golden Idol":3,"Pantograph":25,"Bronze Scales":59,"Pandora\u0027s Box":48,"Ring of the Snake":0}],"Ring of the Snake":[24]},"card_choices":[{"not_picked":["After Image","Doppelganger"],"picked":"Glass Knife","floor":0},{"not_picked":["Riddle With Holes","Bane","Outmaneuver"],"picked":"SKIP","floor":1},{"not_picked":["Backflip","Dodge and Roll"],"picked":"Slice","floor":4},{"not_picked":["Eviscerate","Dodge and Roll","Reflex"],"picked":"SKIP","floor":5},{"not_picked":["Heel Hook","Deadly Poison"],"picked":"Venomology","floor":7},{"not_picked":["Outmaneuver","Slice"],"picked":"Envenom","floor":10},{"not_picked":["Quick Slash","Prepared"],"picked":"Backflip","floor":13},{"not_picked":["Predator","Slice"],"picked":"Poisoned Stab","floor":14},{"not_picked":["Grand Finale","Envenom"],"picked":"Bullet Time","floor":16},{"not_picked":["Flying Knee","Eviscerate"],"picked":"Blade Dance","floor":18},{"not_picked":["Outmaneuver","Bane"],"picked":"Blade Dance","floor":19},{"not_picked":["Slice+1","Backflip"],"picked":"Well Laid Plans","floor":20}],"player_experience":2834553,"relics_obtained":[{"floor":7,"key":"Darkstone Periapt"},{"floor":9,"key":"Pantograph"},{"floor":10,"key":"Shovel"}],"event_choices":[{"damage_healed":0,"gold_gain":0,"player_choice":"Lose Max HP","damage_taken":0,"relics_obtained":["Golden Idol"],"max_hp_gain":0,"max_hp_loss":6,"event_name":"Golden Idol","floor":2,"gold_loss":0},{"damage_healed":0,"gold_gain":0,"player_choice":"Left Gold","damage_taken":0,"max_hp_gain":0,"max_hp_loss":0,"event_name":"World of Goop","floor":3,"gold_loss":12},{"damage_healed":0,"gold_gain":73,"player_choice":"Gained Gold","damage_taken":0,"max_hp_gain":0,"max_hp_loss":0,"event_name":"Golden Wing","floor":11,"gold_loss":0}],"is_beta":false,"boss_relics":[{"not_picked":["Calling Bell","Velvet Choker"],"picked":"Pandora\u0027s Box"}],"items_purged_floors":[21],"is_endless":false,"potions_floor_spawned":[1,7,13,14,16,20],"killed_by":"Snake Plant","ascension_level":20}}