{"host":"7nivcca86uhzq8pw","time":1607903224,"event":{"mods":["BaseMod","Better Altar","Better Skull","Downfall","Hermit","Minty Spire (QoL Compilation)","RRrroohrrRGHHhhh!!","StSLib"],"gold_per_floor":[361,361,379,390,410,444,444,457,457,484,484,518,534,534,534,634,634,651,651,651,665,746,761,837,868,914,933,1268,1281,1314,1332,1332,1435,1435,1451,1464,1464,1464,1474,1501,1501,1513,1559,1584,1584,1602,21,32,32,32,32],"floor_reached":50,"playtime":2903,"items_purged":[],"score":872,"play_id":"e8735991-1296-4078-9e79-b5f39e533b82","local_time":"20201213204704","is_ascension_mode":true,"campfire_choices":[{"data":"hermit:Magnum","floor":7,"key":"SMITH"},{"floor":15,"key":"REST"},{"floor":32,"key":"REST"},{"floor":41,"key":"DIG"},{"floor":49,"key":"REST"}],"circlet_count":0,"master_deck":["hermit:Defend_Hermit","hermit:Defend_Hermit+1","hermit:Defend_Hermit","hermit:Snapshot","hermit:Covet","hermit:GoldenBullet","hermit:Malice","hermit:CursedWeapon+1","hermit:Spite+1","hermit:Magnum+1","hermit:Misfire+1","hermit:Quickdraw+1","hermit:Deadeye+1","hermit:Grudge+1","hermit:FinalCanter+1","hermit:WideOpen+1","Slimebound:Tackle+1","Slimebound:Tackle+1","Slimebound:Tackle+1","hermit:Misfire+1","hermit:Feint+1","hermit:Determination","hermit:Desperado+1","hermit:Dissolve","hermit:LuckOfTheDraw+1","hermit:GhostlyPresence","hermit:BigShot","hermit:RoundhouseKick+1","hermit:SprayPray+1","hermit:GhostlyPresence","hermit:Coalescence+1","hermit:Desperado+1","hermit:HighCaliber+1","hermit:Desperado+1","expansioncontent:DecasProtection+1","hermit:TrackingShot+1","hermit:ShadowCloak","hermit:Combo+1"],"relics":["hermit:Momento","Toy Ornithopter","Gambling Chip","Molten Egg 2","Mummified Hand","Black Star","HornCleat","The Courier","Shuriken","Bag of Preparation","Nunchaku","Shovel","Old Coin","PreservedInsect","Calipers","SacredBark","MealTicket","Smiling Mask","Oddly Smooth Stone","Bronze Scales","Girya","Regal Pillow","Bottled Lightning","Bag of Marbles","TheAbacus","InkBottle","War Paint","Whetstone","Bottled Tornado","Ornamental Fan","Happy Flower","Akabeko"],"acts_visited":["Exordium","TheCity","TheBeyond"],"potions_floor_usage":[6,12,16,18,23,28,30,33,33,39,42,44,50],"damage_taken":[{"damage":1,"enemies":"Jaw Worm","floor":1,"turns":4},{"damage":1,"enemies":"Cultist","floor":3,"turns":3},{"damage":0,"enemies":"2 Louse","floor":4,"turns":2},{"damage":7,"enemies":"Exordium Thugs","floor":5,"turns":4},{"damage":16,"enemies":"Gremlin Nob","floor":6,"turns":3},{"damage":2,"enemies":"Large Slime","floor":8,"turns":4},{"damage":15,"enemies":"Lagavulin","floor":10,"turns":3},{"damage":9,"enemies":"3 Sentries","floor":12,"turns":2},{"damage":0,"enemies":"Red Slaver","floor":13,"turns":1},{"damage":2,"enemies":"Slime Boss","floor":16,"turns":5},{"damage":7,"enemies":"2 Thieves","floor":18,"turns":2},{"damage":17,"enemies":"3 Byrds","floor":21,"turns":5},{"damage":8,"enemies":"Cultist and Chosen","floor":23,"turns":3},{"damage":19,"enemies":"Slavers","floor":25,"turns":4},{"damage":2,"enemies":"Chosen and Byrds","floor":27,"turns":3},{"damage":2,"enemies":"Book of Stabbing","floor":28,"turns":3},{"damage":2,"enemies":"Centurion and Healer","floor":29,"turns":2},{"damage":17,"enemies":"Gremlin Leader","floor":30,"turns":2},{"damage":2,"enemies":"Snake Plant","floor":31,"turns":1},{"damage":63,"enemies":"Collector","floor":33,"turns":9},{"damage":3,"enemies":"Orb Walker","floor":35,"turns":2},{"damage":8,"enemies":"3 Shapes","floor":36,"turns":2},{"damage":2,"enemies":"Spire Growth","floor":39,"turns":2},{"damage":2,"enemies":"Reptomancer","floor":40,"turns":3},{"damage":18,"enemies":"Maw","floor":42,"turns":6},{"damage":46,"enemies":"Nemesis","floor":44,"turns":4},{"damage":0,"enemies":"Sphere and 2 Shapes","floor":46,"turns":3},{"damage":7,"enemies":"3 Darklings","floor":48,"turns":4},{"damage":52,"enemies":"Awakened One","floor":50,"turns":11}],"seed_played":"8899145182501036615","potions_obtained":[{"floor":1,"key":"Explosive Potion"},{"floor":3,"key":"Energy Potion"},{"floor":6,"key":"Regen Potion"},{"floor":12,"key":"Block Potion"},{"floor":16,"key":"DistilledChaos"},{"floor":18,"key":"Regen Potion"},{"floor":21,"key":"BlessingOfTheForge"},{"floor":29,"key":"Fire Potion"},{"floor":30,"key":"SkillPotion"},{"floor":33,"key":"AttackPotion"},{"floor":35,"key":"SkillPotion"},{"floor":38,"key":"Strength Potion"},{"floor":42,"key":"PowerPotion"},{"floor":44,"key":"BlessingOfTheForge"}],"is_trial":false,"path_per_floor":["M","?","M","M","M","E","R","M","T","E","?","E","M","?","R","B",null,"M","?","?","M","T","M","T","E","T","M","E","M","E","M","R","B",null,"M","M","?","?","M","E","R","M","T","E","?","M","$","M","R","B"],"character_chosen":"HERMIT","items_purchased":["Bottled Lightning","Bag of Marbles","TheAbacus","InkBottle","War Paint","Whetstone","Bottled Tornado","Ornamental Fan","Happy Flower","hermit:ShadowCloak","Akabeko"],"campfire_rested":3,"item_purchase_floors":[47,47,47,47,47,47,47,47,47,47,47],"current_hp_per_floor":[74,74,73,73,66,50,50,48,48,33,33,29,29,29,51,54,75,68,68,68,51,51,57,57,38,38,36,48,46,34,32,54,1,75,72,64,64,64,67,65,65,52,52,11,11,11,26,19,56,9,9],"gold":32,"neow_bonus":"TWO_FIFTY_GOLD","is_daily":false,"chose_seed":false,"campfire_upgraded":1,"win_rate":0.0,"timestamp":1607903224,"path_taken":["M","?","M","M","M","E","R","?","T","E","?","E","?","?","R","BOSS","M","?","?","?","?","?","?","E","T","M","E","M","E","M","R","BOSS","M","M","?","?","?","E","R","M","T","E","?","M","$","M","R","BOSS"],"items_purchased_type":["Relic","Relic","Relic","Relic","Relic","Relic","Relic","Relic","Relic","Card","Relic"],"build_version":"2020-11-30","purchased_purges":0,"victory":false,"max_hp_per_floor":[75,75,75,75,75,75,75,75,75,75,75,75,75,75,75,75,75,75,75,75,75,75,75,75,75,75,75,75,75,75,75,75,75,75,75,75,75,75,75,75,75,75,75,75,75,75,75,75,75,75,75],"card_choices":[{"not_picked":["hermit:Showdown","hermit:Spite"],"picked":"hermit:GoldenBullet","floor":1},{"not_picked":["hermit:Dive","hermit:EyeOfTheStorm"],"picked":"hermit:Malice","floor":3},{"not_picked":["hermit:HighCaliber","hermit:Snipe"],"picked":"hermit:CursedWeapon","floor":4},{"not_picked":["hermit:TrackingShot","hermit:Virtue"],"picked":"hermit:Spite","floor":5},{"not_picked":["hermit:ShadowCloak","hermit:GoldenBullet"],"picked":"hermit:Magnum","floor":6},{"not_picked":["hermit:Feint","hermit:Headshot"],"picked":"hermit:CalledShot","floor":8},{"not_picked":["hermit:Dive","hermit:HoleUp"],"picked":"hermit:Misfire+1","floor":10},{"not_picked":["hermit:Enervate+1","hermit:Scavenge"],"picked":"hermit:Deadeye+1","floor":12},{"not_picked":["hermit:Vantage","hermit:Spite+1"],"picked":"hermit:Grudge+1","floor":13},{"not_picked":["hermit:Reprieve","hermit:Gambit"],"picked":"hermit:FinalCanter+1","floor":16},{"not_picked":["hermit:BodyArmor","hermit:Glare"],"picked":"hermit:WideOpen+1","floor":18},{"not_picked":["hermit:Ricochet+1","hermit:DeadMansHand"],"picked":"hermit:Misfire+1","floor":21},{"not_picked":["hermit:Maintenance","hermit:HoleUp+1"],"picked":"hermit:Feint+1","floor":23},{"not_picked":["hermit:Midnight","hermit:Enervate+1"],"picked":"hermit:Determination","floor":25},{"not_picked":["hermit:EyeOfTheStorm","hermit:Spite+1"],"picked":"hermit:Desperado+1","floor":27},{"not_picked":["hermit:LowProfile+1","hermit:EyeOfTheStorm+1"],"picked":"hermit:Dissolve","floor":28},{"not_picked":["hermit:FullyLoaded","hermit:Manifest"],"picked":"hermit:LuckOfTheDraw+1","floor":29},{"not_picked":["hermit:Desperado+1","hermit:Quickdraw+1"],"picked":"hermit:GhostlyPresence","floor":30},{"not_picked":["hermit:SprayPray+1","hermit:Snipe"],"picked":"hermit:BigShot","floor":31},{"not_picked":["hermit:HeroicBravado","hermit:Dissolve"],"picked":"hermit:RoundhouseKick+1","floor":33},{"not_picked":["hermit:Malice+1","hermit:Desperado+1"],"picked":"hermit:SprayPray+1","floor":35},{"not_picked":["hermit:Snipe+1","hermit:Ricochet+1"],"picked":"hermit:GhostlyPresence","floor":36},{"not_picked":["hermit:Cheat","hermit:Deadeye+1"],"picked":"hermit:Coalescence+1","floor":39},{"not_picked":["hermit:HoleUp+1","hermit:PistolWhip+1"],"picked":"hermit:Desperado+1","floor":40},{"not_picked":["hermit:ItchyTrigger+1","hermit:Ricochet+1"],"picked":"hermit:HighCaliber+1","floor":42},{"not_picked":["hermit:Snipe","hermit:Determination"],"picked":"hermit:Desperado+1","floor":44},{"not_picked":["expansioncontent:FaceSlap+1","The Bomb"],"picked":"expansioncontent:DecasProtection","floor":45},{"not_picked":["hermit:ItchyTrigger+1","hermit:Virtue+1"],"picked":"hermit:TrackingShot+1","floor":46},{"not_picked":["hermit:Gestalt","hermit:Enervate+1"],"picked":"hermit:Combo+1","floor":48}],"player_experience":216239,"relics_obtained":[{"floor":6,"key":"Toy Ornithopter"},{"floor":9,"key":"Gambling Chip"},{"floor":10,"key":"Molten Egg 2"},{"floor":12,"key":"Mummified Hand"},{"floor":22,"key":"HornCleat"},{"floor":24,"key":"The Courier"},{"floor":25,"key":"Shuriken"},{"floor":25,"key":"Bag of Preparation"},{"floor":26,"key":"Nunchaku"},{"floor":28,"key":"Shovel"},{"floor":28,"key":"Old Coin"},{"floor":30,"key":"PreservedInsect"},{"floor":30,"key":"Calipers"},{"floor":40,"key":"MealTicket"},{"floor":40,"key":"Smiling Mask"},{"floor":41,"key":"Oddly Smooth Stone"},{"floor":43,"key":"Bronze Scales"},{"floor":44,"key":"Girya"},{"floor":44,"key":"Regal Pillow"}],"event_choices":[{"cards_removed":["sneckomod:Bewildered"],"damage_healed":0,"gold_gain":0,"player_choice":"Purged","damage_taken":0,"max_hp_gain":0,"max_hp_loss":0,"event_name":"Purifier","floor":2,"gold_loss":0},{"damage_healed":0,"gold_gain":0,"cards_transformed":["hermit:Strike_Hermit"],"player_choice":"Transformed","damage_taken":0,"max_hp_gain":0,"max_hp_loss":0,"event_name":"Transmorgrifier","floor":11,"gold_loss":0,"cards_obtained":["hermit:Quickdraw"]},{"cards_removed":["hermit:Defend_Hermit"],"damage_healed":0,"gold_gain":0,"player_choice":"Offered Basic","damage_taken":0,"max_hp_gain":0,"max_hp_loss":0,"event_name":"Bonfire Elementals","floor":14,"gold_loss":0},{"cards_removed":["hermit:CalledShot"],"damage_healed":0,"gold_gain":0,"player_choice":"Purged","damage_taken":0,"max_hp_gain":0,"max_hp_loss":0,"event_name":"Purifier","floor":20,"gold_loss":0},{"damage_healed":0,"gold_gain":0,"player_choice":"Ignored","damage_taken":0,"max_hp_gain":0,"max_hp_loss":0,"event_name":"Tomb of Lord Red Mask","floor":37,"gold_loss":0},{"damage_healed":0,"gold_gain":0,"player_choice":"Got Potions","damage_taken":0,"max_hp_gain":0,"max_hp_loss":0,"event_name":"Lab","floor":38,"gold_loss":0},{"damage_healed":0,"gold_gain":0,"player_choice":"Memory 1","damage_taken":0,"max_hp_gain":0,"max_hp_loss":0,"event_name":"SensoryStone","floor":45,"gold_loss":0}],"is_beta":false,"boss_relics":[{"not_picked":["hermit:BartenderGlass","Runic Dome"],"picked":"Black Star"},{"not_picked":["Astrolabe","Sozu"],"picked":"SacredBark"}],"items_purged_floors":[],"is_endless":false,"potions_floor_spawned":[1,3,6,12,16,18,21,29,30,33,35,42,44],"killed_by":"Awakened One","ascension_level":1}}