{"host":"Ilker","time":1607874624,"event":{"mods":["BaseMod","Bestiary","Block Reminder","Colored Map","DeckTracker","Highlight Path","Minty Spire (QoL Compilation)","Quick Restart","Relic Sorter","Relic Stats"],"gold_per_floor":[117,117,136,147,167,167,195,205,205,205,238,238,256,236,236,310,310,326,279,279,279],"floor_reached":20,"playtime":1087,"items_purged":[],"score":372,"play_id":"d83aa7f6-8f73-4963-b72c-dcfbbb081342","local_time":"20201213185024","is_ascension_mode":true,"campfire_choices":[{"data":"True Grit","floor":6.0,"key":"SMITH"},{"data":"Hemokinesis","floor":10,"key":"SMITH"},{"floor":12,"key":"REST"},{"data":"Uppercut","floor":15,"key":"SMITH"}],"circlet_count":0,"master_deck":["AscendersBane","Strike_R","Strike_R","Strike_R","Strike_R","Strike_R","Defend_R","Defend_R","Defend_R","Defend_R","Bash","Headbutt","Clothesline","True Grit+1","Shrug It Off","Corruption","Hemokinesis+1","Whirlwind","Uppercut+1","Immolate","Armaments","Dropkick"],"relics":["Burning Blood","StrikeDummy","Question Card","Pantograph","SlaversCollar"],"acts_visited":["Exordium","TheCity"],"potions_floor_usage":[7,11,11,20],"damage_taken":[{"damage":1.0,"enemies":"Cultist","floor":1.0,"turns":3.0},{"damage":4.0,"enemies":"Small Slimes","floor":3.0,"turns":4.0},{"damage":9.0,"enemies":"Jaw Worm","floor":4.0,"turns":3.0},{"damage":20.0,"enemies":"3 Louse","floor":5.0,"turns":5.0},{"damage":24,"enemies":"3 Sentries","floor":7,"turns":8},{"damage":5,"enemies":"Looter","floor":8,"turns":3},{"damage":20,"enemies":"Lagavulin","floor":11,"turns":5},{"damage":13,"enemies":"Large Slime","floor":13,"turns":6},{"damage":57,"enemies":"Hexaghost","floor":16,"turns":10},{"damage":47,"enemies":"3 Byrds","floor":18,"turns":6},{"damage":26,"enemies":"2 Thieves","floor":19,"turns":5},{"damage":17,"enemies":"Centurion and Healer","floor":20,"turns":2}],"seed_played":"2178664458343248943","potions_obtained":[{"floor":1.0,"key":"PowerPotion"},{"floor":7,"key":"Explosive Potion"},{"floor":8,"key":"Fruit Juice"},{"floor":14,"key":"Fruit Juice"}],"is_trial":false,"path_per_floor":["M","?","M","M","M","R","E","M","T","R","E","R","M","?","R","B",null,"M","M","M"],"character_chosen":"IRONCLAD","items_purchased":[],"campfire_rested":1,"item_purchase_floors":[],"current_hp_per_floor":[80,80,82,79,65,65,47,48,48,48,39,65,58,58,58,32,73,32,12,0,0],"gold":279,"neow_bonus":"TEN_PERCENT_HP_BONUS","is_daily":false,"chose_seed":false,"campfire_upgraded":3,"win_rate":0.0,"timestamp":1607874624,"path_taken":["M","?","M","M","M","R","E","M","T","R","E","R","M","?","R","BOSS","M","M","?"],"items_purchased_type":[],"build_version":"2020-12-07","purchased_purges":0,"victory":false,"max_hp_per_floor":[82,82,82,82,82,82,82,82,82,82,87,87,87,87,87,87,87,87,87,92,92],"relic_stats":{"counters":[12,60],"Pantograph":25,"Question Card":5,"obtain_stats":[{"SlaversCollar":17,"Pantograph":11,"StrikeDummy":7,"Question Card":9,"Burning Blood":0},{"SlaversCollar":9,"Pantograph":7,"StrikeDummy":5,"Question Card":6,"Burning Blood":0},{"SlaversCollar":47,"Pantograph":31,"StrikeDummy":23,"Question Card":26,"Burning Blood":0}],"Burning Blood":66},"card_choices":[{"not_picked":["Entrench","Armaments"],"picked":"Headbutt","floor":1.0},{"not_picked":["Heavy Blade","Pommel Strike"],"picked":"Clothesline","floor":3.0},{"not_picked":["Twin Strike","Dual Wield"],"picked":"True Grit","floor":4.0},{"not_picked":["Heavy Blade","Wild Strike"],"picked":"Shrug It Off","floor":5.0},{"not_picked":["Twin Strike","Iron Wave"],"picked":"Corruption","floor":7},{"not_picked":["Pommel Strike","Armaments"],"picked":"Hemokinesis","floor":8},{"not_picked":["Heavy Blade","Cleave","Juggernaut"],"picked":"Whirlwind","floor":11},{"not_picked":["True Grit","Pommel Strike","Headbutt"],"picked":"Uppercut","floor":13},{"not_picked":["Fiend Fire","Bludgeon","Offering"],"picked":"Immolate","floor":16},{"not_picked":["Thunderclap","Havoc","Clash"],"picked":"Armaments","floor":18},{"not_picked":["Shockwave","Bloodletting","Twin Strike"],"picked":"Dropkick","floor":19}],"player_experience":1667373,"relics_obtained":[{"floor":7,"key":"StrikeDummy"},{"floor":9,"key":"Question Card"},{"floor":11,"key":"Pantograph"}],"event_choices":[{"damage_healed":0.0,"max_hp_gain":0.0,"max_hp_loss":0.0,"gold_gain":0.0,"event_name":"Shining Light","player_choice":"Ignored","floor":2.0,"gold_loss":0.0,"damage_taken":0.0},{"damage_healed":0,"gold_gain":0,"player_choice":"Bought 1 Potion","damage_taken":0,"max_hp_gain":0,"max_hp_loss":0,"event_name":"The Woman in Blue","floor":14,"gold_loss":0}],"is_beta":true,"boss_relics":[{"not_picked":["Runic Dome","Black Blood"],"picked":"SlaversCollar"}],"items_purged_floors":[],"is_endless":false,"potions_floor_spawned":[1,7,8],"killed_by":"Centurion and Healer","ascension_level":20}}