{"host":"ow9msrs9p2ctkx99","time":1607859536,"event":{"mods":["AchievementEnabler","BaseMod","Colored Map","Colored Powertips","Minty Spire (QoL Compilation)","Permanent Neow","Quick Restart","SuperFastMode"],"gold_per_floor":[109,120,139,158,83,118,118,152,176,206,218,230,261,308,320,429,441,468,480,504,182,457,485,485,176,201,201,229,229,229],"floor_reached":29,"playtime":646,"items_purged":["Pain","Strike_B","Strike_B"],"score":436,"play_id":"7061e7f1-933e-4df4-9f36-67c1748d4421","local_time":"20201213123856","is_ascension_mode":true,"campfire_choices":[{"data":"Dualcast","floor":7.0,"key":"SMITH"},{"floor":15,"key":"REST"},{"floor":24,"key":"REST"},{"floor":27,"key":"REST"}],"circlet_count":0,"master_deck":["AscendersBane","Strike_B","Strike_B","Defend_B","Defend_B","Defend_B","Defend_B","Zap","Dualcast+1","Core Surge","Chill","FTL","Sweeping Beam","Echo Form","Genetic Algorithm","FTL","Tempest","Defragment","Core Surge","Stack+1","Consume","Capacitor","Steam+1","Fusion+1","Melter","Regret","Streamline+1","Doom and Gloom","Force Field"],"relics":["Cracked Core","Gremlin Horn","Oddly Smooth Stone","MawBank","Bag of Preparation","Snecko Eye","Vajra","Orrery","Darkstone Periapt","Regal Pillow","DataDisk"],"acts_visited":["Exordium","TheCity"],"potions_floor_usage":[8,8,10,23,28],"damage_taken":[{"damage":5.0,"enemies":"Cultist","floor":1.0,"turns":3.0},{"damage":7.0,"enemies":"2 Louse","floor":2.0,"turns":2.0},{"damage":0.0,"enemies":"Small Slimes","floor":3.0,"turns":2.0},{"damage":14.0,"enemies":"Red Slaver","floor":4.0,"turns":2.0},{"damage":11.0,"enemies":"Lagavulin","floor":6.0,"turns":7.0},{"damage":23,"enemies":"Gremlin Nob","floor":8,"turns":4},{"damage":1,"enemies":"Looter","floor":10,"turns":3},{"damage":0,"enemies":"Lots of Slimes","floor":13,"turns":2},{"damage":11,"enemies":"3 Sentries","floor":14,"turns":7},{"damage":40,"enemies":"Slime Boss","floor":16,"turns":11},{"damage":22,"enemies":"Spheric Guardian","floor":18,"turns":4},{"damage":4,"enemies":"3 Byrds","floor":20,"turns":7},{"damage":27,"enemies":"Gremlin Leader","floor":23,"turns":6},{"damage":59,"enemies":"Slavers","floor":28,"turns":4},{"damage":5,"enemies":"Shelled Parasite and Fungi","floor":29,"turns":1}],"seed_played":"2285209851711431368","potions_obtained":[{"floor":2.0,"key":"SkillPotion"},{"floor":3.0,"key":"Energy Potion"},{"floor":8,"key":"Block Potion"},{"floor":16,"key":"PowerPotion"},{"floor":18,"key":"Ancient Potion"}],"is_trial":false,"path_per_floor":["M","M","M","M","$","E","R","E","T","M","?","?","M","E","R","B",null,"M","?","M","$","?","E","R","$","T","R","E","M"],"character_chosen":"DEFECT","items_purchased":["Capacitor","Orrery","Doom and Gloom","Regal Pillow"],"campfire_rested":3,"item_purchase_floors":[21,21,25,25],"current_hp_per_floor":[63,56,56,42,42,31,31,8,8,7,7,32,32,21,43,3,57,35,35,31,31,31,4,26,26,26,63,4,0,0],"gold":229,"neow_bonus":"THREE_RARE_CARDS","is_daily":false,"chose_seed":false,"campfire_upgraded":1,"win_rate":0.0,"timestamp":1607859536,"path_taken":["M","M","M","?","$","E","R","E","T","M","?","?","M","E","R","BOSS","M","?","?","$","?","E","R","$","T","R","E","?"],"items_purchased_type":["Card","Relic","Card","Relic"],"build_version":"2020-11-30","purchased_purges":3,"victory":false,"max_hp_per_floor":[75,75,75,75,75,75,75,75,75,75,75,75,75,75,75,75,75,75,75,75,75,75,75,75,75,75,75,75,75,75],"card_choices":[{"not_picked":["Amplify","Creative AI"],"picked":"Core Surge","floor":0.0},{"not_picked":["Beam Cell","Rebound"],"picked":"Chill","floor":1.0},{"not_picked":["Barrage","Redo"],"picked":"FTL","floor":2.0},{"not_picked":["Conserve Battery","Scrape"],"picked":"Sweeping Beam","floor":3.0},{"not_picked":["Scrape","Leap"],"picked":"Echo Form","floor":4.0},{"not_picked":["Creative AI","Coolheaded"],"picked":"Auto Shields","floor":6.0},{"not_picked":["Coolheaded","Rebound"],"picked":"Genetic Algorithm","floor":8},{"not_picked":["Hologram","Sweeping Beam"],"picked":"FTL","floor":10},{"not_picked":["Stack","Undo"],"picked":"Tempest","floor":13},{"not_picked":["Stack","Coolheaded"],"picked":"Defragment","floor":14},{"not_picked":["Multi-Cast","Echo Form"],"picked":"Core Surge","floor":16},{"not_picked":["Coolheaded","Compile Driver"],"picked":"Stack+1","floor":18},{"not_picked":["Compile Driver","Scrape"],"picked":"Consume","floor":20},{"not_picked":["Hello World","Rebound"],"picked":"Steam+1","floor":21},{"not_picked":["Coolheaded","Leap"],"picked":"Fusion+1","floor":21},{"not_picked":["Storm","Sweeping Beam+1"],"picked":"Melter","floor":21},{"not_picked":["Tempest","Ball Lightning"],"picked":"Streamline+1","floor":23},{"not_picked":["Cold Snap","Go for the Eyes"],"picked":"Force Field","floor":28}],"player_experience":1007037,"relics_obtained":[{"floor":6.0,"key":"Gremlin Horn"},{"floor":8,"key":"Oddly Smooth Stone"},{"floor":9,"key":"MawBank"},{"floor":14,"key":"Bag of Preparation"},{"floor":23,"key":"Darkstone Periapt"},{"floor":28,"key":"DataDisk"}],"event_choices":[{"damage_healed":0,"gold_gain":0,"player_choice":"Fled","damage_taken":0,"max_hp_gain":0,"max_hp_loss":0,"event_name":"Scrap Ooze","floor":11,"gold_loss":0},{"damage_healed":25,"gold_gain":0,"player_choice":"Banana","damage_taken":0,"max_hp_gain":0,"max_hp_loss":0,"event_name":"Big Fish","floor":12,"gold_loss":0},{"cards_removed":["Auto Shields"],"damage_healed":0,"gold_gain":0,"player_choice":"Gave Card","damage_taken":0,"relics_obtained":["Vajra"],"max_hp_gain":0,"max_hp_loss":0,"event_name":"WeMeetAgain","floor":19,"gold_loss":0},{"damage_healed":0,"gold_gain":275,"player_choice":"Desecrate","damage_taken":0,"max_hp_gain":0,"max_hp_loss":0,"event_name":"Golden Shrine","floor":22,"gold_loss":0,"cards_obtained":["Regret"]}],"is_beta":false,"boss_relics":[{"not_picked":["Fusion Hammer","Busted Crown"],"picked":"Snecko Eye"}],"items_purged_floors":[5,21,25],"is_endless":false,"potions_floor_spawned":[2,3,6,8,16,18],"killed_by":"Shelled Parasite and Fungi","ascension_level":11}}