{"host":"mi0eibewekhugwl1","time":1607873412,"event":{"mods":["AchievementEnabler","BaseMod","Colored Map","Colored Powertips","DeckTracker","Keyboard Shortcuts","Minty Spire (QoL Compilation)","Quick Restart","Rare Cards Sparkle","Relic Stats","StSLib","SuperFastMode","everything is the same but u backflip on backflip"],"gold_per_floor":[110,110,35,35,54,54,54,74,74,84,109,123,123,155,155,231,231,245,66,66,66,97,97,97,97,97,109,109,126,126,140,140,214,214,226,239,13,27,47,79,79,114,114,114,144,44,61,61,61,61,61],"floor_reached":50,"playtime":1592,"items_purged":["Strike_P","Strike_P","Pain"],"score":1226,"play_id":"87a5d960-ade3-4232-89a1-c11a328583ac","local_time":"20201214003012","is_ascension_mode":true,"campfire_choices":[{"data":"EmptyFist","floor":6.0,"key":"SMITH"},{"data":"Adaptation","floor":13.0,"key":"SMITH"},{"data":"Meditate","floor":15.0,"key":"SMITH"},{"data":"Adaptation","floor":23.0,"key":"SMITH"},{"data":"MentalFortress","floor":25.0,"key":"SMITH"},{"floor":28.0,"key":"REST"},{"floor":30.0,"key":"REST"},{"floor":32.0,"key":"REST"},{"floor":41.0,"key":"REST"},{"floor":44.0,"key":"REST"},{"floor":49.0,"key":"RECALL"}],"circlet_count":0,"master_deck":["AscendersBane","Strike_P","Strike_P+1","Defend_P","Defend_P","Defend_P+1","Eruption+1","Vigilance+1","Finesse+1","EmptyFist+1","Consecrate+1","FollowUp","Adaptation+1","Meditate+1","FearNoEvil+1","TalkToTheHand","Adaptation+1","MentalFortress+1","EmptyBody+1","LessonLearned","Purity","InnerPeace+1","Crescendo","Finesse"],"relics":["PureWater","Yang","Art of War","Happy Flower","Cursed Key","Red Mask","Busted Crown","Damaru","Bronze Scales","Juzu Bracelet"],"acts_visited":["Exordium","TheCity","TheBeyond"],"potions_floor_usage":[],"damage_taken":[{"damage":10.0,"enemies":"Small Slimes","floor":1.0,"turns":5.0},{"damage":3.0,"enemies":"2 Louse","floor":5.0,"turns":3.0},{"damage":0.0,"enemies":"Jaw Worm","floor":8.0,"turns":2.0},{"damage":0.0,"enemies":"Exordium Wildlife","floor":10.0,"turns":2.0},{"damage":16.0,"enemies":"Lagavulin","floor":11.0,"turns":5.0},{"damage":0.0,"enemies":"Large Slime","floor":12.0,"turns":2.0},{"damage":0.0,"enemies":"Gremlin Nob","floor":14.0,"turns":3.0},{"damage":27.0,"enemies":"Slime Boss","floor":16.0,"turns":8.0},{"damage":0.0,"enemies":"Chosen","floor":18.0,"turns":2.0},{"damage":9.0,"enemies":"Masked Bandits","floor":22.0,"turns":4.0},{"damage":36.0,"enemies":"Shell Parasite","floor":27.0,"turns":4.0},{"damage":28.0,"enemies":"Cultist and Chosen","floor":29.0,"turns":6.0},{"damage":13.0,"enemies":"Sentry and Sphere","floor":31.0,"turns":6.0},{"damage":28.0,"enemies":"Automaton","floor":33.0,"turns":10.0},{"damage":12.0,"enemies":"Orb Walker","floor":35.0,"turns":3.0},{"damage":19.0,"enemies":"3 Shapes","floor":36.0,"turns":5.0},{"damage":13.0,"enemies":"3 Darklings","floor":38.0,"turns":3.0},{"damage":0.0,"enemies":"Maw","floor":39.0,"turns":10.0},{"damage":0.0,"enemies":"Giant Head","floor":40.0,"turns":8.0},{"damage":5.0,"enemies":"Nemesis","floor":42.0,"turns":9.0},{"damage":0.0,"enemies":"Giant Head","floor":45.0,"turns":8.0},{"damage":1.0,"enemies":"Sphere and 2 Shapes","floor":47.0,"turns":5.0},{"damage":58,"enemies":"Awakened One","floor":50,"turns":5}],"seed_played":"-1844281912682478832","potions_obtained":[{"floor":8.0,"key":"SkillPotion"},{"floor":10.0,"key":"Weak Potion"},{"floor":12.0,"key":"PowerPotion"},{"floor":22.0,"key":"Explosive Potion"},{"floor":31.0,"key":"ColorlessPotion"},{"floor":35.0,"key":"SteroidPotion"},{"floor":39.0,"key":"SpeedPotion"},{"floor":45.0,"key":"Fruit Juice"}],"is_trial":false,"path_per_floor":["M","?","$","?","M","R","?","M","T","M","E","M","R","E","R","B",null,"M","$","?","?","?","R","?","R","T","M","R","M","R","M","R","B",null,"M","M","$","M","M","E","R","E","T","R","E","$","M","?","R","B"],"character_chosen":"WATCHER","items_purchased":["TalkToTheHand","Purity","Finesse"],"campfire_rested":5,"item_purchase_floors":[19,37,46],"current_hp_per_floor":[51,51,51,56,53,53,46,46,46,46,30,30,30,30,30,3,56,56,56,56,56,47,47,47,47,47,11,32,4,25,12,33,5,56,44,25,25,12,12,12,33,28,28,49,54,54,53,53,53,0,0],"gold":61,"neow_bonus":"RANDOM_COLORLESS","is_daily":false,"chose_seed":false,"campfire_upgraded":5,"win_rate":0.0,"timestamp":1607873412,"path_taken":["M","?","$","?","M","R","?","?","T","M","E","M","R","E","R","BOSS","M","$","?","?","?","R","?","R","T","M","R","M","R","M","R","BOSS","M","M","$","M","M","E","R","E","T","R","E","$","M","?","R","BOSS"],"items_purchased_type":["Card","Card","Card"],"build_version":"2020-11-30","purchased_purges":3,"victory":false,"max_hp_per_floor":[68,68,68,73,73,73,73,73,73,73,73,73,73,73,73,73,73,73,73,73,73,73,73,73,73,73,73,73,73,73,73,73,73,73,73,73,73,73,73,73,73,73,73,73,78,78,78,74,74,74,74],"relic_stats":{"Busted Crown":16,"Happy Flower":[32],"counters":[23,118],"Bronze Scales":[57],"Yang":[338],"Art of War":[5],"Juzu Bracelet":0,"Cursed Key":1,"obtain_stats":[{"Busted Crown":34,"Happy Flower":14,"Bronze Scales":42,"Damaru":40,"Yang":9,"Art of War":11,"Red Mask":22,"Juzu Bracelet":45,"PureWater":0,"Cursed Key":17},{"Busted Crown":14,"Happy Flower":7,"Bronze Scales":20,"Damaru":19,"Yang":3,"Art of War":5,"Red Mask":10,"Juzu Bracelet":21,"PureWater":0,"Cursed Key":8},{"Busted Crown":62,"Happy Flower":22,"Bronze Scales":100,"Damaru":91,"Yang":10,"Art of War":17,"Red Mask":36,"Juzu Bracelet":108,"PureWater":0,"Cursed Key":30}]},"card_choices":[{"not_picked":["Dramatic Entrance","Swift Strike"],"picked":"Finesse","floor":0.0},{"not_picked":["ClearTheMind","FlyingSleeves"],"picked":"EmptyFist","floor":1.0},{"not_picked":["JustLucky","SpiritShield"],"picked":"Consecrate","floor":5.0},{"not_picked":["Conclude","CrushJoints"],"picked":"FollowUp","floor":8.0},{"not_picked":["Pray","LikeWater","Wallop"],"picked":"SKIP","floor":10.0},{"not_picked":["Meditate","ForeignInfluence"],"picked":"Adaptation","floor":11.0},{"not_picked":["Prostrate","ClearTheMind"],"picked":"Meditate","floor":12.0},{"not_picked":["Protect","PathToVictory"],"picked":"FearNoEvil","floor":14.0},{"not_picked":["Fasting2","Study+1","PathToVictory"],"picked":"SKIP","floor":18.0},{"not_picked":["FlurryOfBlows","Evaluate"],"picked":"Adaptation","floor":22.0},{"not_picked":["Sanctity","FollowUp","Protect"],"picked":"SKIP","floor":27.0},{"not_picked":["Evaluate","ForeignInfluence+1"],"picked":"EmptyBody+1","floor":29.0},{"not_picked":["Wallop+1","Omniscience","FollowUp"],"picked":"SKIP","floor":31.0},{"not_picked":["Blasphemy","Alpha"],"picked":"LessonLearned","floor":33.0},{"not_picked":["FlyingSleeves+1"],"picked":"SKIP","floor":35.0},{"not_picked":["BowlingBash+1"],"picked":"SKIP","floor":36.0},{"not_picked":["Consecrate"],"picked":"SKIP","floor":38.0},{"not_picked":[],"picked":"InnerPeace","floor":39.0},{"not_picked":[],"picked":"Crescendo","floor":40.0},{"not_picked":["FlyingSleeves"],"picked":"SKIP","floor":42.0},{"not_picked":["CrushJoints"],"picked":"SKIP","floor":45.0},{"not_picked":["Worship+1"],"picked":"SKIP","floor":47.0}],"player_experience":1663247,"relics_obtained":[{"floor":9.0,"key":"Yang"},{"floor":11.0,"key":"Art of War"},{"floor":14.0,"key":"Happy Flower"},{"floor":22.0,"key":"Red Mask"},{"floor":40.0,"key":"Damaru"},{"floor":42.0,"key":"Bronze Scales"},{"floor":45.0,"key":"Juzu Bracelet"}],"event_choices":[{"damage_healed":0.0,"max_hp_gain":0.0,"max_hp_loss":0.0,"gold_gain":0.0,"event_name":"Living Wall","player_choice":"Grow","floor":2.0,"gold_loss":0.0,"damage_taken":0.0,"cards_upgraded":["Eruption"]},{"damage_healed":0.0,"max_hp_gain":5.0,"max_hp_loss":0.0,"gold_gain":0.0,"event_name":"Big Fish","player_choice":"Donut","floor":4.0,"gold_loss":0.0,"damage_taken":0.0},{"cards_removed":["Defend_P"],"damage_healed":0.0,"max_hp_gain":0.0,"max_hp_loss":0.0,"gold_gain":0.0,"event_name":"Golden Wing","player_choice":"Card Removal","floor":7.0,"gold_loss":0.0,"damage_taken":7.0},{"damage_healed":0.0,"max_hp_gain":0.0,"max_hp_loss":0.0,"gold_gain":0.0,"event_name":"The Mausoleum","player_choice":"Ignored","floor":21.0,"gold_loss":0.0,"damage_taken":0.0},{"damage_healed":0.0,"max_hp_gain":0.0,"max_hp_loss":0.0,"gold_gain":0.0,"event_name":"Masked Bandits","player_choice":"Fought Bandits","floor":22.0,"gold_loss":0.0,"damage_taken":0.0},{"damage_healed":0.0,"max_hp_gain":0.0,"max_hp_loss":0.0,"gold_gain":0.0,"event_name":"The Library","player_choice":"Read","floor":24.0,"gold_loss":0.0,"damage_taken":0.0,"cards_obtained":["MentalFortress"]},{"damage_healed":0.0,"max_hp_gain":0.0,"max_hp_loss":4.0,"gold_gain":0.0,"event_name":"Winding Halls","player_choice":"Max HP","floor":48.0,"gold_loss":0.0,"damage_taken":0.0}],"is_beta":false,"boss_relics":[{"not_picked":["Philosopher\u0027s Stone","Runic Dome"],"picked":"Cursed Key"},{"not_picked":["HolyWater","SlaversCollar"],"picked":"Busted Crown"}],"items_purged_floors":[3,19,37],"is_endless":false,"potions_floor_spawned":[8,10,12,14,22,31,35,39,45],"killed_by":"Awakened One","ascension_level":20}}