{"host":"fhujvjnj99vjue08","time":1607875914,"event":{"mods":["2.2 Compatiblity","AchievementEnabler","Aspiration","Astrologer","BaseMod","Beaked The Cultist","BetterRewards","CatGirl Mod","Colored Map","Colored Powertips","Conjunction","Conspire","Custom Start","Friendly Minions","GifTheSpireLib","Googly Eyes","Halation","Highlight Path","Hubris","Hyrulean Relics","Infinite Spire","Magitek Elite","Mimic Mod","Minty Spire (QoL Compilation)","Replay The Spire","Reworked Bosses","Shop Mod","StSLib","Strawberry Spire","Stuff the Spire","The Bug Knight","The Factory","The Gatherer","The Jungle","The Servant 0.9.4","TheBandit","TheFirefly","egg","thorton","vexMod"],"gold_per_floor":[116,129,129,195,214,243,255,280,304,61,93,103,103,208,208,304,304,315,334,384,434,434],"floor_reached":21,"playtime":1443,"items_purged":["Strike_G"],"score":446,"play_id":"008fdc00-7feb-43c1-8097-12ea43b0842f","local_time":"20201213161154","is_ascension_mode":true,"campfire_choices":[{"floor":13,"key":"REST"},{"data":"Blade Dance","floor":15,"key":"SMITH"}],"circlet_count":0,"master_deck":["Strike_G","Strike_G","Strike_G","Strike_G","Defend_G","Defend_G","Defend_G","Defend_G","Survivor","Neutralize","Adrenaline","Dagger Throw","Cloak And Dagger","Masterful Stab","Underhanded Strike","StuffTheSpire:Injection","Blade Dance+1","Toxin Wave","Tactician","strawberrySpire:HotShot","strawberrySpire:SideSwipe","Backstab","Strike_G","Strike_G","Strike_G","Strike_G","Defend_G","Defend_G","Defend_G","Defend_G","Survivor","Neutralize","Adrenaline","Dagger Throw","Cloak And Dagger","Masterful Stab","Underhanded Strike","StuffTheSpire:Injection","Blade Dance+1","Toxin Wave","Tactician","strawberrySpire:HotShot","strawberrySpire:SideSwipe","Backstab"],"relics":["Ring of the Snake","halation:Sosunser","strawberrySpire:ByrdBeak","StoneCalendar","infinitespire:PuzzleCube","SsserpentHead","StuffTheSpire:CocoNut","StuffTheSpire:ForceGauntlet","StuffTheSpire:HeavyRock","Ninja Scroll","Pet Ghost","hubris:Backtick","hubris:OldNail"],"acts_visited":["Exordium","TheCity"],"potions_floor_usage":[18,21,21,21],"damage_taken":[{"damage":0,"enemies":"2 Louse","floor":1,"turns":2},{"damage":0,"enemies":"Cultist","floor":2,"turns":3},{"damage":0,"enemies":"Jaw Worm","floor":4,"turns":2},{"damage":8,"enemies":"Large Slime","floor":5,"turns":4},{"damage":17,"enemies":"Gremlin Nob","floor":6,"turns":4},{"damage":0,"enemies":"Exordium Thugs","floor":7,"turns":3},{"damage":0,"enemies":"3 Sentries","floor":8,"turns":4},{"damage":0,"enemies":"Gremlin Nob","floor":11,"turns":1},{"damage":0,"enemies":"Looter","floor":12,"turns":1},{"damage":0,"enemies":"Hexaghost","floor":16,"turns":3},{"damage":0,"enemies":"3 Byrds","floor":18,"turns":3},{"damage":0,"enemies":"Shell Parasite","floor":19,"turns":1},{"damage":78,"enemies":"hubris:Merchant","floor":21,"turns":6}],"seed_played":"-7678849615643687860","potions_obtained":[{"floor":1,"key":"Weak Potion"},{"floor":4,"key":"Strength Potion"},{"floor":6,"key":"Energy Potion"},{"floor":18,"key":"Block Potion"}],"is_trial":false,"path_per_floor":["M","M","?","M","M","E","M","E","T","$","E","M","R","?","R","B",null,"M","M","?","$"],"character_chosen":"THE_SILENT","items_purchased":["Adrenaline","halation:Sosunser","strawberrySpire:ByrdBeak","Ninja Scroll"],"campfire_rested":1,"item_purchase_floors":[0,0,0,10],"current_hp_per_floor":[28,28,28,28,20,10,10,10,10,10,10,10,33,33,33,33,77,77,77,77,0,0],"gold":434,"neow_bonus":"","is_daily":false,"chose_seed":false,"campfire_upgraded":1,"win_rate":0.0,"timestamp":1607875914,"path_taken":["M","M","?","?","M","E","M","E","T","$","E","M","R","?","R","BOSS","M","M","?","?"],"items_purchased_type":["Card","Relic","Relic","Relic"],"build_version":"2020-11-30","purchased_purges":1,"victory":false,"max_hp_per_floor":[70,70,70,70,70,77,77,77,77,77,77,77,77,77,77,77,77,77,77,77,77,77],"card_choices":[{"not_picked":["strawberrySpire:Pant","strawberrySpire:Rummage"],"picked":"Cloak And Dagger","floor":1},{"not_picked":["Quick Slash","Outmaneuver"],"picked":"Masterful Stab","floor":2},{"not_picked":["strawberrySpire:Insectonator","Noxious Fumes"],"picked":"Underhanded Strike","floor":4},{"not_picked":["Expertise","Catalyst"],"picked":"StuffTheSpire:Injection","floor":5},{"not_picked":["Acrobatics","StuffTheSpire:ClusterCrunch"],"picked":"Blade Dance","floor":6},{"not_picked":["Outmaneuver","StuffTheSpire:Python"],"picked":"Toxin Wave","floor":7},{"not_picked":["strawberrySpire:HopSkipAndJump","Distraction"],"picked":"Tactician","floor":8},{"not_picked":["StuffTheSpire:Sprint","Poisoned Stab","Riddle With Holes"],"picked":"SKIP","floor":11},{"not_picked":["Sneak Up","Replay:Poison Smokescreen","All Out Attack"],"picked":"SKIP","floor":12},{"not_picked":["Bullet Time","Adrenaline"],"picked":"strawberrySpire:HotShot","floor":16},{"not_picked":["Blur","StuffTheSpire:BrimstoneBlast"],"picked":"strawberrySpire:SideSwipe","floor":18},{"not_picked":["Heel Hook","Backflip+1"],"picked":"Backstab","floor":19}],"player_experience":292738,"relics_obtained":[{"floor":6,"key":"StuffTheSpire:CocoNut"},{"floor":8,"key":"StuffTheSpire:ForceGauntlet"},{"floor":9,"key":"StuffTheSpire:HeavyRock"},{"floor":11,"key":"Pet Ghost"}],"event_choices":[{"damage_healed":0,"gold_gain":0,"player_choice":"Trade","damage_taken":0,"relics_obtained":["SsserpentHead"],"max_hp_gain":0,"max_hp_loss":0,"event_name":"FaceTrader","floor":3,"gold_loss":0},{"damage_healed":0,"gold_gain":55,"player_choice":"Gained Gold","damage_taken":0,"max_hp_gain":0,"max_hp_loss":0,"event_name":"Golden Wing","floor":14,"gold_loss":0}],"is_beta":false,"boss_relics":[{"not_picked":["HoveringKite","hubris:ScarierMask"],"picked":"hubris:Backtick"}],"items_purged_floors":[0],"is_endless":false,"potions_floor_spawned":[1,4,6,7,18],"killed_by":"hubris:Merchant","ascension_level":1}}