{"host":"vpnygm79y7yi43ig","time":1607903771,"event":{"mods":["BaseMod","Bestiary","Minty Spire (QoL Compilation)"],"gold_per_floor":[119,135,153,214,21,54,70,70,70,96,96,96,44,44,44,44,44],"floor_reached":16,"playtime":511,"items_purged":["Strike_B"],"score":98,"play_id":"278b6a93-1bf3-4f9c-9bbe-eab34aa33236","local_time":"20201213155611","is_ascension_mode":false,"campfire_choices":[{"data":"Genetic Algorithm","floor":8,"key":"SMITH"},{"data":"Coolheaded","floor":11,"key":"SMITH"},{"data":"Dualcast","floor":15,"key":"SMITH"}],"circlet_count":0,"master_deck":["Strike_B","Strike_B","Defend_B","Defend_B","Defend_B","Defend_B","Zap","Dualcast+1","Streamline","Cold Snap","Sweeping Beam","Rip and Tear","Genetic Algorithm+1","Rebound","Gash","Coolheaded+1","Conserve Battery"],"relics":["Cracked Core","Unceasing Top","Letter Opener","Odd Mushroom"],"acts_visited":["Exordium"],"potions_floor_usage":[10,10],"damage_taken":[{"damage":5,"enemies":"Small Slimes","floor":1,"turns":3},{"damage":6,"enemies":"Jaw Worm","floor":2,"turns":2},{"damage":0,"enemies":"2 Louse","floor":3,"turns":2},{"damage":17,"enemies":"3 Sentries","floor":6,"turns":6},{"damage":6,"enemies":"Exordium Wildlife","floor":7,"turns":2},{"damage":2,"enemies":"The Mushroom Lair","floor":10,"turns":2},{"damage":46,"enemies":"Hexaghost","floor":16,"turns":11}],"seed_played":"7021781620069864825","potions_obtained":[{"floor":1,"key":"Explosive Potion"},{"floor":6,"key":"SneckoOil"},{"floor":7,"key":"Energy Potion"},{"floor":10,"key":"Ancient Potion"}],"is_trial":false,"path_per_floor":["M","M","M","?","$","E","M","R","T","?","R","?","$","$","R","B"],"character_chosen":"DEFECT","items_purchased":["Rip and Tear","Genetic Algorithm","Conserve Battery"],"campfire_rested":0,"item_purchase_floors":[5,5,13],"current_hp_per_floor":[77,71,71,71,71,54,48,48,48,46,46,46,46,46,46,0,0],"gold":44,"neow_bonus":"TEN_PERCENT_HP_BONUS","is_daily":false,"chose_seed":false,"campfire_upgraded":3,"win_rate":0.0,"timestamp":1607903771,"path_taken":["M","M","M","?","$","E","M","R","T","?","R","?","?","$","R","BOSS"],"items_purchased_type":["Card","Card","Card"],"build_version":"2020-11-30","purchased_purges":1,"victory":false,"max_hp_per_floor":[82,82,82,82,82,82,82,82,82,82,82,82,82,82,82,82,82],"card_choices":[{"not_picked":["Darkness","Coolheaded"],"picked":"Streamline","floor":1},{"not_picked":["Coolheaded","Reprogram"],"picked":"Cold Snap","floor":2},{"not_picked":["Beam Cell","Seek"],"picked":"Sweeping Beam","floor":3},{"not_picked":["Recycle","Lockon"],"picked":"Rebound","floor":6},{"not_picked":["Undo","Steam"],"picked":"Gash","floor":7},{"not_picked":["Aggregate","Redo"],"picked":"Coolheaded","floor":10}],"player_experience":174007,"relics_obtained":[{"floor":6,"key":"Unceasing Top"},{"floor":9,"key":"Letter Opener"},{"floor":10,"key":"Odd Mushroom"}],"event_choices":[{"damage_healed":0,"gold_gain":61,"player_choice":"Gained Gold","damage_taken":0,"max_hp_gain":0,"max_hp_loss":0,"event_name":"Golden Wing","floor":4,"gold_loss":0},{"damage_healed":0,"gold_gain":0,"player_choice":"Fought Mushrooms","damage_taken":0,"max_hp_gain":0,"max_hp_loss":0,"event_name":"Mushrooms","floor":10,"gold_loss":0},{"cards_removed":["Strike_B"],"damage_healed":0,"gold_gain":0,"player_choice":"Forget","damage_taken":0,"max_hp_gain":0,"max_hp_loss":0,"event_name":"Living Wall","floor":12,"gold_loss":0}],"is_beta":false,"boss_relics":[],"items_purged_floors":[5],"is_endless":false,"potions_floor_spawned":[1,6,7,10],"killed_by":"Hexaghost","ascension_level":0}}