{"host":"apvnte8t1esriuig","time":1607888440,"event":{"mods":["2.2 Compatiblity","AchievementEnabler","BaseMod","Infinite Spire","Minty Spire (QoL Compilation)","Rare Cards Sparkle","StSLib"],"gold_per_floor":[159,75,75,40,40,126,126,225,225,278,278,362,362,38,38,271,271,323,323,323,409,521,521,86,123,148,235,235,281,324,67,67,295,295,341,341,393,393,473,473,473,565,590,590,590,668,770,832,832,838,840],"floor_reached":52,"playtime":2087,"items_purged":["Wraith Form v2"],"score":2340,"play_id":"ed73d718-2174-4976-8606-0a17a3c665c0","local_time":"20201213204040","daily_mods":["SealedDeck","Vintage","Colorless Cards","Heirloom","Time Dilation","Flight","DeadlyEvents","Elite Swarm","Midas"],"is_ascension_mode":true,"campfire_choices":[{"floor":7,"key":"REST"},{"floor":11,"key":"REST"},{"floor":13,"key":"REST"},{"floor":15,"key":"REST"},{"floor":23,"key":"REST"},{"floor":28,"key":"REST"},{"floor":32,"key":"DIG"},{"floor":40,"key":"DIG"},{"floor":41,"key":"DIG"},{"floor":44,"key":"REST"},{"floor":49,"key":"DIG"}],"circlet_count":0,"master_deck":["Echo Form+1","DevaForm","AscendersBane","Chill","Ball Lightning+1","Conserve Battery","Conserve Battery","Conserve Battery","Cold Snap+1","Conserve Battery","Self Repair","Creative AI","Self Repair","Defragment","infinitespire:DeathsTouch","Electrodynamics","Defragment","infinitespire:Collect","Echo Form","Establishment","Echo Form"],"relics":["Cracked Core","Shovel","Calipers","infinitespire:Midas Blood","Letter Opener","Akabeko","infinitespire:BottledMercury","Pantograph","Whetstone","Bronze Scales","DollysMirror","Fusion Hammer","infinitespire:FocusingShard","InkBottle","infinitespire:Freezer","Smiling Mask","PrismaticShard","Meat on the Bone","Kunai","infinitespire:Lucky Rock","infinitespire:Magic Flask","Pear","Anchor","Boot","Turnip","Empty Cage","Incense Burner","InkBottle","HornCleat","Bottled Lightning","infinitespire:Bottled Soul","Thread and Needle","Centennial Puzzle","Dream Catcher","infinitespire:ShieldingShard","Gremlin Horn","infinitespire:Eraser"],"acts_visited":["Exordium","TheCity","TheBeyond"],"potions_floor_usage":[21,25,42,50,50],"damage_taken":[{"damage":2,"enemies":"Cultist","floor":1,"turns":4},{"damage":59,"enemies":"Gremlin Nob","floor":6,"turns":6},{"damage":0,"enemies":"Lagavulin","floor":8,"turns":7},{"damage":2,"enemies":"Jaw Worm","floor":10,"turns":5},{"damage":62,"enemies":"Gremlin Nob","floor":12,"turns":5},{"damage":28,"enemies":"The Guardian","floor":16,"turns":9},{"damage":14,"enemies":"Chosen","floor":18,"turns":6},{"damage":20,"enemies":"3 Byrds","floor":21,"turns":4},{"damage":55,"enemies":"Gremlin Leader","floor":22,"turns":7},{"damage":26,"enemies":"Snecko","floor":25,"turns":4},{"damage":33,"enemies":"Book of Stabbing","floor":27,"turns":5},{"damage":9,"enemies":"Shelled Parasite and Fungi","floor":29,"turns":5},{"damage":13,"enemies":"Snake Plant","floor":30,"turns":3},{"damage":7,"enemies":"Champ","floor":33,"turns":9},{"damage":18,"enemies":"3 Darklings","floor":35,"turns":3},{"damage":21,"enemies":"Orb Walker","floor":37,"turns":4},{"damage":14,"enemies":"Nemesis","floor":39,"turns":7},{"damage":23,"enemies":"Reptomancer","floor":42,"turns":6},{"damage":0,"enemies":"Nemesis","floor":46,"turns":7},{"damage":0,"enemies":"Giant Head","floor":47,"turns":7},{"damage":1,"enemies":"Spire Growth","floor":48,"turns":6},{"damage":28,"enemies":"Awakened One","floor":50,"turns":8},{"damage":1,"enemies":"infinitespire:MassOfShapes","floor":51,"turns":7}],"seed_played":"920682115158262543","potions_obtained":[{"floor":1,"key":"Strength Potion"},{"floor":12,"key":"SkillPotion"},{"floor":22,"key":"EssenceOfSteel"},{"floor":27,"key":"DuplicationPotion"},{"floor":33,"key":"BlessingOfTheForge"},{"floor":42,"key":"FearPotion"},{"floor":46,"key":"AttackPotion"}],"is_trial":true,"path_per_floor":["M","$","?","?","T","E","R","E","T","M","R","E","R","$","R","B",null,"M","?","AVR","M","E","R","$","M","T","E","R","M","M","$","R","B",null,"M","?","M","AVR","E","R","R","E","T","R","?","E","E","M","R","B","B",null],"character_chosen":"DEFECT","items_purchased":["Loop","Bronze Scales","DollysMirror","PrismaticShard","Meat on the Bone","Boot","Defragment"],"campfire_rested":7,"item_purchase_floors":[2,14,14,24,24,31,31],"current_hp_per_floor":[69,69,69,71,71,19,40,47,47,52,71,23,44,44,65,57,68,68,68,68,58,31,52,52,45,45,38,59,74,81,81,81,81,81,70,70,70,70,70,70,70,61,61,81,91,91,91,91,91,77,91],"gold":840,"neow_bonus":"","is_daily":false,"chose_seed":false,"campfire_upgraded":0,"win_rate":0.0,"timestamp":1607888440,"path_taken":["M","$","?","?","?","E","R","E","T","?","R","?","R","$","R","BOSS","M","?","AVR","?","?","R","$","?","T","?","R","M","M","$","R","BOSS","M","?","?","AVR","?","R","R","E","T","R","?","E","?","?","R","BOSS","BOSS"],"items_purchased_type":["Card","Relic","Relic","Relic","Relic","Relic","Card"],"build_version":"2020-11-30","purchased_purges":1,"victory":true,"max_hp_per_floor":[71,71,71,71,71,71,71,71,71,71,71,71,71,71,71,71,71,71,71,71,71,71,71,71,71,71,71,71,81,81,81,81,81,81,81,81,81,81,81,81,81,81,81,81,91,91,91,91,91,91,91],"card_choices":[{"not_picked":["Master of Strategy","Amplify","Machine Learning"],"picked":"SKIP","floor":6},{"not_picked":["Core Surge","Reboot"],"picked":"Creative AI","floor":8},{"not_picked":["Rainbow","Sadistic Nature","Machine Learning"],"picked":"SKIP","floor":12},{"not_picked":["Creative AI","Secret Weapon"],"picked":"Electrodynamics","floor":22},{"not_picked":["Berserk","SpiritShield","Limit Break"],"picked":"SKIP","floor":27},{"not_picked":["Die Die Die","Reboot","Transmutation"],"picked":"SKIP","floor":39},{"not_picked":["SpiritShield","Corruption"],"picked":"Echo Form","floor":42},{"not_picked":["ConjureBlade","Fission"],"picked":"Establishment","floor":46},{"not_picked":["Magnetism","Offering"],"picked":"Echo Form","floor":47}],"player_experience":313995,"relics_obtained":[{"floor":1,"key":"Calipers"},{"floor":5,"key":"infinitespire:Midas Blood"},{"floor":6,"key":"Letter Opener"},{"floor":8,"key":"Akabeko"},{"floor":9,"key":"infinitespire:BottledMercury"},{"floor":10,"key":"Pantograph"},{"floor":12,"key":"Whetstone"},{"floor":18,"key":"infinitespire:FocusingShard"},{"floor":21,"key":"infinitespire:Freezer"},{"floor":22,"key":"Smiling Mask"},{"floor":25,"key":"Kunai"},{"floor":26,"key":"infinitespire:Lucky Rock"},{"floor":27,"key":"infinitespire:Magic Flask"},{"floor":29,"key":"Pear"},{"floor":30,"key":"Anchor"},{"floor":32,"key":"Turnip"},{"floor":35,"key":"Incense Burner"},{"floor":37,"key":"InkBottle"},{"floor":39,"key":"HornCleat"},{"floor":40,"key":"Bottled Lightning"},{"floor":41,"key":"infinitespire:Bottled Soul"},{"floor":42,"key":"Thread and Needle"},{"floor":43,"key":"Centennial Puzzle"},{"floor":46,"key":"Dream Catcher"},{"floor":47,"key":"infinitespire:ShieldingShard"},{"floor":48,"key":"Gremlin Horn"},{"floor":49,"key":"infinitespire:Eraser"}],"event_choices":[{"damage_healed":0,"gold_gain":0,"player_choice":"Grow","damage_taken":0,"max_hp_gain":0,"max_hp_loss":0,"event_name":"Living Wall","floor":3,"gold_loss":0,"cards_upgraded":["Echo Form"]},{"damage_healed":17,"gold_gain":0,"player_choice":"Healed","damage_taken":0,"max_hp_gain":0,"max_hp_loss":0,"event_name":"The Cleric","floor":4,"gold_loss":35},{"damage_healed":0,"gold_gain":0,"player_choice":"Read","damage_taken":0,"max_hp_gain":0,"max_hp_loss":0,"event_name":"The Library","floor":19,"gold_loss":0,"cards_obtained":["Defragment"]},{"cards_removed":["Loop"],"damage_healed":0,"gold_gain":0,"player_choice":"Removed Power","damage_taken":0,"max_hp_gain":0,"max_hp_loss":0,"event_name":"Falling","floor":36,"gold_loss":0},{"cards_removed":["Demon Form"],"damage_healed":0,"gold_gain":0,"player_choice":"Offered Rare","damage_taken":0,"max_hp_gain":10,"max_hp_loss":0,"event_name":"Bonfire Elementals","floor":45,"gold_loss":0}],"is_beta":false,"boss_relics":[{"not_picked":["Cursed Key","Nuclear Battery"],"picked":"Fusion Hammer"},{"not_picked":["Tiny House","Runic Pyramid"],"picked":"Empty Cage"}],"items_purged_floors":[31],"is_endless":false,"potions_floor_spawned":[1,12,16,18,22,27,29,33,42,46,47],"ascension_level":20}}