{"host":"ow9msrs9p2ctkx99","time":1607846750,"event":{"mods":["AchievementEnabler","BaseMod","Colored Map","Colored Powertips","Minty Spire (QoL Compilation)","Permanent Neow","Quick Restart","SuperFastMode"],"gold_per_floor":[210,210,210,176,199,199,217,253,253,253,103,128,128,128,128,251,251,270,198,211,234,259,259,298,298,321,356,10,10,10,29,29,157,157,181,181,200,123,144,144,165,62,62,62,82,82,120,145,145,145,145,145,1,1,1],"floor_reached":54,"playtime":1309,"items_purged":["Strike_B","Defend_B"],"score":1083,"play_id":"0b4c62c0-1012-496f-b5a8-da7a334874d2","local_time":"20201213090550","is_ascension_mode":true,"campfire_choices":[{"data":"Dualcast","floor":6.0,"key":"SMITH"},{"floor":13.0,"key":"REST"},{"data":"Static Discharge","floor":15.0,"key":"SMITH"},{"floor":23.0,"key":"REST"},{"data":"Biased Cognition","floor":25.0,"key":"SMITH"},{"floor":29.0,"key":"REST"},{"floor":32.0,"key":"REST"},{"floor":40.0,"key":"RECALL"},{"data":"Defragment","floor":44.0,"key":"SMITH"},{"floor":49.0,"key":"REST"},{"floor":52.0,"key":"REST"}],"circlet_count":0,"master_deck":["AscendersBane","Defend_B","Defend_B","Defend_B","Dualcast+1","Beam Cell","Static Discharge+1","Conserve Battery","Chaos","Cold Snap","Melter","Steam","Biased Cognition+1","Rebound+1","Chill","Streamline+1","Hologram+1","BootSequence+1","Conserve Battery+1","Defragment+1","Compile Driver","Turbo","FTL","Buffer","Cold Snap+1","Core Surge+1","Scrape+1","Skim+1","Defragment+1","Skim+1","Coolheaded+1","Chaos+1","Hologram+1","Sweeping Beam+1","Capacitor","Undo","White Noise+1","Stack+1","Steam","Loop+1","Steam+1","Fission","Panacea"],"relics":["Cracked Core","Golden Idol","Symbiotic Virus","Bottled Lightning","SacredBark","Letter Opener","Oddly Smooth Stone","Prayer Wheel","Membership Card","Turnip","Astrolabe","Bronze Scales","Dream Catcher","Pear","Strange Spoon"],"acts_visited":["Exordium","TheCity","TheBeyond","TheEnding"],"potions_floor_usage":[54],"damage_taken":[{"damage":0.0,"enemies":"Small Slimes","floor":1.0,"turns":3.0},{"damage":9.0,"enemies":"Jaw Worm","floor":5.0,"turns":3.0},{"damage":3.0,"enemies":"2 Louse","floor":7.0,"turns":3.0},{"damage":39.0,"enemies":"Lagavulin","floor":8.0,"turns":5.0},{"damage":10.0,"enemies":"Lots of Slimes","floor":12.0,"turns":5.0},{"damage":22.0,"enemies":"Slime Boss","floor":16.0,"turns":8.0},{"damage":31.0,"enemies":"2 Thieves","floor":18.0,"turns":5.0},{"damage":0.0,"enemies":"Spheric Guardian","floor":20.0,"turns":2.0},{"damage":25.0,"enemies":"Snake Plant","floor":21.0,"turns":4.0},{"damage":1.0,"enemies":"3 Cultists","floor":22.0,"turns":4.0},{"damage":42.0,"enemies":"Slavers","floor":24.0,"turns":4.0},{"damage":11.0,"enemies":"Book of Stabbing","floor":27.0,"turns":6.0},{"damage":19.0,"enemies":"Shelled Parasite and Fungi","floor":31.0,"turns":3.0},{"damage":15.0,"enemies":"Collector","floor":33.0,"turns":11.0},{"damage":0.0,"enemies":"Orb Walker","floor":35.0,"turns":4.0},{"damage":12.0,"enemies":"3 Darklings","floor":37.0,"turns":9.0},{"damage":0.0,"enemies":"Jaw Worm Horde","floor":39.0,"turns":5.0},{"damage":0.0,"enemies":"Sphere and 2 Shapes","floor":41.0,"turns":3.0},{"damage":2.0,"enemies":"4 Shapes","floor":45.0,"turns":9.0},{"damage":39.0,"enemies":"Reptomancer","floor":47.0,"turns":5.0},{"damage":8.0,"enemies":"Writhing Mass","floor":48.0,"turns":8.0},{"damage":38.0,"enemies":"Awakened One","floor":50.0,"turns":14.0},{"damage":85,"enemies":"Shield and Spear","floor":54,"turns":3}],"seed_played":"1361511485423569313","potions_obtained":[{"floor":1.0,"key":"Fruit Juice"},{"floor":5.0,"key":"SpeedPotion"},{"floor":7.0,"key":"FocusPotion"},{"floor":14.0,"key":"FocusPotion"},{"floor":14.0,"key":"FairyPotion"},{"floor":14.0,"key":"Explosive Potion"},{"floor":20.0,"key":"Dexterity Potion"},{"floor":24.0,"key":"Ancient Potion"},{"floor":31.0,"key":"SteroidPotion"},{"floor":33.0,"key":"SpeedPotion"},{"floor":37.0,"key":"SkillPotion"},{"floor":39.0,"key":"DistilledChaos"},{"floor":48.0,"key":"EssenceOfSteel"}],"is_trial":false,"path_per_floor":["M","?","?","$","M","R","M","E","T","?","$","M","R","?","R","B",null,"M","$","M","M","M","R","E","R","T","E","$","R","$","M","R","B",null,"M","?","M","$","M","R","M","$","T","R","M","?","E","M","R","B",null,"R","$","E"],"character_chosen":"DEFECT","items_purchased":["Static Discharge","Melter","Chill","Membership Card","Turnip","Defragment","Compile Driver","Bronze Scales","Capacitor","Undo","Panacea","Strange Spoon","SkillPotion"],"campfire_rested":6,"item_purchase_floors":[4,11,19,28,28,28,28,38,42,42,53,53,53],"current_hp_per_floor":[68,68,68,68,59,59,56,22,22,22,22,12,34,34,34,12,59,28,28,28,3,2,24,31,31,31,20,20,42,42,23,45,30,63,63,74,62,62,62,62,62,62,62,62,60,60,31,23,48,10,66,84,84,0,0],"gold":1,"neow_bonus":"HUNDRED_GOLD","is_daily":false,"chose_seed":false,"campfire_upgraded":4,"win_rate":0.0,"timestamp":1607846750,"path_taken":["M","?","?","$","M","R","M","E","T","?","$","M","R","?","R","BOSS","M","$","?","M","M","R","E","R","T","E","$","R","?","M","R","BOSS","M","?","?","$","M","R","M","$","T","R","M","?","E","M","R","BOSS","R","$","E"],"items_purchased_type":["Card","Card","Card","Relic","Relic","Card","Card","Relic","Card","Card","Card","Relic","Potion"],"build_version":"2020-11-30","purchased_purges":2,"victory":false,"max_hp_per_floor":[75,75,69,69,69,69,69,74,74,74,74,74,74,74,74,74,74,74,74,74,74,74,74,74,74,74,74,74,74,74,74,74,74,74,74,74,74,74,74,74,74,74,74,74,74,74,84,84,84,84,84,84,84,84,84],"card_choices":[{"not_picked":["Steam Power","Leap"],"picked":"Beam Cell","floor":1.0},{"not_picked":["Double Energy","Go for the Eyes"],"picked":"Conserve Battery","floor":5.0},{"not_picked":["Hologram","Barrage"],"picked":"Chaos","floor":7.0},{"not_picked":["Scrape","Recycle"],"picked":"Cold Snap","floor":8.0},{"not_picked":["Cold Snap","Chill"],"picked":"Steam","floor":12.0},{"not_picked":["Electrodynamics","Amplify"],"picked":"Biased Cognition","floor":16.0},{"not_picked":["Leap","Steam Power"],"picked":"Rebound+1","floor":18.0},{"not_picked":["Coolheaded","Stack"],"picked":"Streamline+1","floor":20.0},{"not_picked":["Coolheaded","Sweeping Beam"],"picked":"Hologram+1","floor":21.0},{"not_picked":["Scrape","Steam"],"picked":"Coolheaded","floor":22.0},{"not_picked":["Reprogram+1","Rebound"],"picked":"BootSequence+1","floor":24.0},{"not_picked":["Doom and Gloom","Reinforced Body"],"picked":"Conserve Battery+1","floor":27.0},{"not_picked":["Rebound","Heatsinks"],"picked":"Turbo","floor":31.0},{"not_picked":["Beam Cell","Reprogram"],"picked":"FTL","floor":31.0},{"not_picked":["Creative AI","Hyperbeam"],"picked":"Buffer","floor":33.0},{"not_picked":["Reprogram","Stack+1"],"picked":"Skim+1","floor":35.0},{"not_picked":["Streamline+1","Force Field+1"],"picked":"Defragment+1","floor":35.0},{"not_picked":["Auto Shields+1","Beam Cell"],"picked":"Skim+1","floor":37.0},{"not_picked":["Aggregate","Streamline+1"],"picked":"Coolheaded+1","floor":37.0},{"not_picked":["Turbo+1","Barrage+1"],"picked":"Chaos+1","floor":39.0},{"not_picked":["FTL+1","Compile Driver"],"picked":"Hologram+1","floor":39.0},{"not_picked":["Melter","Lockon+1"],"picked":"Sweeping Beam+1","floor":41.0},{"not_picked":["Gash+1","Barrage+1","Compile Driver"],"picked":"SKIP","floor":41.0},{"not_picked":["Beam Cell","Genetic Algorithm"],"picked":"White Noise+1","floor":45.0},{"not_picked":["Blizzard+1","Undo"],"picked":"Stack+1","floor":45.0},{"not_picked":["Streamline","Recycle+1"],"picked":"Steam","floor":47.0},{"not_picked":["Capacitor","Machine Learning"],"picked":"Loop+1","floor":48.0},{"not_picked":["Auto Shields+1","Gash","Stack"],"picked":"SKIP","floor":48.0},{"not_picked":["Ball Lightning+1","Lockon+1"],"picked":"Steam+1","floor":49.0},{"not_picked":["Conserve Battery","Ball Lightning+1"],"picked":"Fission","floor":52.0}],"player_experience":997736,"relics_obtained":[{"floor":8.0,"key":"Symbiotic Virus"},{"floor":9.0,"key":"Bottled Lightning"},{"floor":24.0,"key":"Letter Opener"},{"floor":26.0,"key":"Oddly Smooth Stone"},{"floor":27.0,"key":"Prayer Wheel"},{"floor":47.0,"key":"Pear"}],"event_choices":[{"cards_removed":["Strike_B"],"damage_healed":0.0,"max_hp_gain":0.0,"max_hp_loss":0.0,"gold_gain":0.0,"event_name":"Living Wall","player_choice":"Forget","floor":2.0,"gold_loss":0.0,"damage_taken":0.0},{"damage_healed":0.0,"max_hp_gain":0.0,"max_hp_loss":6.0,"gold_gain":0.0,"event_name":"Golden Idol","player_choice":"Lose Max HP","floor":3.0,"gold_loss":0.0,"damage_taken":0.0,"relics_obtained":["Golden Idol"]},{"damage_healed":0.0,"max_hp_gain":0.0,"max_hp_loss":0.0,"gold_gain":0.0,"event_name":"Shining Light","player_choice":"Ignored","floor":10.0,"gold_loss":0.0,"damage_taken":0.0},{"damage_healed":0.0,"max_hp_gain":0.0,"max_hp_loss":0.0,"gold_gain":0.0,"event_name":"Lab","player_choice":"Got Potions","floor":14.0,"gold_loss":0.0,"damage_taken":0.0},{"damage_healed":11.0,"max_hp_gain":0.0,"max_hp_loss":0.0,"gold_gain":0.0,"event_name":"Wheel of Change","player_choice":"Full Heal","floor":36.0,"gold_loss":0.0,"damage_taken":0.0},{"cards_removed":["Coolheaded"],"damage_healed":0.0,"max_hp_gain":0.0,"max_hp_loss":0.0,"gold_gain":0.0,"event_name":"WeMeetAgain","player_choice":"Gave Card","floor":46.0,"gold_loss":0.0,"damage_taken":0.0,"relics_obtained":["Dream Catcher"]}],"is_beta":false,"boss_relics":[{"not_picked":["Tiny House","Black Star"],"picked":"SacredBark"},{"not_picked":["Runic Pyramid","Inserter"],"picked":"Astrolabe"}],"items_purged_floors":[11,42],"is_endless":false,"potions_floor_spawned":[1,5,7,20,24,31,33,37,39,45,48],"killed_by":"Shield and Spear","ascension_level":10}}