{"host":"y3h3n3f7seyagppx","time":1607823712,"event":{"mods":["AlwaysNeverKeys","BaseMod","Better Vampires","Colored Powertips","DeckTracker","Emptier Cage","Minty Spire (QoL Compilation)","Permanent Neow","Quick Restart","Rare Cards Sparkle","Relic Sorter","Relic Stats","StSLib","Transform Curses"],"gold_per_floor":[115,132,143,157,122,147,147,176,245,257,268,268,333,333,333,333,333],"floor_reached":16,"playtime":3676,"items_purged":[],"score":224,"play_id":"429edd48-e49f-46f0-804c-e89416c78399","local_time":"20201212204152","is_ascension_mode":true,"campfire_choices":[{"data":"Armaments","floor":7,"key":"SMITH"},{"floor":15,"key":"REST"}],"circlet_count":0,"master_deck":["AscendersBane","Strike_R","Strike_R","Strike_R","Strike_R","Strike_R","Defend_R","Defend_R","Defend_R","Defend_R","Bash+1","Clothesline","Cleave","Armaments+1","Shockwave","Juggernaut","Carnage"],"relics":["Burning Blood","Boot","TungstenRod","Mummified Hand","Blood Vial","Golden Idol"],"acts_visited":["Exordium"],"potions_floor_usage":[6,8,13,16,16],"damage_taken":[{"damage":1,"enemies":"Cultist","floor":1,"turns":3},{"damage":0,"enemies":"Small Slimes","floor":2,"turns":3},{"damage":2,"enemies":"Jaw Worm","floor":3,"turns":4},{"damage":23,"enemies":"Large Slime","floor":4,"turns":6},{"damage":37,"enemies":"Gremlin Nob","floor":6,"turns":5},{"damage":28,"enemies":"3 Sentries","floor":8,"turns":9},{"damage":5,"enemies":"3 Louse","floor":10,"turns":3},{"damage":11,"enemies":"Lots of Slimes","floor":11,"turns":4},{"damage":38,"enemies":"Gremlin Nob","floor":13,"turns":5},{"damage":35,"enemies":"Slime Boss","floor":16,"turns":7}],"seed_played":"-6031721609832836579","potions_obtained":[{"floor":2,"key":"Dexterity Potion"},{"floor":4,"key":"HeartOfIron"},{"floor":8,"key":"ColorlessPotion"},{"floor":11,"key":"Strength Potion"},{"floor":13,"key":"Strength Potion"}],"is_trial":false,"path_per_floor":["M","M","M","M","?","E","R","E","T","M","M","?","?","?","R","B"],"character_chosen":"IRONCLAD","items_purchased":[],"campfire_rested":1,"item_purchase_floors":[],"current_hp_per_floor":[73,75,75,58,75,44,44,22,22,23,18,43,13,13,33,0,0],"gold":333,"neow_bonus":"UPGRADE_CARD","is_daily":false,"chose_seed":false,"campfire_upgraded":1,"win_rate":0.0,"timestamp":1607823712,"path_taken":["M","M","?","M","?","E","R","E","T","M","M","?","?","?","R","BOSS"],"items_purchased_type":[],"build_version":"2020-11-30","purchased_purges":0,"victory":false,"max_hp_per_floor":[75,75,75,75,75,75,75,75,75,75,75,75,75,68,68,68,68],"relic_stats":{"Blood Vial":4,"counters":[10,49],"Mummified Hand":[2],"Golden Idol":0,"Boot":[0],"obtain_stats":[{"Blood Vial":13,"Mummified Hand":9,"Golden Idol":14,"Boot":6,"Burning Blood":0,"TungstenRod":8},{"Blood Vial":8,"Mummified Hand":6,"Golden Idol":9,"Boot":5,"Burning Blood":0,"TungstenRod":6},{"Blood Vial":37,"Mummified Hand":30,"Golden Idol":42,"Boot":21,"Burning Blood":0,"TungstenRod":30}],"Burning Blood":46,"TungstenRod":13},"card_choices":[{"not_picked":["Inflame","Cleave"],"picked":"Clothesline","floor":1},{"not_picked":["Entrench","Rampage"],"picked":"Cleave","floor":2},{"not_picked":["Perfected Strike","Pommel Strike","Wild Strike"],"picked":"SKIP","floor":3},{"not_picked":["Clash","Sword Boomerang"],"picked":"Armaments","floor":4},{"not_picked":["Body Slam","Wild Strike"],"picked":"Shockwave","floor":6},{"not_picked":["Headbutt","Perfected Strike","Twin Strike"],"picked":"SKIP","floor":8},{"not_picked":["Cleave","Warcry"],"picked":"Juggernaut","floor":10},{"not_picked":["Wild Strike","Searing Blow","Flex"],"picked":"SKIP","floor":11},{"not_picked":["Heavy Blade","Clash"],"picked":"Carnage","floor":13}],"player_experience":19958316,"relics_obtained":[{"floor":6,"key":"Boot"},{"floor":8,"key":"TungstenRod"},{"floor":9,"key":"Mummified Hand"}],"event_choices":[{"damage_healed":18,"gold_gain":0,"player_choice":"Healed","damage_taken":0,"max_hp_gain":0,"max_hp_loss":0,"event_name":"The Cleric","floor":5,"gold_loss":35},{"damage_healed":25,"gold_gain":0,"player_choice":"Banana","damage_taken":0,"max_hp_gain":0,"max_hp_loss":0,"event_name":"Big Fish","floor":12,"gold_loss":0},{"damage_healed":0,"gold_gain":0,"player_choice":"Searched \u00272\u0027 times","damage_taken":0,"relics_obtained":["Blood Vial"],"max_hp_gain":0,"max_hp_loss":0,"event_name":"Dead Adventurer","floor":13,"gold_loss":0},{"damage_healed":0,"gold_gain":0,"player_choice":"Lose Max HP","damage_taken":0,"relics_obtained":["Golden Idol"],"max_hp_gain":0,"max_hp_loss":7,"event_name":"Golden Idol","floor":14,"gold_loss":0}],"is_beta":false,"boss_relics":[],"items_purged_floors":[],"is_endless":false,"potions_floor_spawned":[2,4,8,11,13],"killed_by":"Slime Boss","ascension_level":20}}