{"host":"vm8b3ptwl81uq21f","time":1607824652,"event":{"mods":["BaseMod","BetterRewards","Colored Powertips","Downfall","GifTheSpireLib","Googly Eyes","GungeonMod","Halation","Hubris","Minty Spire (QoL Compilation)","Quick Restart","Rare Cards Sparkle","Replay The Spire","Shop Mod","StSLib","Stuff the Spire","The Bug Knight","The IronCluck","[IsaacMod]????"],"gold_per_floor":[117,127,202,202,214,248,248,248,7,25,25,25,45,64,64,92,92,187,187,197,112,122,141,19,19,46,46,46,46,61,86,100,114,114,212,212,223,23,23,23,40,40,50,63,90,90,90,90,90,90,90,90],"floor_reached":53,"playtime":3127,"items_purged":[],"score":757,"play_id":"0a4b47cb-97f7-4165-abe4-db4b87abd4e5","local_time":"20201212205732","is_ascension_mode":false,"campfire_choices":[{"data":"Chill","floor":15,"key":"SMITH"},{"data":"FIFO Queue","floor":17,"key":"SMITH"},{"data":"ReplayTheSpireMod:GoodbyeWorld","floor":25,"key":"SMITH"},{"data":"Blizzard","floor":27,"key":"SMITH"},{"data":"Dualcast","floor":34,"key":"PURGE"},{"data":"StuffTheSpire:Snapshot","floor":42,"key":"SMITH"},{"data":"Hello World","floor":46,"key":"SMITH"},{"data":"Capacitor","floor":49,"key":"SMITH"},{"data":"StuffTheSpire:BrainWave","floor":51,"key":"SMITH"}],"circlet_count":0,"master_deck":["Defend_B","Defend_B","Defend_B","Defend_B","Cold Snap","Cold Snap","ReplayTheSpireMod:GoodbyeWorld+1","Blizzard+1","Rebound","Blizzard","Conserve Battery","Hello World+1","Hello World","Chill+1","FIFO Queue+1","CommonCold","ReplayTheSpireMod:Splinters","Capacitor+1","Hologram+1","Rebound","Aggregate+1","Stack","Blizzard","Skim+1","Double Energy+1","Coolheaded+1","StuffTheSpire:Snapshot+1","Sweeping Beam+1","Good Instincts","expansioncontent:BronzeBeam","ReplayTheSpireMod:Necrogeddon","CommonCold","Coolheaded+1","StuffTheSpire:BrainWave+1"],"relics":["Cracked Core","HushsDoor","Leech","FossilizedHelix","Membership Card","DeadEye","halation:PinkSoulGem","Potion Belt","Kintsugi","GuppysHairball","Replay:Bottled Flurry","Prayer Wheel","White Beast Statue","Singing Bowl","halation:TwoAmDonut","SharpPlug","DemoMod:GlassGuonStoneRelic","halation:Risk","Runic Capacitor","Mummified Hand","ReplayTheSpireMod:Ring of Collecting","Ring of Shattering","ReplayTheSpireMod:TigerMarble"],"acts_visited":["Exordium","TheCity","TheBeyond"],"potions_floor_usage":[18,30,31,32,33,35,35,52,52,52],"damage_taken":[{"damage":4,"enemies":"Jaw Worm","floor":1,"turns":2},{"damage":2,"enemies":"2 Louse","floor":2,"turns":2},{"damage":2,"enemies":"Cultist","floor":5,"turns":3},{"damage":15,"enemies":"3 Sentries","floor":6,"turns":7},{"damage":0,"enemies":"2 Fungi Beasts","floor":10,"turns":3},{"damage":0,"enemies":"Exordium Thugs","floor":13,"turns":4},{"damage":5,"enemies":"3 Louse","floor":14,"turns":3},{"damage":0,"enemies":"Gremlin Nob","floor":16,"turns":3},{"damage":12,"enemies":"The Guardian","floor":18,"turns":11},{"damage":13,"enemies":"2 Thieves","floor":20,"turns":4},{"damage":11,"enemies":"Spheric Guardian","floor":22,"turns":6},{"damage":5,"enemies":"Cultist and Chosen","floor":23,"turns":6},{"damage":12,"enemies":"Replay:Snechameleon","floor":26,"turns":7},{"damage":6,"enemies":"Shelled Parasite and Fungi","floor":30,"turns":5},{"damage":6,"enemies":"Book of Stabbing","floor":31,"turns":5},{"damage":0,"enemies":"Snecko","floor":32,"turns":5},{"damage":0,"enemies":"Centurion and Healer","floor":33,"turns":4},{"damage":7,"enemies":"Collector","floor":35,"turns":12},{"damage":0,"enemies":"Orb Walker","floor":37,"turns":4},{"damage":0,"enemies":"3 Shapes","floor":41,"turns":4},{"damage":0,"enemies":"Sphere and 2 Shapes","floor":43,"turns":4},{"damage":0,"enemies":"4 Shapes","floor":44,"turns":5},{"damage":0,"enemies":"hubris:GrandSnecko","floor":52,"turns":9}],"seed_played":"-4111839924912037562","potions_obtained":[{"floor":6,"key":"Reflective Coating"},{"floor":14,"key":"DuplicationPotion"},{"floor":16,"key":"DuplicationPotion"},{"floor":20,"key":"Ancient Potion"},{"floor":22,"key":"BlessingOfTheForge"},{"floor":26,"key":"Elixir"},{"floor":30,"key":"Weak Potion"},{"floor":31,"key":"PotionOfCapacity"},{"floor":32,"key":"Energy Potion"},{"floor":33,"key":"Toxic Potion"},{"floor":35,"key":"Strength Potion"},{"floor":37,"key":"Elixir"},{"floor":41,"key":"Explosive Potion"},{"floor":43,"key":"PotionOfCapacity"}],"is_trial":false,"path_per_floor":["M","M","?","?","M","E","PTL","PTL","$","M","T","?","M","M","R","E","R","B",null,"M","?","M","M","$","R","E","R","T","?","M","E","M","M","R","B",null,"M","$","?","?","M","R","M","M","T","R","?","?","R","?","R","B",null],"character_chosen":"DEFECT","items_purchased":["Membership Card","Blizzard","Conserve Battery","Hello World","GuppysHairball","White Beast Statue","Runic Capacitor","Mummified Hand"],"campfire_rested":0,"item_purchase_floors":[9,9,9,9,19,24,38,38],"current_hp_per_floor":[72,71,60,60,61,52,52,52,52,55,55,55,58,55,55,57,57,51,65,54,54,49,49,49,49,45,45,45,45,45,44,49,53,53,52,69,71,71,61,61,69,69,74,81,81,81,81,91,91,82,82,82],"gold":90,"neow_bonus":"RANDOM_EVENT","is_daily":false,"chose_seed":false,"campfire_upgraded":8,"win_rate":0.0,"timestamp":1607824652,"path_taken":["M","M","?","?","M","E","PTL","PTL","$","?","T","?","M","M","R","E","R","BOSS","M","?","?","M","$","R","E","R","T","?","M","E","?","M","R","BOSS","M","$","?","?","M","R","?","M","T","R","?","?","R","?","R","BOSS"],"items_purchased_type":["Relic","Card","Card","Card","Relic","Relic","Relic","Relic"],"build_version":"2020-11-30","purchased_purges":0,"victory":true,"max_hp_per_floor":[75,75,75,75,75,75,75,75,75,75,75,75,75,75,75,75,75,75,65,65,65,65,65,65,65,67,67,67,67,69,69,69,69,69,69,69,71,71,71,71,75,75,77,81,81,81,81,91,91,82,82,82],"card_choices":[{"not_picked":["BasicCrystalCard","Stack"],"picked":"Cold Snap","floor":1},{"not_picked":["Chill","Streamline"],"picked":"ReplayTheSpireMod:GoodbyeWorld","floor":2},{"not_picked":["Recycle","StuffTheSpire:LoadUp"],"picked":"Blizzard","floor":5},{"not_picked":["Bomb","Undo"],"picked":"Rebound","floor":6},{"not_picked":["Barrage","Consume"],"picked":"hubris:DoWhile","floor":10},{"not_picked":["hubris:Ukulele","StuffTheSpire:LoadUp"],"picked":"Hello World","floor":13},{"not_picked":["StuffTheSpire:GlassShard","Bomb"],"picked":"Chill","floor":14},{"not_picked":["Creative AI","Gash"],"picked":"FIFO Queue","floor":16},{"not_picked":["Electrodynamics","StuffTheSpire:ForEach"],"picked":"ReplayTheSpireMod:Fabricate Wheel","floor":18},{"not_picked":["StuffTheSpire:Purify","Gash"],"picked":"Capacitor","floor":20},{"not_picked":["Lockon","Conserve Battery"],"picked":"Hologram+1","floor":22},{"not_picked":["Cancel+1","Steam"],"picked":"Rebound","floor":22},{"not_picked":["Rebound","Redo"],"picked":"Aggregate+1","floor":23},{"not_picked":["Crystallizer+1","Leap","Sweeping Beam"],"picked":"SKIP","floor":23},{"not_picked":["Ball Lightning+1","Conserve Battery","Compile Driver"],"picked":"Singing Bowl","floor":26},{"not_picked":["BasicCrystalCard","Rip and Tear+1"],"picked":"Stack","floor":30},{"not_picked":["StuffTheSpire:Purify","Undo","Leap"],"picked":"Singing Bowl","floor":30},{"not_picked":["Coolheaded","Self Repair"],"picked":"Blizzard","floor":31},{"not_picked":["StuffTheSpire:Plugnplay","Conserve Battery"],"picked":"Skim+1","floor":32},{"not_picked":["Genetic Algorithm","Heatsinks"],"picked":"Double Energy+1","floor":32},{"not_picked":["Leap","Creative AI"],"picked":"Coolheaded+1","floor":33},{"not_picked":["Go for the Eyes","Panic Button"],"picked":"StuffTheSpire:SnapShoot","floor":33},{"not_picked":["Meteor Strike","StuffTheSpire:ForEach"],"picked":"Seek","floor":35},{"not_picked":["Rebound","Panic Button","BasicCrystalCard"],"picked":"Singing Bowl","floor":37},{"not_picked":["StuffTheSpire:LoadUp","Auto Shields+1"],"picked":"Sweeping Beam+1","floor":37},{"not_picked":["Apotheosis","StuffTheSpire:Recharge"],"picked":"Good Instincts","floor":39},{"not_picked":["StuffTheSpire:PlasmaPunch","BloodyBrimstone"],"picked":"expansioncontent:BronzeBeam","floor":39},{"not_picked":["ReplayUltimateDefense","expansioncontent:PolyBeam"],"picked":"ReplayTheSpireMod:Necrogeddon","floor":39},{"not_picked":["Gash","StuffTheSpire:LoadUp","Compile Driver+1"],"picked":"Singing Bowl","floor":41},{"not_picked":["Darkness","ReplayTheSpireMod:System Scan","Rebound"],"picked":"Singing Bowl","floor":41},{"not_picked":["Compile Driver","Leap","Beam Cell"],"picked":"Singing Bowl","floor":43},{"not_picked":["Hello World","Fusion"],"picked":"Coolheaded+1","floor":43},{"not_picked":["All For One","StuffTheSpire:GlassShard+1","Leap+1"],"picked":"Singing Bowl","floor":44},{"not_picked":["ReplaySort","Chaos+1","Beam Cell+1"],"picked":"Singing Bowl","floor":44}],"player_experience":276855,"relics_obtained":[{"floor":6,"key":"FossilizedHelix"},{"floor":11,"key":"DeadEye"},{"floor":16,"key":"Potion Belt"},{"floor":26,"key":"Singing Bowl"},{"floor":28,"key":"halation:TwoAmDonut"},{"floor":31,"key":"SharpPlug"},{"floor":40,"key":"ReplayTheSpireMod:Ring of Collecting"},{"floor":45,"key":"Ring of Shattering"},{"floor":45,"key":"ReplayTheSpireMod:TigerMarble"}],"event_choices":[{"damage_healed":0,"gold_gain":75,"player_choice":"Gather Gold","damage_taken":11,"max_hp_gain":0,"max_hp_loss":0,"event_name":"World of Goop","floor":3,"gold_loss":0},{"damage_healed":0,"gold_gain":0,"player_choice":"Obtained Relic","damage_taken":0,"relics_obtained":["Replay:Bottled Flurry"],"max_hp_gain":0,"max_hp_loss":0,"event_name":"Addict","floor":21,"gold_loss":85},{"damage_healed":0,"gold_gain":0,"player_choice":"Memory 3","damage_taken":10,"max_hp_gain":0,"max_hp_loss":0,"event_name":"SensoryStone","floor":39,"gold_loss":0},{"cards_removed":["Seek"],"damage_healed":0,"gold_gain":0,"player_choice":"Offered Rare","damage_taken":0,"max_hp_gain":10,"max_hp_loss":0,"event_name":"Bonfire Elementals","floor":48,"gold_loss":0}],"is_beta":false,"boss_relics":[{"not_picked":["halation:PinkAlligatorPlush","halation:ForbiddenBikini"],"picked":"Kintsugi"},{"not_picked":[]},{"not_picked":["Calling Bell","hubris:Backtick"],"picked":"halation:Risk"},{"not_picked":[]}],"items_purged_floors":[],"is_endless":false,"potions_floor_spawned":[6,14,16,20,22,26,30,31,32,33,35,37,41,43,44],"ascension_level":0}}