{"host":"tmiksjdllv4oe9un","time":1607824733,"event":{"mods":["Act Like it!","BaseMod","BetterRewards","Defuse TimeMaze Blight","Duelist Mod","Faster Ascension Climbing","GifTheSpireLib","Googly Eyes","Hallownest","Infinite Spire","Minty Spire (QoL Compilation)","Quick Restart","Replay The Spire","StSLib"],"gold_per_floor":[136,136,136,155,155,155,155],"floor_reached":6,"playtime":221,"items_purged":["theDuelist:Sparks"],"score":68,"play_id":"0a155430-76a5-4651-b524-f2f34598eaab","local_time":"20201212205853","is_ascension_mode":true,"campfire_choices":[],"circlet_count":0,"master_deck":["AscendersBane","theDuelist:BabyDragon+1","theDuelist:CastleWalls","theDuelist:CaveDragon","theDuelist:CaveDragon","theDuelist:LesserDragon","theDuelist:LesserDragon","theDuelist:YamataDragon"],"relics":["theDuelist:MillenniumPuzzle","theDuelist:CardPoolRelic","theDuelist:CardPoolBasicRelic","theDuelist:BoosterPackPoolRelic","theDuelist:CardPoolAddRelic","theDuelist:CardPoolMinusRelic","theDuelist:CardPoolSaveRelic","theDuelist:CardPoolOptionsRelic","Hallownest:DreamNailRelic"],"acts_visited":["Hallownest:Greenpath"],"potions_floor_usage":[],"damage_taken":[{"damage":0,"enemies":"Hallownest:monsterHuskGuard","floor":1,"turns":4},{"damage":17,"enemies":"Hallownest:monsterMarmu","floor":2,"turns":4},{"damage":14,"enemies":"Hallownest:2_Tiktiks_and_1_Crawlid","floor":4,"turns":3},{"damage":34,"enemies":"Hallownest:eliteMossKnight","floor":6,"turns":12}],"seed_played":"-5144807977899899586","potions_obtained":[],"is_trial":false,"path_per_floor":["M","?","?","M","?","E"],"character_chosen":"THE_DUELIST","items_purchased":[],"campfire_rested":0,"item_purchase_floors":[],"current_hp_per_floor":[63,46,46,32,32,0,0],"gold":155,"neow_bonus":"","is_daily":false,"chose_seed":false,"campfire_upgraded":0,"win_rate":0.0,"timestamp":1607824733,"path_taken":["M","?","?","?","?","E"],"items_purchased_type":[],"build_version":"2020-11-30","purchased_purges":1,"victory":false,"max_hp_per_floor":[70,70,70,70,70,70,70],"card_choices":[{"not_picked":["theDuelist:MadSwordBeast","theDuelist:MadFlameKaiju","theDuelist:BarrelDragon","theDuelist:TrihornedDragon","theDuelist:GiantRex"],"picked":"SKIP","floor":1},{"not_picked":["theDuelist:CurseDragon","theDuelist:BabyDragon","theDuelist:BlackStego","theDuelist:BusterBlader","theDuelist:ThreateningRoar"],"picked":"SKIP","floor":4}],"player_experience":15055,"relics_obtained":[],"event_choices":[],"is_beta":false,"boss_relics":[],"items_purged_floors":[0],"is_endless":false,"potions_floor_spawned":[2],"killed_by":"Hallownest:eliteMossKnight","ascension_level":20}}