{"host":"jm9833yuloeli2yd","time":1607883851,"event":{"mods":["AchievementEnabler","BaseMod","Better Altar","Better Match","Better Note","Better Sensory Stone","Better Skull","Better Vampires","Colored Map","Colored Powertips","DeckTracker","Minty Spire (QoL Compilation)","Permanent Neow","Quick Restart","Replay The Spire","StSLib","SuperFastMode"],"gold_per_floor":[109,120,130,145,33,33,58,19,19,39,39,54,83,83,83,157,157,177,195,195,195,195,37,87,119,119,145,213,240,273,273,95,111,111,182,182,199,1198,1213,1213,273,299,299,327,354,354,150,168,186,219,219,219,219],"floor_reached":52,"playtime":1723,"items_purged":["Strike_G","Normality","Normality"],"score":1337,"play_id":"6c7fbe13-7976-4b13-9cf8-5c808fc26da9","local_time":"20201213132411","is_ascension_mode":true,"campfire_choices":[{"data":"Neutralize","floor":6.0,"key":"SMITH"},{"data":"Dash","floor":11.0,"key":"SMITH"},{"data":"Footwork","floor":15.0,"key":"SMITH"},{"data":"Wraith Form v2","floor":26,"key":"SMITH"},{"data":"Tactician","floor":31,"key":"SMITH"},{"data":"Sadistic Nature","floor":34,"key":"SMITH"},{"data":"After Image","floor":43,"key":"SMITH"},{"floor":46,"key":"RECALL"},{"data":"Panache","floor":51,"key":"SMITH"}],"circlet_count":0,"master_deck":["AscendersBane","Defend_G","Defend_G","Defend_G","Defend_G+1","Defend_G","Survivor+1","Neutralize+1","Dagger Throw","Backstab","All Out Attack","Tactician+1","Dash+1","ReplayTheSpireMod:Speed Training+1","Draining Mist+1","Dodge and Roll+1","Unload+1","Footwork+1","ReplayTheSpireMod:From All Sides+1","Wraith Form v2+1","PiercingWail+1","Finisher+1","Infinite Blades+1","Terror+1","Ghostly+1","Ghostly+1","Ghostly+1","PiercingWail+1","ReplayTheSpireMod:Speed Training+1","Sadistic Nature+1","Replay:Poison Smokescreen+1","After Image+1","Leg Sweep+1","Madness+1","Madness+1","Panache+1","Pot Of Greed+1","Pot Of Greed+1","Pot Of Greed+1","Pot Of Greed+1","Night Terror+1","Tactician+1","Crippling Poison+1"],"relics":["Ring of the Snake","Vampiric Spirits","Toxic Egg 2","Du-Vu Doll","Ginger","Astrolabe","Guide Book","Juzu Bracelet","Blood Vial","InkBottle","ReplayTheSpireMod:TigerMarble","Torii","Philosopher\u0027s Stone","Singing Bowl","War Paint","Frozen Eye","ReplayTheSpireMod:Lightbulb","Grinning Jar","Basket Of Snakes"],"acts_visited":["Exordium","TheCity","TheBeyond"],"potions_floor_usage":[16,27,30,52],"damage_taken":[{"damage":6.0,"enemies":"Cultist","floor":1.0,"turns":5.0},{"damage":0.0,"enemies":"Small Slimes","floor":2.0,"turns":4.0},{"damage":1.0,"enemies":"Jaw Worm","floor":3.0,"turns":2.0},{"damage":0.0,"enemies":"Blue Slaver","floor":4.0,"turns":5.0},{"damage":19.0,"enemies":"Lagavulin","floor":7.0,"turns":6.0},{"damage":0.0,"enemies":"2 Fungi Beasts","floor":10.0,"turns":3.0},{"damage":0.0,"enemies":"3 Louse","floor":12.0,"turns":3.0},{"damage":18.0,"enemies":"Gremlin Nob","floor":13.0,"turns":4.0},{"damage":31,"enemies":"Slime Boss","floor":16,"turns":8},{"damage":2,"enemies":"Chosen","floor":18,"turns":5},{"damage":8,"enemies":"Spheric Guardian","floor":19,"turns":4},{"damage":24,"enemies":"Slavers","floor":25,"turns":9},{"damage":9,"enemies":"Book of Stabbing","floor":27,"turns":9},{"damage":1,"enemies":"Gremlin Leader","floor":30,"turns":10},{"damage":2,"enemies":"Centurion and Healer","floor":33,"turns":3},{"damage":6,"enemies":"Automaton","floor":35,"turns":12},{"damage":0,"enemies":"Orb Walker","floor":37,"turns":3},{"damage":1,"enemies":"3 Shapes","floor":39,"turns":5},{"damage":2,"enemies":"Reptomancer","floor":42,"turns":7},{"damage":13,"enemies":"Nemesis","floor":44,"turns":8},{"damage":1,"enemies":"Jaw Worm Horde","floor":48,"turns":3},{"damage":11,"enemies":"4 Shapes","floor":49,"turns":4},{"damage":0,"enemies":"Giant Head","floor":50,"turns":8},{"damage":46,"enemies":"Replay:Hell Engine","floor":52,"turns":5}],"seed_played":"2783073077895348654","potions_obtained":[{"floor":1.0,"key":"SteroidPotion"},{"floor":2.0,"key":"ColorlessPotion"},{"floor":16,"key":"FearPotion"},{"floor":25,"key":"Toxic Potion"},{"floor":27,"key":"Doom Potion"},{"floor":30,"key":"Ancient Potion"},{"floor":39,"key":"EntropicBrew"}],"is_trial":false,"path_per_floor":["M","M","M","M","$","R","E","$","T","M","R","M","E","?","R","B",null,"M","M","PTL","PTL","?","$","?","E","R","E","T","T","E","R","$","M","R","B",null,"M","?","M","?","$","E","R","E","T","R","$","M","M","E","R","B"],"character_chosen":"THE_SILENT","items_purchased":["Dash","Draining Mist+1","Guide Book","Sadistic Nature","Panache","Singing Bowl","War Paint","Frozen Eye","Tactician+1"],"campfire_rested":0,"item_purchase_floors":[5,8,23,32,41,41,41,41,47],"current_hp_per_floor":[41,45,49,51,51,51,42,42,42,48,48,53,39,39,39,19,54,59,51,51,51,33,33,33,9,9,12,12,12,27,27,27,31,31,27,32,33,33,32,26,26,33,33,22,22,22,22,25,20,39,39,0,0],"gold":219,"neow_bonus":"ONE_RARE_RELIC","is_daily":false,"chose_seed":false,"campfire_upgraded":8,"win_rate":0.0,"timestamp":1607883851,"path_taken":["M","M","M","M","$","R","E","?","T","M","R","?","E","?","R","BOSS","M","?","PTL","PTL","?","$","?","E","R","E","T","?","E","R","?","M","R","BOSS","M","?","M","?","$","E","R","E","T","R","$","M","M","E","R","BOSS"],"items_purchased_type":["Card","Card","Relic","Card","Card","Relic","Relic","Relic","Card"],"build_version":"2020-11-30","purchased_purges":3,"victory":false,"max_hp_per_floor":[66,66,66,66,66,66,66,66,66,66,66,66,66,66,66,66,66,66,66,66,66,33,33,33,33,33,33,33,33,33,33,33,33,33,33,33,33,33,33,33,33,35,35,35,35,35,35,37,37,39,39,39,39],"card_choices":[{"not_picked":["Terror","Flying Knee"],"picked":"Dagger Throw","floor":1.0},{"not_picked":["Leg Sweep","Outmaneuver"],"picked":"Backstab","floor":2.0},{"not_picked":["Expertise","Backflip"],"picked":"All Out Attack","floor":3.0},{"not_picked":["Outmaneuver","Deflect"],"picked":"Tactician","floor":4.0},{"not_picked":["All Out Attack","Tactician+1"],"picked":"ReplayTheSpireMod:Speed Training+1","floor":7.0},{"not_picked":["Bouncing Flask+1","Prepared+1"],"picked":"Dodge and Roll+1","floor":10.0},{"not_picked":["Dodge and Roll+1","ReplayTheSpireMod:The Works+1"],"picked":"Unload","floor":12.0},{"not_picked":["Dagger Throw","Dagger Spray"],"picked":"Footwork","floor":13.0},{"not_picked":["Bullet Time+1","Poison Darts+1"],"picked":"Wraith Form v2","floor":16},{"not_picked":["Flying Knee","Predator","Sucker Punch"],"picked":"SKIP","floor":18},{"not_picked":["Deflect+1","Fluid Movement"],"picked":"Terror+1","floor":19},{"not_picked":["Outmaneuver+1","Masterful Stab","Caltrops"],"picked":"SKIP","floor":25},{"not_picked":["A Thousand Cuts","Bane+1"],"picked":"PiercingWail+1","floor":27},{"not_picked":["Flying Knee","Quick Slash"],"picked":"ReplayTheSpireMod:Speed Training+1","floor":30},{"not_picked":["Cloak And Dagger+1","Poisoned Stab"],"picked":"Replay:Poison Smokescreen+1","floor":33},{"not_picked":["A Thousand Cuts","Bullet Time+1"],"picked":"After Image","floor":35},{"not_picked":["Accuracy","Dagger Throw","Bane+1"],"picked":"SKIP","floor":37},{"not_picked":["Dagger Spray","Hidden Blade+1"],"picked":"Leg Sweep+1","floor":39},{"not_picked":["Reflex+1","ReplayTheSpireMod:The Works+1","Outmaneuver+1"],"picked":"Singing Bowl","floor":42},{"not_picked":["PiercingWail+1","Dagger Spray"],"picked":"Night Terror+1","floor":44},{"not_picked":["Leg Sweep+1","Dodge and Roll+1","Outmaneuver+1"],"picked":"Singing Bowl","floor":48},{"not_picked":["Backflip+1","Calculated Gamble+1"],"picked":"Crippling Poison+1","floor":49},{"not_picked":["Storm of Steel+1","Setup+1","Replay:Poison Smokescreen+1"],"picked":"Singing Bowl","floor":50}],"player_experience":1049342,"relics_obtained":[{"floor":7.0,"key":"Toxic Egg 2"},{"floor":9.0,"key":"Du-Vu Doll"},{"floor":13.0,"key":"Ginger"},{"floor":25,"key":"Juzu Bracelet"},{"floor":27,"key":"Blood Vial"},{"floor":28,"key":"InkBottle"},{"floor":29,"key":"ReplayTheSpireMod:TigerMarble"},{"floor":30,"key":"Torii"},{"floor":42,"key":"ReplayTheSpireMod:Lightbulb"},{"floor":44,"key":"Grinning Jar"},{"floor":50,"key":"Basket Of Snakes"}],"event_choices":[{"damage_healed":0.0,"max_hp_gain":0.0,"max_hp_loss":0.0,"gold_gain":0.0,"cards_transformed":["Strike_G"],"event_name":"Transmorgrifier","player_choice":"Transformed","floor":14.0,"gold_loss":0.0,"damage_taken":0.0,"cards_obtained":["ReplayTheSpireMod:From All Sides"]},{"damage_healed":0,"gold_gain":0,"player_choice":"Became a Ghost","damage_taken":0,"max_hp_gain":0,"max_hp_loss":33,"event_name":"Ghosts","floor":22,"gold_loss":0,"cards_obtained":["Ghostly","Ghostly","Ghostly"]},{"damage_healed":0,"gold_gain":50,"player_choice":"Stole From Cult","damage_taken":0,"max_hp_gain":0,"max_hp_loss":0,"event_name":"Nest","floor":24,"gold_loss":0},{"damage_healed":0,"gold_gain":999,"player_choice":"Gold","damage_taken":0,"max_hp_gain":0,"max_hp_loss":0,"event_name":"MindBloom","floor":38,"gold_loss":0,"cards_obtained":["Normality","Normality"]},{"damage_healed":0,"gold_gain":0,"player_choice":"Embrace Madness","damage_taken":6,"max_hp_gain":0,"max_hp_loss":0,"event_name":"Winding Halls","floor":40,"gold_loss":0,"cards_obtained":["Madness","Madness"]}],"is_beta":false,"boss_relics":[{"not_picked":["Fusion Hammer","Empty Cage"],"picked":"Astrolabe"},{"not_picked":["SlaversCollar","Sozu"],"picked":"Philosopher\u0027s Stone"}],"items_purged_floors":[5,41,47],"is_endless":false,"potions_floor_spawned":[1,2,16,25,27,30,39,42,48,50],"killed_by":"Replay:Hell Engine","ascension_level":20}}