{"host":"951sez6ulsv0fw1i","time":1607893658,"event":{"mods":["2.2 Compatiblity","Aspiration","BaseMod","Better Third Choice","BetterRewards","CCEM","CapriCore","Conspire","Downfall","Googly Eyes","Hermit","Infinite Spire","JesterMod","Luminous","Mari Mod (Legacy)","Mari\u0027s V1 Patch","Marisa????????","Minty Spire (QoL Compilation)","Potionbrewer","Reimu??????","Shade Mod","StSLib","The Bug Knight","The Cursed","The Forsaken","The Immortal","The Mystic","The Poker Player","The Runesmith","The Servant 0.9.4","TheBandit","TheSwordswoman"],"gold_per_floor":[118,66,76,87,105,132,132,157,157,157,169,181,181,196,196,196,196,196],"floor_reached":16,"playtime":1026,"items_purged":[],"score":114,"play_id":"1102295f-8344-49de-9ace-8820a21ba12a","local_time":"20201213220738","is_ascension_mode":false,"campfire_choices":[{"floor":7,"key":"REST"},{"floor":13,"key":"REST"},{"data":"MokouMod:Sear","floor":15,"key":"SMITH"}],"circlet_count":0,"master_deck":["MokouMod:Strike","MokouMod:Strike","MokouMod:Strike","MokouMod:Strike","MokouMod:Strike","MokouMod:Defend","MokouMod:Defend","MokouMod:Defend","MokouMod:Defend","MokouMod:HeatSpark","MokouMod:Sear+1","MokouMod:Trailblazer","MokouMod:Fireball","MokouMod:RoaringFlare","MokouMod:HeatCyclone","MokouMod:Sear","Injury","MokouMod:ResonanceReactor+1","MokouMod:Fireball+1","MokouMod:InfernalWave+1"],"relics":["MokouMod:PhoenixFeather","Anchor","Molten Egg 2","MealTicket","Bottled Lightning","Frozen Egg 2"],"acts_visited":["Exordium"],"potions_floor_usage":[11,16,16],"damage_taken":[{"damage":2,"enemies":"Small Slimes","floor":1,"turns":3},{"damage":6,"enemies":"Cultist","floor":3,"turns":3},{"damage":8,"enemies":"infinitespire:Voidling","floor":4,"turns":4},{"damage":0,"enemies":"3 Louse","floor":5,"turns":1},{"damage":64,"enemies":"Lagavulin","floor":6,"turns":7},{"damage":77,"enemies":"3 Sentries","floor":8,"turns":15},{"damage":14,"enemies":"Exordium Wildlife","floor":11,"turns":3},{"damage":0,"enemies":"2 Fungi Beasts","floor":12,"turns":2},{"damage":10,"enemies":"Large Slime","floor":14,"turns":6},{"damage":27,"enemies":"The Guardian","floor":16,"turns":10}],"seed_played":"-945288574865631687","potions_obtained":[{"floor":4,"key":"BlessingOfTheForge"},{"floor":8,"key":"potionbrewer:InfectionPotion"},{"floor":12,"key":"potionbrewer:EndurancePotion"},{"floor":14,"key":"potionbrewer:EndurancePotion"}],"is_trial":false,"path_per_floor":["M","?","M","M","M","E","R","E","T","?","M","M","R","M","R","B"],"character_chosen":"MKU","items_purchased":[],"campfire_rested":2,"item_purchase_floors":[],"current_hp_per_floor":[80,80,74,66,66,2,26,20,20,20,6,6,30,20,20,0,0,0],"gold":196,"neow_bonus":"TEN_PERCENT_HP_BONUS","is_daily":false,"chose_seed":false,"campfire_upgraded":1,"win_rate":0.0,"timestamp":1607893658,"path_taken":["M","?","M","?","?","E","R","E","T","?","M","M","R","M","R","BOSS"],"items_purchased_type":[],"build_version":"2020-11-30","purchased_purges":0,"victory":false,"max_hp_per_floor":[82,82,82,82,82,82,82,82,82,82,82,82,82,82,82,82,82,82],"card_choices":[{"not_picked":["MokouMod:Ember","MokouMod:FlickeringFlame"],"picked":"MokouMod:Sear","floor":1},{"not_picked":["MokouMod:Singe","MokouMod:SearingShot"],"picked":"MokouMod:Trailblazer","floor":3},{"not_picked":["MokouMod:AdaptivePyromancy","MokouMod:RoaringFlare"],"picked":"MokouMod:Fireball","floor":4},{"not_picked":["MokouMod:SearingShot","MokouMod:FlamingFireTalons"],"picked":"MokouMod:RoaringFlare","floor":5},{"not_picked":["MokouMod:Fireball+1","MokouMod:Meltdown"],"picked":"MokouMod:HeatCyclone","floor":6},{"not_picked":["MokouMod:HeatTransfer","MokouMod:IgnitionBlast"],"picked":"MokouMod:Sear","floor":8},{"not_picked":["MokouMod:ThermalPressure","MokouMod:DanceofFlames"],"picked":"MokouMod:ResonanceReactor+1","floor":11},{"not_picked":["MokouMod:Overheat","MokouMod:AdaptivePyromancy+1"],"picked":"MokouMod:Fireball+1","floor":12},{"not_picked":["MokouMod:IcarusDive+1","MokouMod:Firecracker"],"picked":"MokouMod:InfernalWave+1","floor":14}],"player_experience":489433,"relics_obtained":[{"floor":6,"key":"Molten Egg 2"},{"floor":8,"key":"MealTicket"},{"floor":9,"key":"Bottled Lightning"}],"event_choices":[{"damage_healed":0,"gold_gain":0,"player_choice":"Paid Gold","damage_taken":0,"relics_obtained":["Anchor"],"max_hp_gain":0,"max_hp_loss":0,"event_name":"WeMeetAgain","floor":2,"gold_loss":52}],"is_beta":false,"boss_relics":[],"items_purged_floors":[],"is_endless":false,"potions_floor_spawned":[4,8,12,14],"killed_by":"The Guardian","ascension_level":0}}