{"host":"63sioh49uueqzogg","time":1607820223,"event":{"mods":["BaseMod","Card Forge","Colored Map","Colored Powertips","Minty Spire (QoL Compilation)","StSLib","The Animator"],"gold_per_floor":[111,111,38,54,68,106,106,143,143,143,143],"floor_reached":10,"playtime":595,"items_purged":[],"score":99,"play_id":"1f5bf3f6-b279-423a-9eb3-9d54254e3d52","local_time":"20201212164343","is_ascension_mode":true,"campfire_choices":[{"data":"animator:Priestess","floor":7,"key":"SMITH"}],"circlet_count":0,"master_deck":["animator:Strike_MadokaMagica","animator:Defend_MadokaMagica","animator:Strike","animator:Strike","animator:Strike","animator:Defend","animator:Defend","animator:Defend","animator:IrohaTamaki","animator:YuiTsuruno","animator:Shigure","animator:YachiyoNanami","animator:Priestess+1","animator:OrikoMikuni","animator:Guy"],"relics":["animator:LivingPicture","animator:TheMissingPiece","Hammer of Thor","Seething Fire","Anvil of the Gods","NeowsBlessing","animator:AlchemistGlove","Bronze Scales","Nunchaku","Ice Cream"],"acts_visited":["Exordium"],"potions_floor_usage":[6],"damage_taken":[{"damage":0,"enemies":"Jaw Worm","floor":1,"turns":1},{"damage":0,"enemies":"Cultist","floor":4,"turns":1},{"damage":0,"enemies":"Small Slimes","floor":5,"turns":1},{"damage":21,"enemies":"3 Sentries","floor":6,"turns":9},{"damage":18,"enemies":"Gremlin Nob","floor":8,"turns":4},{"damage":21,"enemies":"3 Sentries","floor":10,"turns":2}],"seed_played":"-7910267128485753879","potions_obtained":[{"floor":1,"key":"EssenceOfSteel"},{"floor":8,"key":"Energy Potion"}],"is_trial":false,"path_per_floor":["M","?","$","M","M","E","R","E","T","E"],"character_chosen":"THE_ANIMATOR","items_purchased":["animator:YachiyoNanami"],"campfire_rested":0,"item_purchase_floors":[3],"current_hp_per_floor":[59,59,59,59,59,38,38,20,20,0,0],"gold":143,"neow_bonus":"THREE_ENEMY_KILL","is_daily":false,"chose_seed":false,"campfire_upgraded":1,"win_rate":0.0,"timestamp":1607820223,"path_taken":["M","?","?","M","M","E","R","E","T","E"],"items_purchased_type":["Card"],"build_version":"2020-11-30","purchased_purges":0,"victory":false,"max_hp_per_floor":[66,66,66,66,66,66,66,66,66,66,66],"card_choices":[{"not_picked":["animator:Arpeggio","animator:CrowleyEusford"],"picked":"animator:Shigure","floor":1},{"not_picked":["animator:Viivi","animator:TukaLunaMarceau","animator:DwarfShaman"],"picked":"SKIP","floor":4},{"not_picked":["animator:AcuraTooru","animator:TukaLunaMarceau"],"picked":"animator:Priestess","floor":5},{"not_picked":["animator:YachiyoNanami","animator:SuzuneAmano"],"picked":"animator:OrikoMikuni","floor":6},{"not_picked":["animator:Azekura","animator:FeridBathory"],"picked":"animator:Guy","floor":8}],"player_experience":547850,"relics_obtained":[{"floor":2,"key":"animator:AlchemistGlove"},{"floor":6,"key":"Bronze Scales"},{"floor":8,"key":"Nunchaku"},{"floor":9,"key":"Ice Cream"}],"event_choices":[{"damage_healed":0,"gold_gain":0,"player_choice":"Relic","damage_taken":0,"max_hp_gain":0,"max_hp_loss":0,"event_name":"Wheel of Change","floor":2,"gold_loss":0}],"is_beta":false,"boss_relics":[],"items_purged_floors":[],"is_endless":false,"potions_floor_spawned":[1,8],"killed_by":"3 Sentries","ascension_level":6}}