{"host":"ifd7sfhtlbe34qll","time":1607901236,"event":{"mods":["2.2 Compatiblity","BaseMod","Block Reminder","Colored Map","Downfall","Highlight Path","Minty Spire (QoL Compilation)","Potion Indicator Mod","Quick Restart","Random Character Button","Relic Stats","StSLib"],"gold_per_floor":[99,99,118,118,136,136,163,191,191,220,27,27,46,65,76,177,177,177,194,212,212,212],"floor_reached":21,"playtime":1512,"items_purged":["champ:Strike"],"score":198,"play_id":"705f293b-3b66-4f64-a5f8-c84f39db515a","local_time":"20201213171356","is_ascension_mode":true,"campfire_choices":[{"data":"champ:Taunt","floor":1.0,"key":"SMITH"},{"data":"champ:Execute","floor":4.0,"key":"SMITH"},{"data":"champ:Haymaker","floor":6.0,"key":"SMITH"},{"data":"champ:FocusedGladiator","floor":18.0,"key":"SMITH"}],"circlet_count":0,"master_deck":["champ:Defend","champ:Defend","champ:Defend","champ:Execute+1","champ:Taunt+1","champ:GladiatorsShout","champ:Haymaker+1","champ:FocusedGladiator+1","champ:BladeFlurry","champ:IronFortress","champ:Lariat","champ:CrookedStrike","champ:PerfectForm","champ:Riposte+1","champ:FocusedDefense+1","champ:Encircle+1","champ:BringItOn+1","champ:CrownThrow"],"relics":["Velvet Choker","Orichalcum","Centennial Puzzle","Akabeko","Meat on the Bone","Astrolabe"],"acts_visited":["Exordium","TheCity"],"potions_floor_usage":[21],"damage_taken":[{"damage":1.0,"enemies":"2 Louse","floor":3.0,"turns":2.0},{"damage":5.0,"enemies":"Small Slimes","floor":5.0,"turns":4.0},{"damage":20.0,"enemies":"Lagavulin","floor":8.0,"turns":7.0},{"damage":17.0,"enemies":"3 Sentries","floor":10.0,"turns":8.0},{"damage":5.0,"enemies":"downfall:FleeingMerchant","floor":11.0,"turns":4.0},{"damage":5.0,"enemies":"Cultist","floor":13.0,"turns":2.0},{"damage":5.0,"enemies":"3 Louse","floor":14.0,"turns":2.0},{"damage":5.0,"enemies":"Exordium Wildlife","floor":15.0,"turns":3.0},{"damage":45.0,"enemies":"downfall:Silent","floor":16.0,"turns":9.0},{"damage":22.0,"enemies":"Spheric Guardian","floor":19.0,"turns":4.0},{"damage":28.0,"enemies":"Shell Parasite","floor":20.0,"turns":4.0},{"damage":90,"enemies":"Gremlin Leader","floor":21,"turns":7}],"seed_played":"3862356676499325828","potions_obtained":[{"floor":5.0,"key":"Dexterity Potion"},{"floor":10.0,"key":"ColorlessPotion"},{"floor":16.0,"key":"CultistPotion"},{"floor":19.0,"key":"DuplicationPotion"},{"floor":20.0,"key":"Fruit Juice"}],"is_trial":false,"path_per_floor":["R","?","M","R","M","R","T","E","?","E","$","?","M","M","M","B",null,"R","M","M","E"],"character_chosen":"THE_CHAMP","items_purchased":["EntropicBrew"],"campfire_rested":0,"item_purchase_floors":[11],"current_hp_per_floor":[90,83,82,82,82,82,82,75,85,78,78,78,78,78,78,63,100,100,92,86,0,0],"gold":212,"neow_bonus":"BOSS_RELIC","is_daily":false,"chose_seed":false,"campfire_upgraded":4,"win_rate":0.0,"timestamp":1607901236,"path_taken":["R","?","M","R","M","R","T","E","?","E","$","?","M","?","M","BOSS","R","M","M","E"],"items_purchased_type":["Potion"],"build_version":"2020-11-30","purchased_purges":1,"victory":false,"max_hp_per_floor":[90,90,90,90,90,90,90,90,100,100,100,100,100,100,100,100,100,100,100,100,100,100],"relic_stats":{"Centennial Puzzle":[30],"counters":[12,56],"Astrolabe":["champ:Riposte","champ:FocusedDefense","champ:Encircle"],"Orichalcum":[144],"obtain_stats":[{"Centennial Puzzle":7,"Astrolabe":17,"Velvet Choker":0,"champ:ChampionCrown":0,"Orichalcum":2,"Akabeko":8,"Meat on the Bone":10},{"Centennial Puzzle":2,"Astrolabe":9,"Velvet Choker":0,"champ:ChampionCrown":0,"Orichalcum":0,"Akabeko":3,"Meat on the Bone":4},{"Centennial Puzzle":6,"Astrolabe":41,"Velvet Choker":0,"champ:ChampionCrown":0,"Orichalcum":0,"Akabeko":13,"Meat on the Bone":21}],"Meat on the Bone":12},"card_choices":[{"not_picked":["champ:StanceDance","champ:CrookedStrike"],"picked":"champ:GladiatorsShout","floor":3.0},{"not_picked":["champ:BladeFlurry","champ:Circumvent"],"picked":"champ:Haymaker","floor":5.0},{"not_picked":["champ:DefensiveShout","champ:Haymaker"],"picked":"champ:FocusedGladiator","floor":8.0},{"not_picked":["champ:ShieldSlam","champ:Lariat"],"picked":"champ:BladeFlurry","floor":10.0},{"not_picked":["champ:Backstep","champ:EnGarde"],"picked":"champ:IronFortress","floor":11.0},{"not_picked":["champ:AdrenalArmor","champ:Lariat"],"picked":"champ:CrookedStrike","floor":13.0},{"not_picked":["champ:DefensiveShout","champ:Backstep","champ:Encircle"],"picked":"SKIP","floor":14.0},{"not_picked":["champ:Circumvent","champ:ShieldWall","champ:GutPunch"],"picked":"SKIP","floor":15.0},{"not_picked":["champ:ShieldThrow","champ:ShieldSlam"],"picked":"champ:PerfectForm","floor":16.0},{"not_picked":["champ:GladiatorsShout+1","champ:BerserkersShout+1"],"picked":"champ:BringItOn+1","floor":19.0},{"not_picked":["champ:Haymaker","champ:BringItOn+1"],"picked":"champ:CrownThrow","floor":20.0}],"player_experience":1537182,"relics_obtained":[{"floor":7.0,"key":"Centennial Puzzle"},{"floor":8.0,"key":"Akabeko"},{"floor":10.0,"key":"Meat on the Bone"}],"event_choices":[{"damage_healed":0.0,"max_hp_gain":0.0,"max_hp_loss":0.0,"gold_gain":0.0,"event_name":"Scrap Ooze","player_choice":"Success","floor":2.0,"gold_loss":0.0,"damage_taken":7.0,"relics_obtained":["Orichalcum"]},{"damage_healed":0.0,"max_hp_gain":0.0,"max_hp_loss":0.0,"gold_gain":0.0,"cards_transformed":["champ:Strike"],"event_name":"Transmorgrifier","player_choice":"Transformed","floor":12.0,"gold_loss":0.0,"damage_taken":0.0,"cards_obtained":["champ:Lariat"]}],"is_beta":false,"boss_relics":[{"not_picked":["Pandora\u0027s Box","Empty Cage"],"picked":"Astrolabe"}],"items_purged_floors":[11],"is_endless":false,"potions_floor_spawned":[5,10,13,16,19,20],"killed_by":"Gremlin Leader","ascension_level":1}}