{"host":"ekstrfwlhr7rhfvs","time":1607861625,"event":{"mods":["BaseMod","Minty Spire (QoL Compilation)","Quick Restart","Replay The Spire","StSLib"],"gold_per_floor":[109,109,109,120,198,198,231,231,231,37,54,54,80,30,30,129,129,148,188,204,102,102,102,132,57,57,75,75,108,108,120,120,216,216,235,249,249,38,57,57,92,92,92,92,107,107,7,0,0,0],"floor_reached":51,"playtime":2181,"items_purged":["Defend_R","Normality","Shame","Shame","ReplayTheSpireMod:Doomed","Strike_R"],"score":1209,"play_id":"8d6c490a-ebcf-4344-9dcf-b21e1b16542e","local_time":"20201213201345","is_ascension_mode":true,"campfire_choices":[{"floor":6.0,"key":"RECALL"},{"data":"Sentinel","floor":8.0,"key":"SMITH"},{"data":"Pommel Strike","floor":15.0,"key":"SMITH"},{"data":"Pommel Strike","floor":23.0,"key":"SMITH"},{"data":"Sword Boomerang","floor":28.0,"key":"SMITH"},{"data":"Reaper","floor":30.0,"key":"SMITH"},{"floor":32.0,"key":"REST"},{"floor":40.0,"key":"REST"},{"floor":46,"key":"REST"}],"circlet_count":0,"master_deck":["Strike_R+1","Defend_R","Defend_R","Bash+1","Sentinel+1","Sword Boomerang+1","Pommel Strike+1","Reaper+1","Pommel Strike+1","Headbutt+1","Sword Boomerang+1","Demonic Infusion+1","Inflame","Spot Weakness","Brutality+1"],"relics":["Black Blood","NeowsBlessing","Sundial","FossilizedHelix","Paper Frog","Membership Card","Ring of Peace","Ring of Fury","Replay:WaspNest","Replay:Ancient Bell","Strawberry","Golden Egg","Another Sword","Du-Vu Doll","BargainBundle","Kunai","Vajra","Matryoshka","Replay:Bottled Flurry","Replay:Grab Bag","Cursed Key","Fusion Hammer","Black Star","Singing Bowl","Onion Ring","Whetstone","Red Mask"],"acts_visited":["Exordium","TheCity","TheBeyond"],"potions_floor_usage":[45],"damage_taken":[{"damage":0.0,"enemies":"2 Louse","floor":1.0,"turns":1.0},{"damage":0.0,"enemies":"Small Slimes","floor":4.0,"turns":1.0},{"damage":0.0,"enemies":"3 Sentries","floor":7.0,"turns":2.0},{"damage":0.0,"enemies":"Jaw Worm","floor":11.0,"turns":3.0},{"damage":0.0,"enemies":"Gremlin Nob","floor":13.0,"turns":4.0},{"damage":45.0,"enemies":"Fading Forest","floor":16.0,"turns":11.0},{"damage":11.0,"enemies":"Spheric Guardian","floor":18.0,"turns":4.0},{"damage":0.0,"enemies":"Chosen","floor":20.0,"turns":4.0},{"damage":36.0,"enemies":"Slavers","floor":24.0,"turns":5.0},{"damage":0.0,"enemies":"Snecko","floor":27.0,"turns":3.0},{"damage":35.0,"enemies":"Book of Stabbing","floor":29.0,"turns":4.0},{"damage":0.0,"enemies":"Centurion and Healer","floor":31.0,"turns":3.0},{"damage":0.0,"enemies":"Champ","floor":33.0,"turns":6.0},{"damage":39.0,"enemies":"3 Shapes","floor":35.0,"turns":4.0},{"damage":0.0,"enemies":"Orb Walker","floor":36.0,"turns":2.0},{"damage":8.0,"enemies":"Maw","floor":39.0,"turns":6.0},{"damage":0.0,"enemies":"Giant Head","floor":41.0,"turns":5.0},{"damage":54,"enemies":"4 Shapes","floor":45,"turns":4},{"damage":97,"enemies":"Awakened One","floor":50,"turns":5}],"seed_played":"-942151417295151151","potions_obtained":[{"floor":1.0,"key":"Block Potion"},{"floor":4.0,"key":"SpeedPotion"},{"floor":11.0,"key":"Milkshake"},{"floor":20.0,"key":"CultistPotion"},{"floor":24.0,"key":"SkillPotion"},{"floor":31.0,"key":"Strength Potion"},{"floor":33.0,"key":"SpeedPotion"},{"floor":35.0,"key":"AttackPotion"},{"floor":39.0,"key":"Energy Potion"}],"is_trial":false,"path_per_floor":["M","?","?","M","T","R","E","R","T","$","M","?","E","$","R","B",null,"M","?","M","$","?","R","E","$","T","M","R","E","R","M","R","B",null,"M","M","?","$","M","R","E","?","T","$","M","R","$","?","R","B",null],"character_chosen":"IRONCLAD","items_purchased":["Membership Card","BargainBundle","Strength Potion","LiquidMemories","Singing Bowl"],"campfire_rested":3,"item_purchase_floors":[10,21,21,21,38],"current_hp_per_floor":[78,78,78,80,80,80,80,80,80,80,80,80,80,80,80,41,77,72,51,68,68,68,68,38,38,38,44,44,25,25,43,69,75,84,69,81,81,81,89,89,89,91,91,91,74,93,93,93,93,50],"gold":0,"neow_bonus":"THREE_ENEMY_KILL","is_daily":false,"chose_seed":false,"campfire_upgraded":5,"win_rate":0.0,"timestamp":1607861625,"path_taken":["M","?","?","M","?","R","E","R","T","$","?","?","E","$","R","BOSS","M","?","?","$","?","R","E","$","T","M","R","E","R","M","R","BOSS","M","M","?","$","M","R","E","?","T","?","M","R","$","?","R","BOSS"],"items_purchased_type":["Relic","Relic","Potion","Potion","Relic"],"build_version":"2020-11-30","purchased_purges":6,"victory":true,"max_hp_per_floor":[80,80,80,80,80,80,80,80,80,80,80,80,80,80,80,80,87,87,87,87,87,87,87,87,87,87,87,87,87,87,87,87,87,87,87,87,87,87,89,89,89,91,91,91,93,93,93,93,93,93],"card_choices":[{"not_picked":["Fire Breathing","Havoc","ReplayTheSpireMod:Strike From Hell"],"picked":"SKIP","floor":1.0},{"not_picked":["Armaments","Run Through","Disarm"],"picked":"SKIP","floor":4.0},{"not_picked":["Rupture","ReplayTheSpireMod:Corrosion Curse"],"picked":"Sentinel","floor":7.0},{"not_picked":["ReplayTheSpireMod:Strike From Hell","Inflame"],"picked":"Sword Boomerang","floor":11.0},{"not_picked":["Clash","Perfected Strike"],"picked":"Pommel Strike","floor":13.0},{"not_picked":["Fiend Fire","Juggernaut"],"picked":"Reaper","floor":16.0},{"not_picked":["Amnesia","Decay"],"picked":"ReplayTheSpireMod:Doomed","floor":17.0},{"not_picked":["Pain","ReplayTheSpireMod:Restless Dread"],"picked":"Shame","floor":17.0},{"not_picked":["Replay:Hysterical Blindness","ReplayTheSpireMod:Restless Dread"],"picked":"Shame","floor":17.0},{"not_picked":["Iron Wave","Anger"],"picked":"Pommel Strike","floor":18.0},{"not_picked":["Heavy Blade","Perfected Strike"],"picked":"Headbutt+1","floor":19.0},{"not_picked":["Ghostly Armor","Juggernaut","True Grit"],"picked":"SKIP","floor":20.0},{"not_picked":["Thunderclap","Sever Soul","Warcry+1"],"picked":"SKIP","floor":24.0},{"not_picked":["ReplayTheSpireMod:Strike From Hell","Iron Wave","Wild Strike"],"picked":"SKIP","floor":27.0},{"not_picked":["Power Through","Searing Blow","Carnage+1"],"picked":"SKIP","floor":29.0},{"not_picked":["Flex","Power Through"],"picked":"Sword Boomerang+1","floor":31.0},{"not_picked":["Brutality","Offering"],"picked":"Demonic Infusion","floor":33.0},{"not_picked":["Shrug It Off","Flex","Warcry"],"picked":"SKIP","floor":35.0},{"not_picked":["ReplayTheSpireMod:Muscle Training","Replay:Undeath\u0027s Touch"],"picked":"Inflame","floor":36.0},{"not_picked":["Havoc","Seeing Red","True Grit+1"],"picked":"Singing Bowl","floor":39.0},{"not_picked":["Reaper","Defy Death"],"picked":"Spot Weakness","floor":41.0},{"not_picked":["Secret Technique","Forethought","Bandage Up"],"picked":"Singing Bowl","floor":42.0},{"not_picked":["Headbutt","Anger","Iron Wave+1"],"picked":"Singing Bowl","floor":45}],"player_experience":413505,"relics_obtained":[{"floor":5.0,"key":"Sundial"},{"floor":7.0,"key":"FossilizedHelix"},{"floor":9.0,"key":"Paper Frog"},{"floor":12.0,"key":"Ring of Peace"},{"floor":12.0,"key":"Ring of Fury"},{"floor":13.0,"key":"Replay:WaspNest"},{"floor":19.0,"key":"Du-Vu Doll"},{"floor":24.0,"key":"Vajra"},{"floor":26.0,"key":"Matryoshka"},{"floor":29.0,"key":"Replay:Bottled Flurry"},{"floor":41.0,"key":"Onion Ring"},{"floor":41.0,"key":"Whetstone"}],"event_choices":[{"cards_removed":["Strike_R"],"damage_healed":0.0,"max_hp_gain":0.0,"max_hp_loss":0.0,"gold_gain":0.0,"event_name":"Living Wall","player_choice":"Forget","floor":3.0,"gold_loss":0.0,"damage_taken":0.0},{"damage_healed":0.0,"max_hp_gain":0.0,"max_hp_loss":0.0,"gold_gain":0.0,"event_name":"The Mausoleum","player_choice":"Opened","floor":22.0,"gold_loss":0.0,"damage_taken":0.0,"relics_obtained":["Kunai"]},{"cards_removed":["Strike_R"],"damage_healed":0.0,"max_hp_gain":0.0,"max_hp_loss":0.0,"gold_gain":0.0,"event_name":"Falling","player_choice":"Removed Attack","floor":37.0,"gold_loss":0.0,"damage_taken":0.0},{"damage_healed":0.0,"max_hp_gain":0.0,"max_hp_loss":0.0,"gold_gain":0.0,"event_name":"SensoryStone","player_choice":"Memory 1","floor":42.0,"gold_loss":0.0,"damage_taken":0.0},{"damage_healed":0,"gold_gain":0,"player_choice":"Paid","damage_taken":0,"relics_obtained":["Red Mask"],"max_hp_gain":0,"max_hp_loss":0,"event_name":"Tomb of Lord Red Mask","floor":48,"gold_loss":7}],"is_beta":false,"boss_relics":[{"not_picked":["Snecko Eye","Electric Blood"],"picked":"Replay:Ancient Bell"},{"not_picked":["Akabeko","Grinning Jar"],"picked":"Strawberry"},{"not_picked":["Replay:Accelerometer","Frozen Egg 2"],"picked":"Golden Egg"},{"not_picked":["Unceasing Top","Dead Branch"],"picked":"Another Sword"},{"not_picked":["Painkiller Herb","Velvet Choker"],"picked":"Replay:Grab Bag"},{"not_picked":["SlaversCollar","ChewingGum"],"picked":"Cursed Key"},{"not_picked":["Sozu","Runic Dome"],"picked":"Fusion Hammer"},{"not_picked":["Tiny House","Pandora\u0027s Box"],"picked":"Black Blood"},{"not_picked":["Kintsugi","Ring of Chaos"],"picked":"Black Star"}],"items_purged_floors":[10,14,21,25,38,47],"is_endless":false,"potions_floor_spawned":[1,4,11,20,24,31,33,35,39],"ascension_level":8}}