{"host":"0xdpmeqhfd75uawb","time":1607858701,"event":{"mods":["Act Like it!","BaseMod","BetterRewards","Dota2Spire","Jedi Mod","Luminous","Minty Spire (QoL Compilation)","New YuGiOh mod","Pale of the Ancients","Replay The Spire","Spicy Shops","StSLib","SuperFastMode","The Administrix","TheWitcher","【功能Mod】聪明的最终Boss","【遗物卡牌】REMEMod","篝火指南"],"gold_per_floor":[225,225,45,76,77,77,77,77,77,111,111,127,153,181,181,296,296,325,356,356,390,117,117,117,117,165,4,4,42,42,68,68,174,174,134,155,155,176,176,176,21,61,61,85,85,85,85,120,120,135,135],"floor_reached":50,"playtime":2219,"items_purged":["SnafuTest:DefaultCommonAttack"],"score":489,"play_id":"32ca2f47-2359-4201-bc50-2f7ade3af767","local_time":"20201213192501","is_ascension_mode":false,"campfire_choices":[{"data":"SnafuTest:PowerTrialOfGrasses","floor":6,"key":"SMITH"},{"data":"SnafuTest:BountyHunt","floor":8,"key":"SMITH"},{"data":"SnafuTest:SpellBitingFrost","floor":15,"key":"SMITH"},{"data":"SnafuTest:LastWish","floor":23,"key":"SMITH"},{"data":"SnafuTest:MilitaryReview","floor":25,"key":"PURGE"},{"data":"SnafuTest:PowerMartialMagical","floor":30,"key":"SMITH"},{"floor":32,"key":"DIG"},{"data":"SnafuTest:DefaultCommonAttack","floor":40,"key":"PURGE"},{"data":"SnafuTest:CurseHeatDeath","floor":45,"key":"PURGE"},{"floor":47,"key":"REST"}],"circlet_count":0,"master_deck":["SnafuTest:BountyHunt+1","SnafuTest:DefaultCommonSkill+1","SnafuTest:DefaultCommonSkill+1","SnafuTest:SignAard+1","SnafuTest:PowerTrialOfGrasses+1","SnafuTest:SpellBitingFrost+1","SnafuTest:SpellLifeDrain","SnafuTest:LastWish+1","SnafuTest:PowerMartialMagical+1","SnafuTest:SpellIncendiaryShower+1","SnafuTest:BombMoonDust+1","Flash of Steel","SnafuTest:BombDragonsDream","SnafuTest:BombDragonsDream","SnafuTest:SignIgni+1","SnafuTest:MCSuccubusSeduction+1"],"relics":["SnafuTest:PlaceholderRelic","REME_ComplimentaryCards","Dota2Spire:Satanic","Membership Card","jedi:gremlinknob","Cursed Key","SnafuTest:AardRelic","Blue Doll","Singing Bowl","Dota2Spire:UrnOfShadows","Guide Book","Replay:WaspNest","InkBottle","Fusion Hammer","Dota2Spire:PowerTreads","SnafuTest:BearRelic","Dota2Spire:MagicBottle","Bottled Tornado"],"acts_visited":["Exordium","TheCity","TheBeyond"],"potions_floor_usage":[16,16,29,33,44,50],"damage_taken":[{"damage":2,"enemies":"Small Slimes","floor":1,"turns":4},{"damage":0,"enemies":"2 Louse","floor":4,"turns":2},{"damage":0,"enemies":"Cultist","floor":5,"turns":2},{"damage":5,"enemies":"2 Fungi Beasts","floor":10,"turns":3},{"damage":0,"enemies":"Lots of Slimes","floor":12,"turns":1},{"damage":9,"enemies":"Blue Slaver","floor":13,"turns":3},{"damage":3,"enemies":"Red Slaver","floor":14,"turns":3},{"damage":14,"enemies":"Fading Forest","floor":16,"turns":11},{"damage":15,"enemies":"Spheric Guardian","floor":18,"turns":4},{"damage":19,"enemies":"2 Thieves","floor":19,"turns":4},{"damage":14,"enemies":"Chosen and Byrds","floor":21,"turns":5},{"damage":13,"enemies":"Snecko","floor":29,"turns":4},{"damage":0,"enemies":"Cultist and Chosen","floor":31,"turns":3},{"damage":30,"enemies":"Automaton","floor":33,"turns":6},{"damage":9,"enemies":"Orb Walker","floor":35,"turns":2},{"damage":21,"enemies":"3 Shapes","floor":36,"turns":2},{"damage":6,"enemies":"Transient","floor":38,"turns":5},{"damage":17,"enemies":"R_Hoarder","floor":42,"turns":6},{"damage":27,"enemies":"Maw","floor":44,"turns":4},{"damage":13,"enemies":"Jaw Worm Horde","floor":48,"turns":2},{"damage":80,"enemies":"Replay:Hell Engine","floor":50,"turns":8}],"seed_played":"-6352392871048210807","potions_obtained":[{"floor":1,"key":"jedi:tentaclejuice"},{"floor":10,"key":"PowerPotion"},{"floor":18,"key":"Dota2Spire:HealingSalve"},{"floor":19,"key":"AttackPotion"},{"floor":33,"key":"SkillPotion"},{"floor":37,"key":"LiquidBronze"},{"floor":37,"key":"Regen Potion"},{"floor":44,"key":"jedi:hoardpotion"}],"is_trial":false,"path_per_floor":["M","?","$","M","M","R","?","R","T","M","?","M","M","M","R","B",null,"M","M","?","M","$","R","$","R","T","$","?","M","R","M","R","B",null,"M","M","?","M","?","R","$","E","T","M","R","?","R","M","R","B"],"character_chosen":"THE_WITCHER","items_purchased":["Dota2Spire:Satanic","Membership Card","SnafuTest:AardRelic","Blue Doll","Singing Bowl","Guide Book","Replay:WaspNest","SnafuTest:BombDragonsDream","SnafuTest:BearRelic"],"campfire_rested":1,"item_purchase_floors":[3,3,22,22,22,27,27,41,41],"current_hp_per_floor":[73,73,73,75,75,75,75,75,75,70,70,72,65,64,64,62,75,60,43,43,31,31,31,31,31,31,31,31,23,23,27,27,5,77,70,53,53,49,49,49,49,34,34,20,20,20,44,35,59,0,0],"gold":135,"neow_bonus":"HUNDRED_GOLD","is_daily":false,"chose_seed":false,"campfire_upgraded":5,"win_rate":0.0,"timestamp":1607858701,"path_taken":["M","?","$","M","M","R","?","R","T","M","?","M","M","M","R","BOSS","M","M","?","?","$","R","$","R","T","$","?","M","R","M","R","BOSS","M","?","?","?","?","R","$","E","T","M","R","?","R","M","R","BOSS"],"items_purchased_type":["Relic","Relic","Relic","Relic","Relic","Relic","Relic","Card","Relic"],"build_version":"2020-11-30","purchased_purges":1,"victory":false,"max_hp_per_floor":[75,75,75,75,75,75,75,75,75,75,75,75,75,75,75,75,75,75,75,75,75,75,75,75,75,75,75,75,75,75,77,77,77,77,79,81,81,81,81,81,81,81,81,83,83,83,83,83,83,83,83],"card_choices":[{"not_picked":["SnafuTest:SignAxii","SnafuTest:MCPlayGwent","SnafuTest:WitchHunt"],"picked":"SKIP","floor":1},{"not_picked":["SnafuTest:BombDragonsDream","SnafuTest:ArmoredSortie"],"picked":"SnafuTest:PaySmithWorkshop","floor":4},{"not_picked":["SnafuTest:PowerMartialMagical","SnafuTest:BombSamum"],"picked":"SnafuTest:PowerTrialOfGrasses","floor":5},{"not_picked":["SnafuTest:FlashingRaid","SnafuTest:SignAard"],"picked":"SnafuTest:PowerEternalFlame","floor":10},{"not_picked":["SnafuTest:Siege","SnafuTest:SpellDispellingPush","SnafuTest:SignYrden"],"picked":"SKIP","floor":12},{"not_picked":["SnafuTest:PowerProbingFeint","SnafuTest:GetPaid"],"picked":"SnafuTest:SpellLifeDrain","floor":13},{"not_picked":["SnafuTest:PowerAlwaysAWay","SnafuTest:SignYrden","SnafuTest:PayArmorSmith"],"picked":"SKIP","floor":14},{"not_picked":["SnafuTest:OtherWorld","SnafuTest:MilitaryReview"],"picked":"SnafuTest:LastWish","floor":16},{"not_picked":["SnafuTest:RecklessBlow","SnafuTest:SpellLifeDrain"],"picked":"SnafuTest:PowerMartialMagical","floor":18},{"not_picked":["SnafuTest:FeignDeath","SnafuTest:ShieldUp","SnafuTest:SwordDance"],"picked":"SKIP","floor":19},{"not_picked":["SnafuTest:PayArmorSmith","SnafuTest:GetPaid","SnafuTest:PayHappyHour"],"picked":"SKIP","floor":21},{"not_picked":["SnafuTest:SwordDance+1","SnafuTest:SpellArcaneDomain+1"],"picked":"SnafuTest:SpellIncendiaryShower+1","floor":29},{"not_picked":["SnafuTest:SpellChainLightning","SnafuTest:SpellBitingFrost","SnafuTest:Meditation"],"picked":"Singing Bowl","floor":31},{"not_picked":["SnafuTest:PayAlchemyMaster","SnafuTest:BlackSunRise"],"picked":"SnafuTest:PayExoticTreasure","floor":33},{"not_picked":["SnafuTest:SpellBitingFrost+1","SnafuTest:PayArmorSmith","SnafuTest:SpellBlindFury+1"],"picked":"Singing Bowl","floor":35},{"not_picked":["SnafuTest:PayWeaponSmith+1","SnafuTest:PowerAlwaysOnRoads","SnafuTest:MCSuccubusSeduction"],"picked":"Singing Bowl","floor":36},{"not_picked":["SnafuTest:Shooting","SnafuTest:GetPaid+1"],"picked":"SnafuTest:BombMoonDust+1","floor":38},{"not_picked":["Madness","REME_MagicPocketWatch"],"picked":"Flash of Steel","floor":39},{"not_picked":["SnafuTest:WorldMap","SnafuTest:Oriole+1"],"picked":"SnafuTest:SignIgni","floor":42},{"not_picked":["SnafuTest:PowerMartialMagical","SnafuTest:CareTaker+1","SnafuTest:FlashingRaid"],"picked":"Singing Bowl","floor":44},{"not_picked":["SnafuTest:ScholarsIntrigue","SnafuTest:SpellBlindFury+1"],"picked":"SnafuTest:MCSuccubusSeduction+1","floor":48}],"player_experience":97747,"relics_obtained":[{"floor":9,"key":"jedi:gremlinknob"},{"floor":26,"key":"Dota2Spire:UrnOfShadows"},{"floor":32,"key":"InkBottle"},{"floor":42,"key":"Dota2Spire:MagicBottle"},{"floor":43,"key":"Bottled Tornado"}],"event_choices":[{"damage_healed":0,"gold_gain":0,"player_choice":"Leave","damage_taken":0,"max_hp_gain":0,"max_hp_loss":0,"event_name":"The Cleric","floor":7,"gold_loss":0},{"damage_healed":0,"gold_gain":0,"cards_transformed":["SnafuTest:DefaultCommonAttack"],"player_choice":"Change","damage_taken":0,"max_hp_gain":0,"max_hp_loss":0,"event_name":"Living Wall","floor":11,"gold_loss":0,"cards_obtained":["SnafuTest:SpellBitingFrost"]},{"damage_healed":0,"gold_gain":0,"cards_transformed":["SnafuTest:DefaultCommonSkill"],"player_choice":"Transformed","damage_taken":0,"max_hp_gain":0,"max_hp_loss":0,"event_name":"Transmorgrifier","floor":20,"gold_loss":0,"cards_obtained":["SnafuTest:MilitaryReview"]},{"cards_removed":["Languid"],"damage_healed":0,"gold_gain":0,"player_choice":"Purged","damage_taken":0,"max_hp_gain":0,"max_hp_loss":0,"event_name":"Purifier","floor":28,"gold_loss":0},{"damage_healed":0,"gold_gain":0,"player_choice":"Got Potions","damage_taken":0,"max_hp_gain":0,"max_hp_loss":0,"event_name":"Lab","floor":37,"gold_loss":0},{"damage_healed":0,"gold_gain":0,"player_choice":"Memory 1","damage_taken":0,"max_hp_gain":0,"max_hp_loss":0,"event_name":"SensoryStone","floor":39,"gold_loss":0},{"cards_removed":["SnafuTest:PowerEternalFlame"],"damage_healed":0,"gold_gain":0,"player_choice":"Removed Power","damage_taken":0,"max_hp_gain":0,"max_hp_loss":0,"event_name":"Falling","floor":46,"gold_loss":0}],"is_beta":false,"boss_relics":[{"not_picked":["Pandora\u0027s Box","Replay:Drink Me"],"picked":"Cursed Key"},{"not_picked":["REME_DemonsWealth","Snecko Eye"],"picked":"Fusion Hammer"}],"items_purged_floors":[3],"is_endless":false,"potions_floor_spawned":[1,10,18,19,33,42,44,48],"killed_by":"Replay:Hell Engine","ascension_level":0}}