{"host":"0cnf9zf1gia27zti","time":1607902257,"event":{"mods":["BaseMod","BetterRewards","Card Forge","Colored Map","Colored Powertips","Conspire","Downfall","Minty Spire (QoL Compilation)","Quick Restart","Replay The Spire","Shade Mod","Spicy Shops","StSLib"],"gold_per_floor":[116,134,151,168,65,65,75,106,106,131,145,22,33,80,80,184,184,194,109,109,124,124,124,138,138,138,138,152,3,103,116,116,219,219,232,232,232,249,249,249,274,274,274],"floor_reached":42,"playtime":3411,"items_purged":[],"score":975,"play_id":"99f55838-faac-44da-ac42-42981f790f03","local_time":"20201213233057","is_ascension_mode":true,"campfire_choices":[{"floor":6.0,"key":"REST"},{"floor":15.0,"key":"REST"},{"floor":23,"key":"REST"},{"floor":25,"key":"REST"},{"floor":32,"key":"REST"},{"floor":40,"key":"REST"}],"circlet_count":0,"master_deck":["Eruption","Vigilance","Prostrate","BattleHymn","Wireheading","Evaluate+1","BattleHymn","Prostrate","Ragnarok","DevaForm","ForeignInfluence","PathToVictory","Prostrate","Ragnarok","MasterReality","Prostrate","Vault","Replay:ManipulateFuture+1","Evaluate+1","Prostrate+1","DevaForm","Devotion","SignatureMove","Crescendo","Meditate","LikeWater","Vengeance","Vault","SpiritShield","Evaluate+1","Brilliance"],"relics":["PureWater","Hammer of Thor","Seething Fire","Anvil of the Gods","Oddly Smooth Stone","Damaru","Question Card","Membership Card","Replay:Kaleidoscope","Dream Catcher","Toy Ornithopter","Orichalcum","ClockworkSouvenir","Centennial Puzzle","VioletLotus","Darkstone Periapt","Mango","Vajra","Lee\u0027s Waffle","Anchor","Unceasing Top","Shuriken","Pandora\u0027s Box","Incense Burner"],"acts_visited":["Exordium","TheCity","TheBeyond"],"potions_floor_usage":[16,24,30],"damage_taken":[{"damage":0.0,"enemies":"Cultist","floor":1.0,"turns":4.0},{"damage":1.0,"enemies":"2 Louse","floor":2.0,"turns":3.0},{"damage":9.0,"enemies":"Small Slimes","floor":3.0,"turns":4.0},{"damage":6.0,"enemies":"Red Slaver","floor":4.0,"turns":5.0},{"damage":4.0,"enemies":"Large Slime","floor":7.0,"turns":4.0},{"damage":0.0,"enemies":"Replay:BlueRogue","floor":8.0,"turns":5.0},{"damage":0.0,"enemies":"Lagavulin","floor":10.0,"turns":5.0},{"damage":18.0,"enemies":"Exordium Thugs","floor":11.0,"turns":4.0},{"damage":9.0,"enemies":"Gremlin Gang","floor":13.0,"turns":5.0},{"damage":1,"enemies":"Fading Forest","floor":16,"turns":11},{"damage":21,"enemies":"conspire:FuzzyDice","floor":18,"turns":6},{"damage":17,"enemies":"2 Thieves","floor":21,"turns":5},{"damage":19,"enemies":"Centurion and Healer","floor":24,"turns":5},{"damage":13,"enemies":"Cultist and Chosen","floor":28,"turns":5},{"damage":4,"enemies":"Colosseum Slavers","floor":30,"turns":4},{"damage":17,"enemies":"Colosseum Nobs","floor":30,"turns":4},{"damage":14,"enemies":"Snecko","floor":31,"turns":4},{"damage":7,"enemies":"Champ","floor":33,"turns":6},{"damage":27,"enemies":"3 Darklings","floor":35,"turns":8},{"damage":11,"enemies":"Orb Walker","floor":38,"turns":3},{"damage":27,"enemies":"R_Hoarder","floor":41,"turns":7},{"damage":60,"enemies":"Transient","floor":42,"turns":3}],"seed_played":"-943135370096411174","potions_obtained":[{"floor":3.0,"key":"Fire Potion"},{"floor":4.0,"key":"Block Potion"},{"floor":7.0,"key":"Dexterity Potion"},{"floor":10.0,"key":"Elixir"},{"floor":11.0,"key":"SneckoOil"},{"floor":18,"key":"Elixir"},{"floor":21,"key":"Adrenaline Potion"},{"floor":28,"key":"Swift Potion"},{"floor":41,"key":"LiquidBronze"}],"is_trial":false,"path_per_floor":["M","M","M","M","$","R","M","E","T","E","M","$","M","T","R","B",null,"M","?","$","M","?","R","M","R","T","?","M","$","?","M","R","B",null,"M","?","?","M","?","R","E","M"],"character_chosen":"WATCHER","items_purchased":["Oddly Smooth Stone","Prostrate","BattleHymn","Damaru","Question Card","Membership Card","Wireheading","Evaluate+1","sneckomod:MuddlingPotion","Ragnarok","PathToVictory","Orichalcum","ClockworkSouvenir","Lee\u0027s Waffle","Anchor"],"campfire_rested":6,"item_purchase_floors":[0,0,0,0,0,0,0,0,0,5,12,12,12,29,29],"current_hp_per_floor":[33,32,23,17,17,38,34,34,34,34,21,21,12,12,33,37,63,42,42,42,25,18,39,25,46,60,60,47,93,72,58,85,78,89,62,62,62,51,51,78,51,0,0],"gold":274,"neow_bonus":"","is_daily":false,"chose_seed":false,"campfire_upgraded":0,"win_rate":0.0,"timestamp":1607902257,"path_taken":["M","M","M","M","$","R","M","E","T","E","M","$","M","?","R","BOSS","M","?","$","M","?","R","?","R","T","?","M","$","?","M","R","BOSS","M","?","?","?","?","R","E","M"],"items_purchased_type":["Relic","Card","Card","Relic","Relic","Relic","Card","Card","Potion","Card","Card","Relic","Relic","Relic","Relic"],"build_version":"2020-11-30","purchased_purges":0,"victory":false,"max_hp_per_floor":[72,72,72,72,72,72,72,72,72,72,72,72,72,72,72,72,72,72,72,72,72,72,72,72,72,86,86,86,93,93,93,93,93,93,93,93,93,93,93,93,93,93,93],"card_choices":[{"not_picked":["SashWhip","JustLucky","Consecrate","CrushJoints"],"picked":"SKIP","floor":1.0},{"not_picked":["Consecrate","Replay:BluntJabs","FlurryOfBlows"],"picked":"BattleHymn","floor":2.0},{"not_picked":["SandsOfTime","Consecrate","Swivel","Adaptation"],"picked":"SKIP","floor":3.0},{"not_picked":["Evaluate","Fasting2","Conclude"],"picked":"Prostrate","floor":4.0},{"not_picked":["EmptyBody","Replay:AtTheReady","Crescendo","EmptyFist"],"picked":"SKIP","floor":7.0},{"not_picked":["ReachHeaven","FlurryOfBlows","Replay:Battleflow"],"picked":"DevaForm","floor":8.0},{"not_picked":["FlyingSleeves","Replay:Battleflow","Replay:Vibes"],"picked":"ForeignInfluence","floor":10.0},{"not_picked":["Replay:AtTheReady","Tantrum","Nirvana","Protect"],"picked":"SKIP","floor":11.0},{"not_picked":["Replay:BluntJabs","Replay:Anticipation","Weave"],"picked":"Prostrate","floor":13.0},{"not_picked":["Evaluate","ClearTheMind","Weave"],"picked":"Ragnarok","floor":15.0},{"not_picked":["Ragnarok","Judgement","Replay:LoomingThreat"],"picked":"MasterReality","floor":16},{"not_picked":["FlurryOfBlows","WheelKick","Protect","Crescendo+1"],"picked":"SKIP","floor":18},{"not_picked":["Protect","Consecrate+1","Blasphemy","Crescendo"],"picked":"SKIP","floor":21},{"not_picked":["EmptyFist","FlyingSleeves","Replay:BluntJabs","CrushJoints"],"picked":"SKIP","floor":24},{"not_picked":["BattleHymn","ReachHeaven","PathToVictory"],"picked":"Prostrate","floor":25},{"not_picked":["Crescendo","Evaluate","FlurryOfBlows"],"picked":"Vault","floor":28},{"not_picked":["CrushJoints","LikeWater","Swivel+1"],"picked":"Replay:ManipulateFuture+1","floor":30},{"not_picked":["PathToVictory+1","SashWhip","FlyingSleeves"],"picked":"Evaluate+1","floor":31},{"not_picked":["SignatureMove","ClearTheMind","Swivel+1"],"picked":"Prostrate+1","floor":32},{"not_picked":["Replay:AllIn","Wish","Vault"],"picked":"DevaForm","floor":33},{"not_picked":["Halt+1","Replay:Anticipation+1","EmptyFist+1","JustLucky"],"picked":"SKIP","floor":35},{"not_picked":["JustLucky","Protect+1","EmptyFist"],"picked":"Evaluate+1","floor":38},{"not_picked":["EmptyBody+1","InnerPeace+1","Consecrate"],"picked":"Brilliance","floor":41}],"player_experience":2001589,"relics_obtained":[{"floor":8.0,"key":"Replay:Kaleidoscope"},{"floor":9.0,"key":"Dream Catcher"},{"floor":10.0,"key":"Toy Ornithopter"},{"floor":14.0,"key":"Centennial Puzzle"},{"floor":26,"key":"Mango"},{"floor":30,"key":"Unceasing Top"},{"floor":30,"key":"Shuriken"},{"floor":41,"key":"Incense Burner"}],"event_choices":[{"damage_healed":0,"gold_gain":0,"player_choice":"Obtained Relic","damage_taken":0,"relics_obtained":["Darkstone Periapt"],"max_hp_gain":0,"max_hp_loss":0,"event_name":"Addict","floor":19,"gold_loss":85},{"damage_healed":0,"gold_gain":0,"player_choice":"Damaged","damage_taken":7,"max_hp_gain":0,"max_hp_loss":0,"event_name":"Wheel of Change","floor":22,"gold_loss":0},{"damage_healed":0,"gold_gain":0,"player_choice":"Fight","damage_taken":0,"max_hp_gain":0,"max_hp_loss":0,"event_name":"Colosseum","floor":30,"gold_loss":0},{"damage_healed":0,"gold_gain":0,"player_choice":"Fought Nobs","damage_taken":0,"max_hp_gain":0,"max_hp_loss":0,"event_name":"Colosseum","floor":30,"gold_loss":0},{"damage_healed":0,"gold_gain":0,"player_choice":"Leave","damage_taken":0,"max_hp_gain":0,"max_hp_loss":0,"event_name":"conspire:Investor","floor":36,"gold_loss":0},{"damage_healed":0,"gold_gain":0,"player_choice":"Ignored","damage_taken":0,"max_hp_gain":0,"max_hp_loss":0,"event_name":"SecretPortal","floor":37,"gold_loss":0}],"is_beta":false,"boss_relics":[{"not_picked":["Runic Pyramid","Tiny House"],"picked":"VioletLotus"},{"not_picked":["Snecko Eye","Coffee Dripper"],"picked":"Pandora\u0027s Box"}],"items_purged_floors":[],"is_endless":false,"potions_floor_spawned":[3,4,7,10,11,18,21,28,41],"killed_by":"Transient","ascension_level":9}}