{"host":"951sez6ulsv0fw1i","time":1607897846,"event":{"mods":["2.2 Compatiblity","Aspiration","BaseMod","Better Third Choice","BetterRewards","CCEM","CapriCore","Conspire","Downfall","Googly Eyes","Hermit","Infinite Spire","JesterMod","Luminous","Mari Mod (Legacy)","Mari\u0027s V1 Patch","Marisa????????","Minty Spire (QoL Compilation)","Potionbrewer","Reimu??????","Shade Mod","StSLib","The Bug Knight","The Cursed","The Forsaken","The Immortal","The Mystic","The Poker Player","The Runesmith","The Servant 0.9.4","TheBandit","TheSwordswoman"],"gold_per_floor":[111,111,122,42,62,62,78,106,118,144,181,193,205,231,243,379,391,417,448,479,512,524,524,524],"floor_reached":22,"playtime":1563,"items_purged":[],"score":200,"play_id":"256b169f-9a83-4b12-8ce1-ee9016aea9d2","local_time":"20201213231726","is_ascension_mode":false,"campfire_choices":[{"data":"MokouMod:ResonanceReactor","floor":6,"key":"SMITH"},{"data":"MokouMod:HouraiForge","floor":12,"key":"SMITH"},{"data":"MokouMod:Sear","floor":15,"key":"SMITH"}],"circlet_count":0,"master_deck":["MokouMod:Strike","MokouMod:Strike","MokouMod:Strike","MokouMod:Strike","MokouMod:Strike","MokouMod:Defend","MokouMod:Defend","MokouMod:Defend","MokouMod:Defend","MokouMod:HeatSpark","TheCursedMod:Dregs","MokouMod:ResoluteFlare","MokouMod:AdaptivePyromancy","MokouMod:BurningDraft","MokouMod:ResonanceReactor+1","MokouMod:CrimsonArmoury","MokouMod:IndiscriminateIgnition","MokouMod:ResonanceReactor","MokouMod:BlazingComet","MokouMod:HouraiForge+1","Injury","MokouMod:Sear+1","MokouMod:SearingBlow","MokouMod:ControlledCombustion+1","MokouMod:ExplosiveFlame","MokouMod:DanceofFlames+1","MokouMod:HeatCyclone"],"relics":["MokouMod:PhoenixFeather","CCEMRelics:OldTooth","MawBank","HollowMod:LifeEnderRelic","Golden Idol","aspiration:RunicSpoon"],"acts_visited":["Exordium","TheCity"],"potions_floor_usage":[10,11,14,19],"damage_taken":[{"damage":6,"enemies":"Jaw Worm","floor":1,"turns":3},{"damage":6,"enemies":"Cultist","floor":3,"turns":3},{"damage":0,"enemies":"2 Louse","floor":5,"turns":3},{"damage":0,"enemies":"2 Fungi Beasts","floor":7,"turns":4},{"damage":29,"enemies":"Gremlin Nob","floor":8,"turns":4},{"damage":9,"enemies":"Exordium Wildlife","floor":10,"turns":4},{"damage":13,"enemies":"Lagavulin","floor":11,"turns":5},{"damage":4,"enemies":"Exordium Thugs","floor":14,"turns":3},{"damage":22,"enemies":"Hexaghost","floor":16,"turns":8},{"damage":38,"enemies":"conspire:FuzzyDice","floor":18,"turns":6},{"damage":25,"enemies":"Spheric Guardian","floor":19,"turns":6},{"damage":36,"enemies":"3 Cultists","floor":20,"turns":5},{"damage":17,"enemies":"Snake Plant","floor":21,"turns":4},{"damage":13,"enemies":"conspire:HollyBat","floor":22,"turns":4}],"seed_played":"3322664691215557726","potions_obtained":[{"floor":1,"key":"Block Potion"},{"floor":3,"key":"champ:CounterPotion"},{"floor":8,"key":"Explosive Potion"},{"floor":14,"key":"potionbrewer:DiscountPotion"},{"floor":19,"key":"potionbrewer:BoundlessPotion"}],"is_trial":false,"path_per_floor":["M","?","M","$","M","R","M","E","T","M","E","R","?","M","R","B",null,"M","M","M","M","M"],"character_chosen":"MKU","items_purchased":["MokouMod:ResonanceReactor"],"campfire_rested":0,"item_purchase_floors":[4],"current_hp_per_floor":[69,69,63,63,63,63,63,34,34,25,12,12,12,8,8,7,75,37,12,18,1,0,0,0],"gold":524,"neow_bonus":"ONE_RARE_RELIC","is_daily":false,"chose_seed":false,"campfire_upgraded":3,"win_rate":0.0,"timestamp":1607897846,"path_taken":["M","?","M","$","?","R","M","E","T","M","E","R","?","M","R","BOSS","M","M","M","M","M"],"items_purchased_type":["Card"],"build_version":"2020-11-30","purchased_purges":0,"victory":false,"max_hp_per_floor":[75,75,75,75,75,75,75,75,75,75,75,75,75,75,75,75,75,75,75,75,75,75,75,75],"card_choices":[{"not_picked":["MokouMod:FlareStarter","MokouMod:EternalBurstReactor"],"picked":"MokouMod:ResoluteFlare","floor":1},{"not_picked":["MokouMod:IcarusDive","MokouMod:Afterburner"],"picked":"MokouMod:BurningDraft","floor":3},{"not_picked":["MokouMod:Stoke","MokouMod:Combust"],"picked":"MokouMod:CrimsonArmoury","floor":5},{"not_picked":["MokouMod:ResoluteFlare","MokouMod:Singe"],"picked":"MokouMod:IndiscriminateIgnition","floor":7},{"not_picked":["MokouMod:Stoke","MokouMod:Afterburner"],"picked":"MokouMod:ResonanceReactor","floor":8},{"not_picked":["MokouMod:Ember","MokouMod:Sear"],"picked":"MokouMod:BlazingComet","floor":10},{"not_picked":["MokouMod:Sear","MokouMod:FujiyamaVolcano"],"picked":"MokouMod:HouraiForge","floor":11},{"not_picked":["MokouMod:ThermalPressure","MokouMod:Firecracker"],"picked":"MokouMod:Sear","floor":14},{"not_picked":["MokouMod:RadiantBlade","MokouMod:ExplosiveFlame"],"picked":"MokouMod:SearingBlow","floor":16},{"not_picked":["MokouMod:Overheat","MokouMod:FlickeringFlame"],"picked":"MokouMod:ControlledCombustion+1","floor":18},{"not_picked":["MokouMod:EternalBurstReactor+1","MokouMod:UncontrollableSolarReaction+1"],"picked":"MokouMod:ExplosiveFlame","floor":19},{"not_picked":["MokouMod:Stoke","MokouMod:Firecracker"],"picked":"MokouMod:DanceofFlames+1","floor":20},{"not_picked":["MokouMod:IcarusDive","MokouMod:BlazingComet"],"picked":"MokouMod:HeatCyclone","floor":21}],"player_experience":490459,"relics_obtained":[{"floor":8,"key":"MawBank"},{"floor":11,"key":"HollowMod:LifeEnderRelic"}],"event_choices":[{"damage_healed":0,"gold_gain":0,"player_choice":"1 cards matched","damage_taken":0,"max_hp_gain":0,"max_hp_loss":0,"event_name":"Match and Keep!","floor":2,"gold_loss":0,"cards_obtained":["MokouMod:AdaptivePyromancy"]},{"damage_healed":0,"gold_gain":0,"player_choice":"Take Wound","damage_taken":0,"relics_obtained":["Golden Idol"],"max_hp_gain":0,"max_hp_loss":0,"event_name":"Golden Idol","floor":13,"gold_loss":0,"cards_obtained":["Injury"]}],"is_beta":false,"boss_relics":[{"not_picked":["MariMod:MariFestivalBadge","aspiration:FutureDiary"],"picked":"aspiration:RunicSpoon"}],"items_purged_floors":[],"is_endless":false,"potions_floor_spawned":[1,3,8,14,19],"killed_by":"conspire:HollyBat","ascension_level":0}}