{"host":"j4g6ia6asvpyu2b0","time":1607872457,"event":{"mods":["BaseMod","Colored Map","Minty Spire (QoL Compilation)","Permanent Neow","Quick Restart","Relic Stats","StSLib","Unceasing Turn Reminder"],"gold_per_floor":[419,133,145,155,175,201,201,232,232,257,276,276,276,291,291,395,395,407,407,426,248,267,267,293,293,293,324,324,337,60,86,86,184,184,204,221,221,221,185,211,211,246,246,246,263,263,263,263],"floor_reached":47,"playtime":1935,"items_purged":["Strike_G"],"score":745,"play_id":"4f66630b-3188-4eaf-be53-bb261fe149a8","local_time":"20201213081417","is_ascension_mode":true,"campfire_choices":[{"data":"Infinite Blades","floor":7,"key":"SMITH"},{"data":"Footwork","floor":13,"key":"SMITH"},{"data":"Footwork","floor":15,"key":"SMITH"},{"data":"Adrenaline","floor":23,"key":"SMITH"},{"data":"RitualDagger","floor":28,"key":"SMITH"},{"data":"Envenom","floor":32,"key":"SMITH"},{"data":"Noxious Fumes","floor":41,"key":"SMITH"},{"data":"Footwork","floor":44,"key":"SMITH"},{"data":"Burst","floor":46,"key":"SMITH"}],"circlet_count":0,"master_deck":["Strike_G+1","Strike_G+1","Strike_G+1","Strike_G+1","Defend_G+1","Defend_G+1","Defend_G+1","Defend_G+1","Defend_G+1","Survivor","Neutralize","Predator","Well Laid Plans","Dagger Throw","Footwork+1","Leg Sweep","Infinite Blades+1","Well Laid Plans","Dagger Spray","Distraction","Footwork+1","Adrenaline+1","Poisoned Stab","RitualDagger+1","Accuracy","Footwork+1","Blade Dance","Endless Agony+1","Flying Knee+1","Envenom+1","Infinite Blades","Blade Dance","Burst+1","Outmaneuver+1","PiercingWail","Noxious Fumes+1","Outmaneuver+1","Acrobatics+1","Acrobatics+1"],"relics":["Ring of the Snake","Old Coin","Mercury Hourglass","Mummified Hand","White Beast Statue","Unceasing Top","Lizard Tail","Philosopher\u0027s Stone","Ninja Scroll","Thread and Needle","CaptainsWheel","Anchor","Matryoshka","SacredBark","Akabeko","Ancient Tea Set","Smiling Mask"],"acts_visited":["Exordium","TheCity","TheBeyond"],"potions_floor_usage":[10,24],"damage_taken":[{"damage":0,"enemies":"Small Slimes","floor":1,"turns":3},{"damage":0,"enemies":"2 Louse","floor":3,"turns":2},{"damage":0,"enemies":"Jaw Worm","floor":4,"turns":3},{"damage":0,"enemies":"2 Fungi Beasts","floor":5,"turns":4},{"damage":17,"enemies":"3 Sentries","floor":6,"turns":7},{"damage":11,"enemies":"Gremlin Nob","floor":8,"turns":4},{"damage":0,"enemies":"3 Sentries","floor":10,"turns":5},{"damage":0,"enemies":"Lots of Slimes","floor":11,"turns":1},{"damage":9,"enemies":"Gremlin Gang","floor":14,"turns":3},{"damage":0,"enemies":"The Guardian","floor":16,"turns":15},{"damage":2,"enemies":"Shell Parasite","floor":18,"turns":6},{"damage":4,"enemies":"Chosen","floor":20,"turns":4},{"damage":21,"enemies":"Shelled Parasite and Fungi","floor":22,"turns":4},{"damage":6,"enemies":"Book of Stabbing","floor":24,"turns":5},{"damage":6,"enemies":"Slavers","floor":27,"turns":4},{"damage":0,"enemies":"Snake Plant","floor":29,"turns":2},{"damage":0,"enemies":"Book of Stabbing","floor":31,"turns":5},{"damage":6,"enemies":"Automaton","floor":33,"turns":8},{"damage":0,"enemies":"3 Shapes","floor":35,"turns":4},{"damage":0,"enemies":"3 Darklings","floor":36,"turns":3},{"damage":29,"enemies":"Nemesis","floor":40,"turns":5},{"damage":0,"enemies":"Reptomancer","floor":42,"turns":5},{"damage":0,"enemies":"Transient","floor":45,"turns":5},{"damage":3,"enemies":"4 Shapes","floor":47,"turns":3}],"seed_played":"-3227148976883629196","potions_obtained":[{"floor":1,"key":"Regen Potion"},{"floor":4,"key":"Ancient Potion"},{"floor":8,"key":"Energy Potion"},{"floor":10,"key":"PowerPotion"},{"floor":24,"key":"Poison Potion"},{"floor":29,"key":"DuplicationPotion"},{"floor":42,"key":"Strength Potion"}],"is_trial":false,"path_per_floor":["M","$","M","M","M","E","R","E","T","E","M","?","R","M","R","B",null,"M","?","M","$","M","R","E","?","T","E","R","M","$","E","R","B",null,"M","M","?","?","$","E","R","E","T","R","M","R","M"],"character_chosen":"THE_SILENT","items_purchased":["Mercury Hourglass","Well Laid Plans","Footwork","Blade Dance","Infinite Blades","Anchor","Blade Dance","Noxious Fumes"],"campfire_rested":0,"item_purchase_floors":[2,2,21,21,30,30,30,39],"current_hp_per_floor":[63,63,63,63,63,46,46,35,35,35,35,40,40,31,31,31,68,66,60,56,56,35,35,43,43,43,37,37,37,37,37,37,31,68,68,68,68,78,78,49,49,49,49,49,49,49,46,46],"gold":263,"neow_bonus":"ONE_RARE_RELIC","is_daily":false,"chose_seed":false,"campfire_upgraded":9,"win_rate":0.0,"timestamp":1607872457,"path_taken":["M","$","M","M","M","E","R","E","T","E","M","?","R","M","R","BOSS","M","?","M","$","M","R","E","?","T","E","R","M","$","E","R","BOSS","M","M","?","?","$","E","R","E","T","R","M","R","?"],"items_purchased_type":["Relic","Card","Card","Card","Card","Relic","Card","Card"],"build_version":"2020-11-30","purchased_purges":1,"victory":false,"max_hp_per_floor":[63,63,63,63,63,63,63,63,63,63,63,68,68,68,68,68,68,68,68,68,68,68,68,68,68,68,68,68,68,68,68,68,68,68,68,68,68,78,78,78,78,78,78,78,78,78,78,78],"relic_stats":{"Lizard Tail":0,"counters":[24,110],"Mummified Hand":[111],"Smiling Mask":0,"obtain_stats":[{"SacredBark":34,"Thread and Needle":26,"Ancient Tea Set":42,"Smiling Mask":43,"White Beast Statue":8,"Akabeko":40,"Old Coin":0,"Mercury Hourglass":2,"Lizard Tail":10,"CaptainsWheel":27,"Anchor":30,"Matryoshka":31,"Mummified Hand":6,"Ninja Scroll":24,"Philosopher\u0027s Stone":17,"Unceasing Top":9,"Ring of the Snake":0},{"SacredBark":18,"Thread and Needle":14,"Ancient Tea Set":22,"Smiling Mask":22,"White Beast Statue":6,"Akabeko":21,"Old Coin":0,"Mercury Hourglass":1,"Lizard Tail":7,"CaptainsWheel":15,"Anchor":16,"Matryoshka":17,"Mummified Hand":5,"Ninja Scroll":14,"Philosopher\u0027s Stone":10,"Unceasing Top":6,"Ring of the Snake":0},{"SacredBark":85,"Thread and Needle":66,"Ancient Tea Set":102,"Smiling Mask":102,"White Beast Statue":23,"Akabeko":97,"Old Coin":0,"Mercury Hourglass":3,"Lizard Tail":28,"CaptainsWheel":70,"Anchor":72,"Matryoshka":77,"Mummified Hand":19,"Ninja Scroll":66,"Philosopher\u0027s Stone":47,"Unceasing Top":23,"Ring of the Snake":0}],"Unceasing Top":[43],"Ring of the Snake":[48],"Mercury Hourglass":[418]},"card_choices":[{"not_picked":["Catalyst","Cloak And Dagger"],"picked":"Predator","floor":1},{"not_picked":["Acrobatics","Underhanded Strike"],"picked":"Dagger Throw","floor":3},{"not_picked":["Sucker Punch","Dagger Throw"],"picked":"Footwork","floor":4},{"not_picked":["Dagger Throw","PiercingWail"],"picked":"Leg Sweep","floor":5},{"not_picked":["Blade Dance","Dagger Throw"],"picked":"Infinite Blades","floor":6},{"not_picked":["Slice","Crippling Poison"],"picked":"Well Laid Plans","floor":8},{"not_picked":["Slice","Quick Slash"],"picked":"Dagger Spray","floor":10},{"not_picked":["Slice","Well Laid Plans"],"picked":"Distraction","floor":11},{"not_picked":["Flying Knee","Finisher"],"picked":"Footwork","floor":14},{"not_picked":["Storm of Steel","Phantasmal Killer"],"picked":"Adrenaline","floor":16},{"not_picked":["Dagger Throw","Cloak And Dagger"],"picked":"Poisoned Stab","floor":18},{"not_picked":["Eviscerate","Dagger Spray"],"picked":"Accuracy","floor":20},{"not_picked":["Heel Hook","Skewer"],"picked":"Endless Agony+1","floor":22},{"not_picked":["Well Laid Plans","Tactician+1","Underhanded Strike"],"picked":"SKIP","floor":24},{"not_picked":["Outmaneuver","Flechettes"],"picked":"Flying Knee+1","floor":27},{"not_picked":["Deadly Poison","Catalyst+1"],"picked":"Envenom","floor":29},{"not_picked":["Eviscerate","Backstab"],"picked":"Envenom","floor":31},{"not_picked":["Phantasmal Killer","Bullet Time"],"picked":"Burst","floor":33},{"not_picked":["Poisoned Stab","Acrobatics"],"picked":"Outmaneuver+1","floor":35},{"not_picked":["Predator","Dagger Spray"],"picked":"PiercingWail","floor":36},{"not_picked":["Distraction+1","Envenom"],"picked":"Outmaneuver+1","floor":40},{"not_picked":["Adrenaline","Terror+1"],"picked":"Acrobatics+1","floor":42},{"not_picked":["Bane+1","Flying Knee+1"],"picked":"Acrobatics+1","floor":45}],"player_experience":627333,"relics_obtained":[{"floor":6,"key":"Mummified Hand"},{"floor":8,"key":"White Beast Statue"},{"floor":9,"key":"Unceasing Top"},{"floor":10,"key":"Lizard Tail"},{"floor":24,"key":"Ninja Scroll"},{"floor":26,"key":"Thread and Needle"},{"floor":27,"key":"CaptainsWheel"},{"floor":31,"key":"Matryoshka"},{"floor":40,"key":"Akabeko"},{"floor":42,"key":"Ancient Tea Set"},{"floor":43,"key":"Smiling Mask"}],"event_choices":[{"damage_healed":0,"gold_gain":0,"player_choice":"Donut","damage_taken":0,"max_hp_gain":5,"max_hp_loss":0,"event_name":"Big Fish","floor":12,"gold_loss":0},{"damage_healed":0,"gold_gain":0,"player_choice":"Joined the Cult","damage_taken":6,"max_hp_gain":0,"max_hp_loss":0,"event_name":"Nest","floor":19,"gold_loss":0,"cards_obtained":["RitualDagger"]},{"damage_healed":0,"gold_gain":0,"player_choice":"Simplicity","damage_taken":0,"max_hp_gain":0,"max_hp_loss":0,"event_name":"Back to Basics","floor":25,"gold_loss":0,"cards_upgraded":["Strike_G","Strike_G","Strike_G","Strike_G","Defend_G","Defend_G","Defend_G","Defend_G","Defend_G"]},{"damage_healed":0,"gold_gain":0,"player_choice":"Ignored","damage_taken":0,"max_hp_gain":0,"max_hp_loss":0,"event_name":"Tomb of Lord Red Mask","floor":37,"gold_loss":0},{"cards_removed":["Envenom"],"damage_healed":0,"gold_gain":0,"player_choice":"Offered Rare","damage_taken":0,"max_hp_gain":10,"max_hp_loss":0,"event_name":"Bonfire Elementals","floor":38,"gold_loss":0}],"is_beta":false,"boss_relics":[{"not_picked":["Pandora\u0027s Box","Runic Pyramid"],"picked":"Philosopher\u0027s Stone"},{"not_picked":["HoveringKite","Velvet Choker"],"picked":"SacredBark"}],"items_purged_floors":[21],"is_endless":false,"potions_floor_spawned":[1,4,8,10,11,14,16,18,20,22,24,27,29,31,33,35,36,40,42,45],"killed_by":"4 Shapes","ascension_level":1}}