{"host":"3i0tc1zs9k2bo7un","time":1607847744,"event":{"mods":["Act Like it!","Aspiration","BaseMod","Better Synergies","Communication Mod","Gensokyo","Minty Spire (QoL Compilation)","MostiFishMod","Quick Restart","Replay The Spire","StSLib","TestMod","[IsaacMod]ÒÔÈö¼âËþ","¡¾ÒÅÎï¿¨ÅÆ¡¿REMEMod"],"gold_per_floor":[111,125,142,159,177,207,225,257,257,257,340,340,359,384,384,465,465,483,423,447,467,467,507,520,553,553,573,973,973,987,1016,1016,1090,1090,1109,1029,1047,1047,1057,1085,1085,1118,1141,1218,1247,1276,1313,1343,1355,1367,1379,1391,1403,930,958,958],"floor_reached":57,"playtime":2157,"items_purged":["Strike_B","Strike_B","Strike_B","Strike_B","MostiFishMod:DeathFromBelow"],"score":3241,"play_id":"d8340cd5-a2a5-442f-8e19-33068b089da9","local_time":"20201213162224","is_ascension_mode":true,"campfire_choices":[{"data":"REME_SelfUpgrade","floor":10.0,"key":"SMITH"},{"data":"Turbo","floor":12.0,"key":"SMITH"},{"floor":15.0,"key":"DIG"},{"data":"Coolheaded","floor":29.0,"key":"SMITH"},{"data":"MostiFishMod:Tomorrow","floor":32.0,"key":"SMITH"},{"data":"MostiFishMod:FourSeasons","floor":41.0,"key":"SMITH"},{"data":"MostiFishMod:ATRI","floor":41.0,"key":"SMITH"},{"floor":49.0,"key":"RECALL"},{"data":"ElectricPowerLearning","floor":53.0,"key":"SMITH"},{"data":"MostiFishMod:GoodWordForIt","floor":53.0,"key":"SMITH"}],"circlet_count":0,"master_deck":["AscendersBane","Defend_B","Defend_B","Defend_B","Defend_B","Zap","Dualcast","Turbo+1","REME_SelfUpgrade+1","MostiFishMod:ATRI+1","MostiFishMod:IntelligentEquipment","MostiFishMod:Tomorrow+1","ElectricPowerLearning+1","Recycle","Coolheaded+1","Capacitor+1","MostiFishMod:FourSeasons+1","Hologram+1","Coolheaded+1","Heatsinks","Creative AI","Creative AI","MostiFishMod:GoodWordForIt+1","Turbo+1","Storm+1","Amplify","Buffer","Capacitor+1","Heatsinks","REME_Shoggoth"],"relics":["Cracked Core","DaveBox","testmod-TestBox","HushsDoor","REME_ComplimentaryCards","BirthdayGift-Icosahedron","testmod-SaigiyounoYou","SalivaCoin","NeowsBlessing","Question Card","testmod-BlackFramedGlasses","aspiration:FaultyCoupler","HornCleat","Shuriken","ImportantClient","TakeMeEscape","Damocles","GuppysHairball","GuppysHead","Civilization","Ancient Tea Set","StrikeDummy","Mirror","Divine Protection","Akabeko","Vajra","Omamori","PunchingBag","Bottled Lightning","Torii","Old Coin","Bag of Preparation","REME_HandOfSuture","Emotion Chip","testmod-Fortitude","Replay:Bronze Core","DeadEye","Happy Flower","Replay:Arrowhead","Onion Ring","aspiration:AnachronicSnailShell","Pet Ghost","Du-Vu Doll","Bronze Scales","MawBank","testmod-IndustrialRevolution","ReplayTheSpireMod:TigerMarble","Blue Doll","aspiration:Lifesprig","aspiration:FrozenJewel","aspiration:MysteriousAuxiliaryCore","Orrery","DeathBook","ReplayFunnel"],"acts_visited":["Gensokyo:Gensokyo","Gensokyo:Gensokyoer","TheBeyond","TheEnding"],"potions_floor_usage":[],"damage_taken":[{"damage":0.0,"enemies":"Gensokyo:Python","floor":1.0,"turns":1.0},{"damage":0.0,"enemies":"Gensokyo:2_Kodama","floor":2.0,"turns":1.0},{"damage":0.0,"enemies":"Gensokyo:Gryphon","floor":3.0,"turns":1.0},{"damage":0.0,"enemies":"Gensokyo:CorruptedTreant","floor":4.0,"turns":2.0},{"damage":0.0,"enemies":"Gensokyo:LivingMonolith","floor":5.0,"turns":2.0},{"damage":0.0,"enemies":"Gensokyo:Mamizou","floor":6.0,"turns":4.0},{"damage":0.0,"enemies":"Gensokyo:Kitsune","floor":7.0,"turns":1.0},{"damage":0.0,"enemies":"Gensokyo:Cirno","floor":8.0,"turns":4.0},{"damage":0.0,"enemies":"Gensokyo:3_Kodama","floor":13.0,"turns":2.0},{"damage":0.0,"enemies":"Gensokyo:Mamizou","floor":14.0,"turns":4.0},{"damage":0.0,"enemies":"Gensokyo:Kokoro","floor":16.0,"turns":2.0},{"damage":0.0,"enemies":"Gensokyo:2_Gloops","floor":18.0,"turns":2.0},{"damage":6.0,"enemies":"Gensokyo:AngelMirror","floor":20.0,"turns":2.0},{"damage":0.0,"enemies":"Gensokyo:Wraith","floor":21.0,"turns":4.0},{"damage":24.0,"enemies":"Gensokyo:Tenshi","floor":23.0,"turns":3.0},{"damage":0.0,"enemies":"Gensokyo:Slime_Group","floor":24.0,"turns":1.0},{"damage":0.0,"enemies":"Gensokyo:Koishi","floor":25.0,"turns":3.0},{"damage":0.0,"enemies":"Gensokyo:Monolith_and_Dog","floor":27.0,"turns":2.0},{"damage":0.0,"enemies":"Gensokyo:Monolith_and_Dog","floor":28.0,"turns":3.0},{"damage":0.0,"enemies":"Gensokyo:Wraith","floor":30.0,"turns":4.0},{"damage":0.0,"enemies":"Gensokyo:Reisen","floor":31.0,"turns":1.0},{"damage":0.0,"enemies":"Gensokyo:Eternal_Rivals","floor":33.0,"turns":3.0},{"damage":0.0,"enemies":"3 Darklings","floor":35.0,"turns":1.0},{"damage":0.0,"enemies":"Orb Walker","floor":37.0,"turns":1.0},{"damage":0.0,"enemies":"Jaw Worm Horde","floor":39.0,"turns":1.0},{"damage":0.0,"enemies":"R_Hoarder","floor":40.0,"turns":1.0},{"damage":0.0,"enemies":"Nemesis","floor":42.0,"turns":1.0},{"damage":0.0,"enemies":"3 Darklings","floor":45.0,"turns":1.0},{"damage":0.0,"enemies":"Writhing Mass","floor":46.0,"turns":1.0},{"damage":0.0,"enemies":"R_Hoarder","floor":47.0,"turns":1.0},{"damage":0.0,"enemies":"Maw","floor":48.0,"turns":1.0},{"damage":0.0,"enemies":"Time Eater","floor":50.0,"turns":1.0},{"damage":0.0,"enemies":"Donu and Deca","floor":51.0,"turns":1.0},{"damage":0.0,"enemies":"Shield and Spear","floor":55.0,"turns":1.0},{"damage":0,"enemies":"Delirium","floor":56,"turns":6}],"seed_played":"871470445563510045","potions_obtained":[{"floor":2.0,"key":"Venom Potion"},{"floor":5.0,"key":"BlessingOfTheForge"},{"floor":16.0,"key":"SteroidPotion"},{"floor":20.0,"key":"Strength Potion"},{"floor":23.0,"key":"ColorlessPotion"}],"is_trial":false,"path_per_floor":["M","M","M","M","M","E","M","E","T","R","?","R","M","E","R","B",null,"M","$","M","M","?","E","M","E","T","M","?","R","M","E","R","B",null,"M","$","M","?","M","E","R","E","T","?","M","M","E","M","R","B","B",null,"R","$","E","B",null],"character_chosen":"DEFECT","items_purchased":["Damocles","GuppysHairball","GuppysHead","ElectricPowerLearning","MostiFishMod:DeathFromBelow","aspiration:MysteriousAuxiliaryCore","Orrery"],"campfire_rested":0,"item_purchase_floors":[17,17,17,17,34,54,54],"current_hp_per_floor":[66,69,71,71,71,71,71,71,71,71,56,56,71,71,71,71,32,32,32,33,35,35,26,43,49,49,57,66,66,76,89,89,104,93,115,115,139,139,167,197,197,229,229,138,191,242,297,353,353,410,476,490,490,490,547,602],"gold":958,"neow_bonus":"THREE_ENEMY_KILL","is_daily":false,"chose_seed":false,"campfire_upgraded":8,"win_rate":0.0,"timestamp":1607847744,"path_taken":["M","M","?","?","M","E","M","E","T","R","?","R","M","E","R","BOSS","M","$","M","M","?","E","M","E","T","M","?","R","M","E","R","BOSS","M","$","M","?","M","E","R","E","T","?","M","M","E","M","R","BOSS","BOSS","R","$","E","BOSS"],"items_purchased_type":["Relic","Relic","Relic","Card","Card","Relic","Relic"],"build_version":"2020-11-30","purchased_purges":5,"victory":true,"max_hp_per_floor":[71,71,71,71,71,71,71,71,71,71,71,71,71,71,71,71,32,32,32,33,35,35,38,43,49,49,57,66,66,76,89,89,104,93,115,115,139,139,167,197,197,229,229,229,268,309,352,397,397,444,494,494,494,494,547,602],"card_choices":[{"not_picked":["Heatsinks","BasicCrystalCard"],"picked":"Turbo","floor":1.0},{"not_picked":["Gash","Melter","Conserve Battery"],"picked":"REME_SelfUpgrade","floor":2.0},{"not_picked":["Cold Snap","ReplayGash","Coolheaded","Stack"],"picked":"SKIP","floor":3.0},{"not_picked":["Hologram","Rebound","BootSequence","FIFO Queue","Steam"],"picked":"SKIP","floor":4.0},{"not_picked":["Tempest","Go for the Eyes","aspiration:Polymerization","Pulse","Gash","Crystallizer"],"picked":"SKIP","floor":5.0},{"not_picked":["White Noise","Meteor Strike","Undo","BasicCrystalCard","ReplayTheSpireMod:Repulse","Crystallizer","ReplayTheSpireMod:GoodbyeWorld","Barrage"],"picked":"SKIP","floor":6.0},{"not_picked":["Leap","ReplayTheSpireMod:Repulse","Sunder","Gash"],"picked":"SKIP","floor":7.0},{"not_picked":["MostiFishMod:ReprogramOld","Sweeping Beam","BasicCrystalCard","REME_DataAnalysis","Rebound"],"picked":"SKIP","floor":8.0},{"not_picked":["Darkness","BasicCrystalCard","Force Field"],"picked":"MostiFishMod:ATRI","floor":13.0},{"not_picked":["Storm","Streamline","Go for the Eyes","Auto Shields","Steam","Conserve Battery","MostiFishMod:ReprogramOld"],"picked":"MostiFishMod:IntelligentEquipment","floor":14.0},{"not_picked":["MostiFishMod:GoodWordForIt","REME_ForAll","REME_Shoggoth","MostiFishMod:ReadyAimFire","MostiFishMod:SeaWaves"],"picked":"MostiFishMod:Tomorrow","floor":16.0},{"not_picked":["Genetic Algorithm","Gash","BootSequence+1"],"picked":"Recycle","floor":18.0},{"not_picked":["Streamline","Turbo","Go for the Eyes"],"picked":"Coolheaded","floor":20.0},{"not_picked":["Conserve Battery","Scrape+1","Stack","Gash","Steam+1"],"picked":"Capacitor+1","floor":21.0},{"not_picked":["Steam","Beam Cell","Rip and Tear","Go for the Eyes","Crystallizer","Rebound"],"picked":"SKIP","floor":23.0},{"not_picked":["Gash","ReplayGash+1","ReplayTheSpireMod:System Scan","Leap+1","Redo","Sweeping Beam","BasicCrystalCard"],"picked":"MostiFishMod:FourSeasons","floor":24.0},{"not_picked":["Cold Snap+1","Self Repair","Go for the Eyes","Redo","Crystallizer+1"],"picked":"Hologram+1","floor":25.0},{"not_picked":["Distribution+1","Auto Shields","BasicCrystalCard","Beam Cell","Gash","White Noise","Ball Lightning","Double Energy+1"],"picked":"SKIP","floor":27.0},{"not_picked":["MostiFishMod:Prepare","Steam Power","Gash","Blizzard","Distribution+1","Cold Snap","ReplayGash+1"],"picked":"Coolheaded+1","floor":28.0},{"not_picked":["Cold Snap","Coolheaded","Compile Driver","Conserve Battery","Panic Button","Sweeping Beam"],"picked":"SKIP","floor":30.0},{"not_picked":["Auto Shields","Steam+1","Panic Button"],"picked":"Heatsinks","floor":31.0},{"not_picked":["Electrodynamics","MostiFishMod:IntelligentEquipment","MostiFishMod:FourSeasons","REME_ForAll","MostiFishMod:InterfaceCompatibility","MostiFishMod:IceShield","ReplayTheSpireMod:Omega Cannon"],"picked":"Creative AI","floor":33.0},{"not_picked":["Streamline","REME_Compress","Tempest+1","Panic Button","Conserve Battery+1","Redo"],"picked":"SKIP","floor":35.0},{"not_picked":["Fusion+1","Chaos","Rebound+1","BasicCrystalCard+1","Ball Lightning","Panic Button"],"picked":"SKIP","floor":37.0},{"not_picked":["Fan","Cancel+1","Leap","Gash","Distribution","Static Discharge"],"picked":"SKIP","floor":39.0},{"not_picked":["Streamline","Compile Driver","Scrape","Auto Shields","Turbo","Sweeping Beam","Hologram"],"picked":"Creative AI","floor":40.0},{"not_picked":["Gash","Beam Cell","Blizzard","FIFO Queue","Leap"],"picked":"MostiFishMod:GoodWordForIt","floor":42.0},{"not_picked":["Streamline","Static Discharge","Fan+1"],"picked":"Turbo+1","floor":44.0},{"not_picked":["Streamline","BasicCrystalCard","Cold Snap+1"],"picked":"Storm+1","floor":45.0},{"not_picked":["Streamline","Redo","Turbo","Ball Lightning"],"picked":"SKIP","floor":46.0},{"not_picked":["Sunder+1","Leap","REME_Whirling","Reboot"],"picked":"SKIP","floor":47.0},{"not_picked":["Sunder+1","Leap","REME_Whirling","Reboot"],"picked":"SKIP","floor":47.0},{"not_picked":["Go for the Eyes","Ball Lightning","Cold Snap+1","Leap"],"picked":"SKIP","floor":48.0},{"not_picked":["Rebound","Turbo","Barrage"],"picked":"Amplify","floor":54.0},{"not_picked":["Ball Lightning","Turbo","Loop"],"picked":"Buffer","floor":54.0},{"not_picked":["Consume","Defragment","Sweeping Beam"],"picked":"Capacitor+1","floor":54.0},{"not_picked":["Cold Snap","Tempest","Rebound"],"picked":"Heatsinks","floor":54.0},{"not_picked":["Go for the Eyes","Time Bomb","Sweeping Beam"],"picked":"REME_Shoggoth","floor":54.0},{"not_picked":["Panic Button+1","REME_Compress","Streamline","Self Repair"],"picked":"SKIP","floor":55.0}],"player_experience":632599,"relics_obtained":[{"floor":1.0,"key":"Question Card"},{"floor":6.0,"key":"testmod-BlackFramedGlasses"},{"floor":8.0,"key":"aspiration:FaultyCoupler"},{"floor":14.0,"key":"HornCleat"},{"floor":15.0,"key":"Shuriken"},{"floor":16.0,"key":"ImportantClient"},{"floor":18.0,"key":"Civilization"},{"floor":20.0,"key":"Ancient Tea Set"},{"floor":21.0,"key":"StrikeDummy"},{"floor":23.0,"key":"Mirror"},{"floor":23.0,"key":"Divine Protection"},{"floor":24.0,"key":"Akabeko"},{"floor":25.0,"key":"Vajra"},{"floor":25.0,"key":"Omamori"},{"floor":26.0,"key":"PunchingBag"},{"floor":27.0,"key":"Bottled Lightning"},{"floor":28.0,"key":"Torii"},{"floor":28.0,"key":"Old Coin"},{"floor":28.0,"key":"Bag of Preparation"},{"floor":30.0,"key":"REME_HandOfSuture"},{"floor":31.0,"key":"Emotion Chip"},{"floor":31.0,"key":"testmod-Fortitude"},{"floor":35.0,"key":"DeadEye"},{"floor":37.0,"key":"Happy Flower"},{"floor":39.0,"key":"Replay:Arrowhead"},{"floor":40.0,"key":"Onion Ring"},{"floor":40.0,"key":"aspiration:AnachronicSnailShell"},{"floor":42.0,"key":"Pet Ghost"},{"floor":42.0,"key":"Du-Vu Doll"},{"floor":43.0,"key":"Bronze Scales"},{"floor":44.0,"key":"MawBank"},{"floor":45.0,"key":"testmod-IndustrialRevolution"},{"floor":46.0,"key":"ReplayTheSpireMod:TigerMarble"},{"floor":47.0,"key":"Blue Doll"},{"floor":47.0,"key":"aspiration:Lifesprig"},{"floor":48.0,"key":"aspiration:FrozenJewel"},{"floor":55.0,"key":"DeathBook"},{"floor":55.0,"key":"ReplayFunnel"}],"event_choices":[],"is_beta":false,"boss_relics":[{"not_picked":["testmod-DreamHouse","TimeKeys"],"picked":"TakeMeEscape"},{"not_picked":[]},{"not_picked":["BloodWine","FixedStarFall"],"picked":"Replay:Bronze Core"},{"not_picked":[]}],"items_purged_floors":[17,19,34,36,54],"is_endless":false,"potions_floor_spawned":[2,5,8,14,16,20,23,24,30,31,33,39,42,45,46],"ascension_level":20}}