{"host":"y76x98twjnyyxs83","time":1607895760,"event":{"mods":["BaseMod","Colored Powertips","Minty Spire (QoL Compilation)","Permanent Neow","Quick Restart","Rare Cards Sparkle","Relic Stats","StSLib"],"gold_per_floor":[117,33,46,60,60,91,91,107,107,139,157,177,202,240,240,328,328,352,373,553,148,161,203,224,256,280,330,38,38,38],"floor_reached":29,"playtime":1123,"items_purged":["Strike_P","Defend_P"],"score":720,"play_id":"4de12e08-6121-4edb-89ee-92ec13dfab1c","local_time":"20201214054240","is_ascension_mode":true,"campfire_choices":[{"data":"SandsOfTime","floor":7.0,"key":"SMITH"},{"data":"WheelKick","floor":15.0,"key":"SMITH"}],"circlet_count":0,"master_deck":["AscendersBane","Strike_P","Strike_P","Defend_P","Defend_P","Defend_P","Eruption","Vigilance","ForeignInfluence","SandsOfTime+1","CutThroughFate+1","CutThroughFate","Tantrum","FearNoEvil","WheelKick+1","DeusExMachina","Wallop","EmptyFist","Wallop","WheelKick+1","Conclude+1","MentalFortress","Protect","Swivel","CrushJoints+1"],"relics":["SacredBark","Eternal Feather","Question Card","Anchor","CeramicFish","Snecko Eye","DollysMirror","Potion Belt","Juzu Bracelet","Whetstone","Orrery"],"acts_visited":["Exordium","TheCity"],"potions_floor_usage":[],"damage_taken":[{"damage":11.0,"enemies":"Jaw Worm","floor":1.0,"turns":5.0},{"damage":7.0,"enemies":"Cultist","floor":3.0,"turns":3.0},{"damage":2.0,"enemies":"2 Louse","floor":4.0,"turns":3.0},{"damage":0.0,"enemies":"Lagavulin","floor":6.0,"turns":4.0},{"damage":30.0,"enemies":"Lots of Slimes","floor":8.0,"turns":5.0},{"damage":32.0,"enemies":"3 Sentries","floor":10.0,"turns":5.0},{"damage":2.0,"enemies":"Exordium Wildlife","floor":11.0,"turns":3.0},{"damage":0.0,"enemies":"3 Louse","floor":12.0,"turns":2.0},{"damage":0.0,"enemies":"Lagavulin","floor":14.0,"turns":4.0},{"damage":46.0,"enemies":"Hexaghost","floor":16.0,"turns":7.0},{"damage":0.0,"enemies":"Chosen","floor":18.0,"turns":2.0},{"damage":14.0,"enemies":"3 Byrds","floor":19.0,"turns":3.0},{"damage":5.0,"enemies":"Sentry and Sphere","floor":22.0,"turns":3.0},{"damage":16.0,"enemies":"Gremlin Leader","floor":23.0,"turns":5.0},{"damage":0.0,"enemies":"Snecko","floor":24.0,"turns":2.0},{"damage":0.0,"enemies":"Slavers","floor":25.0,"turns":2.0},{"damage":9,"enemies":"Book of Stabbing","floor":29,"turns":2}],"seed_played":"-7064898326816003139","potions_obtained":[{"floor":1.0,"key":"Fruit Juice"},{"floor":4.0,"key":"Strength Potion"},{"floor":6.0,"key":"FairyPotion"},{"floor":11.0,"key":"DistilledChaos"},{"floor":16.0,"key":"Swift Potion"},{"floor":18.0,"key":"Ancient Potion"},{"floor":24.0,"key":"Explosive Potion"}],"is_trial":false,"path_per_floor":["M","$","M","M","?","E","R","M","T","E","M","M","T","E","R","B",null,"M","M","?","$","M","E","M","E","T","?","$","E"],"character_chosen":"WATCHER","items_purchased":["DistilledChaos","Wallop","Fire Potion","EssenceOfSteel","DollysMirror","PowerPotion","Orrery"],"campfire_rested":0,"item_purchase_floors":[2,21,21,21,21,28,28],"current_hp_per_floor":[50,50,43,51,51,51,57,27,27,46,44,44,44,44,53,7,60,60,46,27,27,22,6,6,6,6,6,6,0,0],"gold":38,"neow_bonus":"BOSS_RELIC","is_daily":false,"chose_seed":false,"campfire_upgraded":2,"win_rate":0.0,"timestamp":1607895760,"path_taken":["M","$","M","M","?","E","R","M","T","E","?","M","?","E","R","BOSS","M","M","?","$","M","E","M","E","T","?","$","E"],"items_purchased_type":["Potion","Card","Potion","Potion","Relic","Potion","Relic"],"build_version":"2020-11-30","purchased_purges":2,"victory":false,"max_hp_per_floor":[68,68,68,78,78,78,78,78,78,78,78,78,78,78,78,78,78,78,78,78,78,78,78,78,78,78,78,78,78,78],"relic_stats":{"counters":[17,60],"CeramicFish":99,"Snecko Eye":[40,30,44,34],"Eternal Feather":15,"Juzu Bracelet":1,"Whetstone":["CutThroughFate","Conclude"],"Question Card":16,"obtain_stats":[{"Potion Belt":23,"Anchor":10,"DollysMirror":21,"SacredBark":0,"CeramicFish":14,"Snecko Eye":17,"Orrery":28,"Eternal Feather":6,"Juzu Bracelet":25,"Whetstone":26,"PureWater":0,"Question Card":9},{"Potion Belt":14,"Anchor":6,"DollysMirror":12,"SacredBark":0,"CeramicFish":9,"Snecko Eye":10,"Orrery":16,"Eternal Feather":4,"Juzu Bracelet":16,"Whetstone":16,"PureWater":0,"Question Card":5},{"Potion Belt":54,"Anchor":25,"DollysMirror":46,"SacredBark":0,"CeramicFish":34,"Snecko Eye":41,"Orrery":58,"Eternal Feather":15,"Juzu Bracelet":58,"Whetstone":58,"PureWater":0,"Question Card":20}]},"card_choices":[{"not_picked":["InnerPeace","SashWhip","Evaluate"],"picked":"SKIP","floor":1.0},{"not_picked":["Worship","Protect"],"picked":"ForeignInfluence","floor":3.0},{"not_picked":["Prostrate","Fasting2"],"picked":"SandsOfTime","floor":4.0},{"not_picked":["Perseverance","Omniscience"],"picked":"CutThroughFate","floor":6.0},{"not_picked":["Fasting2","EmptyBody","Perseverance"],"picked":"SKIP","floor":8.0},{"not_picked":["Halt","ThirdEye","ReachHeaven"],"picked":"CutThroughFate","floor":10.0},{"not_picked":["Crescendo","BowlingBash","FlyingSleeves"],"picked":"Tantrum","floor":11.0},{"not_picked":["Collect","Halt","CutThroughFate"],"picked":"FearNoEvil","floor":12.0},{"not_picked":["Fasting2","DevaForm","JustLucky"],"picked":"WheelKick","floor":14.0},{"not_picked":["Alpha","Devotion","Judgement"],"picked":"DeusExMachina","floor":16.0},{"not_picked":["Crescendo","TalkToTheHand","FlyingSleeves"],"picked":"Wallop","floor":18.0},{"not_picked":["Prostrate","FollowUp","Sanctity"],"picked":"EmptyFist","floor":19.0},{"not_picked":["Crescendo","FlurryOfBlows","Halt","Weave+1"],"picked":"SKIP","floor":22.0},{"not_picked":["EmptyBody","ThirdEye","Swivel"],"picked":"Conclude","floor":23.0},{"not_picked":["SashWhip","DeceiveReality","ThirdEye"],"picked":"MentalFortress","floor":24.0},{"not_picked":["Pray","Crescendo","Scrawl","Conclude"],"picked":"SKIP","floor":25.0},{"not_picked":["Consecrate","FlurryOfBlows","Halt"],"picked":"Protect","floor":28.0},{"not_picked":["CutThroughFate","FollowUp+1","Brilliance"],"picked":"Swivel","floor":28.0},{"not_picked":["Evaluate","Protect","WheelKick"],"picked":"CrushJoints+1","floor":28.0}],"player_experience":1084649,"relics_obtained":[{"floor":6.0,"key":"Eternal Feather"},{"floor":9.0,"key":"Question Card"},{"floor":10.0,"key":"Anchor"},{"floor":14.0,"key":"CeramicFish"},{"floor":23.0,"key":"Potion Belt"},{"floor":25.0,"key":"Juzu Bracelet"},{"floor":26.0,"key":"Whetstone"}],"event_choices":[{"cards_removed":["Strike_P"],"damage_healed":0.0,"max_hp_gain":0.0,"max_hp_loss":0.0,"gold_gain":0.0,"event_name":"Bonfire Elementals","player_choice":"Offered Basic","floor":5.0,"gold_loss":0.0,"damage_taken":0.0},{"damage_healed":0.0,"max_hp_gain":0.0,"max_hp_loss":0.0,"gold_gain":180.0,"event_name":"Knowing Skull","player_choice":"GOLD GOLD ","floor":20.0,"potions_obtained":[],"gold_loss":0.0,"damage_taken":19.0,"cards_obtained":[]},{"damage_healed":0.0,"max_hp_gain":0.0,"max_hp_loss":0.0,"gold_gain":50.0,"event_name":"Nest","player_choice":"Stole From Cult","floor":27.0,"gold_loss":0.0,"damage_taken":0.0}],"is_beta":false,"boss_relics":[{"not_picked":["Astrolabe","Black Star"],"picked":"Snecko Eye"}],"items_purged_floors":[21,28],"is_endless":false,"potions_floor_spawned":[1,4,6,11,16,18,22,24],"killed_by":"Book of Stabbing","ascension_level":20}}