{"host":"nljp4tk11zt4gqcq","time":1607832266,"event":{"mods":["2.2 Compatiblity","Bard","BaseMod","Beaked The Cultist","Better Third Choice","Conspire","Downfall","Friendly Minions","Hermit","Hubris","Jorbs\u0027s Wanderer Trilogy","Minty Spire (QoL Compilation)","Rare Cards Sparkle","Relic Stats","Replay The Spire","Robot Space Explorer","Spicy Shops","StSLib","The Bladedancer","The Bug Knight","The Construct","The Cursed","The Disciple","The Forsaken","The Hierophant","The Jungle","The Runesmith","The Servant 0.9.4","UnlockEverythingMod"],"gold_per_floor":[112,126,137,137,137,170,170,181,181,193,221,233,251,251,251,354,354,366,384,399,418,418,452,452,471,553,553,567,467,467,484,484,484,484],"floor_reached":33,"playtime":7762,"items_purged":[],"score":273,"play_id":"f40e7c21-1fe0-4f90-ad2f-d1b8dda2ae4e","local_time":"20201212200426","is_ascension_mode":false,"campfire_choices":[{"floor":7.0,"key":"REST"},{"floor":15.0,"key":"REST"},{"floor":27,"key":"REST"},{"floor":30,"key":"REST"},{"floor":32,"key":"REST"}],"circlet_count":0,"master_deck":["theForsaken:TheForsaken_Strike","theForsaken:TheForsaken_Strike","theForsaken:TheForsaken_Strike","theForsaken:TheForsaken_Strike","theForsaken:TheForsaken_Defend","theForsaken:TheForsaken_Defend","theForsaken:TheForsaken_Defend","theForsaken:Smite","theForsaken:Penitence","The Bomb","theForsaken:RainingSunlight+1","theForsaken:Eulogy","theForsaken:Bolster+1","theForsaken:Enfeeble","theForsaken:QuickAttack","theForsaken:PowerUp","theForsaken:CorruptedForm","theForsaken:DefensiveStance","theForsaken:FuryStrikes+1","theForsaken:TearsOfSunlight","theForsaken:MagicWeapon+1","theForsaken:Eulogy","theForsaken:WordsOfMight","theForsaken:Parry+1","Delirium","theForsaken:MagicWeapon","hubris:Envy","theForsaken:FuryStrikes+1","conspire:SpireCoStock","conspire:SpireCoStock"],"relics":["theForsaken:JudgementScales","conspire:Boomerang","Mercury Hourglass","Incense Burner","Cursed Key","Whetstone","Frozen Egg 2"],"acts_visited":["Exordium","TheCity"],"potions_floor_usage":[16,23,23,33,33],"damage_taken":[{"damage":15.0,"enemies":"Jaw Worm","floor":1.0,"turns":4.0},{"damage":0.0,"enemies":"Cultist","floor":2.0,"turns":4.0},{"damage":0.0,"enemies":"Small Slimes","floor":3.0,"turns":3.0},{"damage":19.0,"enemies":"Lagavulin","floor":6.0,"turns":8.0},{"damage":17.0,"enemies":"3 Louse","floor":8.0,"turns":3.0},{"damage":13.0,"enemies":"Lots of Slimes","floor":10.0,"turns":2.0},{"damage":11.0,"enemies":"Large Slime","floor":12.0,"turns":4.0},{"damage":1.0,"enemies":"Red Slaver","floor":13.0,"turns":4.0},{"damage":3,"enemies":"Hexaghost","floor":16,"turns":10},{"damage":21,"enemies":"conspire:FuzzyDice","floor":18,"turns":5},{"damage":12,"enemies":"Spheric Guardian","floor":19,"turns":4},{"damage":23,"enemies":"Shelled Parasite and Fungi","floor":20,"turns":6},{"damage":21,"enemies":"Snake Plant","floor":21,"turns":3},{"damage":6,"enemies":"conspire:SneckoGhost","floor":23,"turns":6},{"damage":0,"enemies":"conspire:HollyBat","floor":25,"turns":7},{"damage":10,"enemies":"Chosen and Byrds","floor":28,"turns":3},{"damage":21,"enemies":"Snake Plant","floor":31,"turns":3},{"damage":40,"enemies":"hubris:MusketHawk","floor":33,"turns":6}],"seed_played":"8085477350513416890","potions_obtained":[{"floor":8.0,"key":"FearPotion"},{"floor":12.0,"key":"ColorlessPotion"},{"floor":13.0,"key":"Doom Potion"},{"floor":20,"key":"Slimebound:ThreeZeroPotion"},{"floor":21,"key":"Languid Potion"},{"floor":25,"key":"Strength Potion"},{"floor":31,"key":"Milkshake"}],"is_trial":false,"path_per_floor":["M","M","M","$","?","E","R","M","T","M","?","M","M","?","R","B",null,"M","M","M","M","?","E","?","M","T","R","M","?","R","M","R","B"],"character_chosen":"THE_FORSAKEN","items_purchased":[],"campfire_rested":5,"item_purchase_floors":[],"current_hp_per_floor":[48,53,53,53,53,34,51,36,36,23,23,14,15,15,32,29,59,50,38,24,4,4,1,1,5,5,22,12,12,29,8,25,0,0],"gold":484,"neow_bonus":"RANDOM_COLORLESS_2","is_daily":false,"chose_seed":false,"campfire_upgraded":0,"win_rate":0.0,"timestamp":1607832266,"path_taken":["M","M","M","$","?","E","R","M","T","?","?","M","M","?","R","BOSS","M","M","M","?","?","E","?","?","T","R","M","?","R","M","R","BOSS"],"items_purchased_type":[],"build_version":"2020-11-30","purchased_purges":0,"victory":false,"max_hp_per_floor":[59,59,59,59,59,59,59,59,59,59,59,59,59,59,59,59,59,59,59,59,59,59,59,59,59,59,59,59,59,59,59,59,59,59],"relic_stats":{"counters":[18,85],"Whetstone":["theForsaken:FuryStrikes","theForsaken:RainingSunlight"],"Cursed Key":1,"obtain_stats":[{"conspire:Boomerang":6,"Incense Burner":11,"Whetstone":23,"Frozen Egg 2":26,"theForsaken:JudgementScales":0,"Cursed Key":17,"Mercury Hourglass":9},{"conspire:Boomerang":4,"Incense Burner":6,"Whetstone":14,"Frozen Egg 2":15,"theForsaken:JudgementScales":0,"Cursed Key":9,"Mercury Hourglass":5},{"conspire:Boomerang":19,"Incense Burner":24,"Whetstone":66,"Frozen Egg 2":73,"theForsaken:JudgementScales":0,"Cursed Key":42,"Mercury Hourglass":22}],"Mercury Hourglass":[174]},"card_choices":[{"not_picked":["Metamorphosis","HandOfGreed"],"picked":"The Bomb","floor":0.0},{"not_picked":["theForsaken:HymnOfPatience","theForsaken:ScorchingSunlight"],"picked":"theForsaken:RainingSunlight","floor":1.0},{"not_picked":["theForsaken:RainingSunlight","theForsaken:ScorchingSunlight"],"picked":"theForsaken:Eulogy","floor":2.0},{"not_picked":["theForsaken:HymnOfRest","theForsaken:BountifulSunlight"],"picked":"theForsaken:Bolster","floor":3.0},{"not_picked":["theForsaken:CorruptedWord","theForsaken:NobleSacrifice"],"picked":"theForsaken:Enfeeble","floor":6.0},{"not_picked":["theForsaken:WordsOfMight","theForsaken:MagicWeapon"],"picked":"theForsaken:QuickAttack","floor":8.0},{"not_picked":["theForsaken:FatRoll","theForsaken:StoreUp"],"picked":"theForsaken:PowerUp","floor":10.0},{"not_picked":["theForsaken:StoreUp","theForsaken:ShieldBash"],"picked":"theForsaken:CorruptedForm","floor":11.0},{"not_picked":["theForsaken:PanicDive","theForsaken:Eulogy"],"picked":"theForsaken:DefensiveStance","floor":12.0},{"not_picked":["theForsaken:RainingSunlight","theForsaken:WordsOfPestilence"],"picked":"theForsaken:FuryStrikes","floor":13.0},{"not_picked":["theForsaken:Mantra","theForsaken:Purification"],"picked":"theForsaken:TearsOfSunlight","floor":16},{"not_picked":["theForsaken:Terrorize+1","theForsaken:LightRoll"],"picked":"theForsaken:MagicWeapon+1","floor":18},{"not_picked":["theForsaken:Riposte","theForsaken:FatRoll"],"picked":"theForsaken:Eulogy","floor":19},{"not_picked":["theForsaken:HorrifyingStrike","theForsaken:WordsOfPestilence"],"picked":"theForsaken:WordsOfMight","floor":20},{"not_picked":["theForsaken:QuickAttack","theForsaken:CowardsBrand+1"],"picked":"theForsaken:Parry+1","floor":21},{"not_picked":["theForsaken:HymnOfPatience","theForsaken:NobleSacrifice","theForsaken:ChargeAttack"],"picked":"SKIP","floor":23},{"not_picked":["theForsaken:ScorchingSunlight","theForsaken:Preservation+1"],"picked":"theForsaken:MagicWeapon","floor":25},{"not_picked":["theForsaken:Devotion","theForsaken:CreepingInfection+1"],"picked":"theForsaken:FuryStrikes+1","floor":28},{"not_picked":["theForsaken:Parry","theForsaken:Terrorize+1","theForsaken:CorruptedForm+1"],"picked":"SKIP","floor":31}],"player_experience":254075,"relics_obtained":[{"floor":6.0,"key":"conspire:Boomerang"},{"floor":9.0,"key":"Mercury Hourglass"},{"floor":11.0,"key":"Incense Burner"},{"floor":23,"key":"Whetstone"},{"floor":26,"key":"Frozen Egg 2"}],"event_choices":[{"damage_healed":0.0,"max_hp_gain":0.0,"max_hp_loss":0.0,"gold_gain":0.0,"event_name":"Upgrade Shrine","player_choice":"Upgraded","floor":5.0,"gold_loss":0.0,"damage_taken":0.0,"cards_upgraded":["theForsaken:Bolster"]},{"cards_removed":["theForsaken:TheForsaken_Defend"],"damage_healed":0.0,"max_hp_gain":0.0,"max_hp_loss":0.0,"gold_gain":0.0,"event_name":"Purifier","player_choice":"Purged","floor":14.0,"gold_loss":0.0,"damage_taken":0.0},{"damage_healed":0,"gold_gain":0,"player_choice":"1 cards matched","damage_taken":0,"max_hp_gain":0,"max_hp_loss":0,"event_name":"Match and Keep!","floor":24,"gold_loss":0,"cards_obtained":["Delirium"]},{"damage_healed":0,"gold_gain":0,"player_choice":"Invest 2","damage_taken":0,"max_hp_gain":0,"max_hp_loss":0,"event_name":"conspire:Investor","floor":29,"gold_loss":0}],"is_beta":false,"boss_relics":[{"not_picked":["Ectoplasm","Replay:Bronze Core"],"picked":"Cursed Key"}],"items_purged_floors":[],"is_endless":false,"potions_floor_spawned":[8,12,13,20,21,25,31],"killed_by":"hubris:MusketHawk","ascension_level":0}}