{"host":"ktg5lwritr12xyhv","time":1607859561,"event":{"mods":["Aspiration","BaseMod","Challenge The Spire","Conspire","Hermit","Koishi","KomeijiMod","Minty Spire (QoL Compilation)","Quick Restart","Relic Stats","Replay The Spire","RumiaBox-露米娅的神秘盒子","SIMod","Spicy Shops","StSLib","vexMod","【东方二次创作】八云紫mod","篝火指南"],"gold_per_floor":[174,184,184,197,10,44,44,78,157,157,170,203,203,214,214,314,314,330,330,330,350,365,395,406,434,480,480,480,514,130,175,175,297,297,331,353,353,361,399,442,495,553,553,610,667,667,758,658,247,263,263,263,24,81,93],"floor_reached":56,"playtime":5951,"items_purged":["Strike_Remiria","Strike_Remiria","Strike_Remiria","Defend_Remirira+1"],"score":1635,"play_id":"7251f6c6-7dbf-41b4-83be-f89082d38523","local_time":"20201213193921","is_ascension_mode":true,"campfire_choices":[{"data":"Absorbed","floor":7.0,"key":"SMITH"},{"data":"FateEnsemble","floor":10.0,"key":"SMITH"},{"data":"FastHealing","floor":13.0,"key":"SMITH"},{"data":"BodyStrengthen","floor":15.0,"key":"SMITH"},{"data":"ThirstForBlood","floor":28.0,"key":"SMITH"},{"data":"BathedInBlood","floor":32,"key":"SMITH"},{"floor":46,"key":"RECALL"},{"data":"Dual Wield","floor":52,"key":"SMITH"}],"circlet_count":0,"master_deck":["Strike_Remiria+1","Defend_Remirira+1","Defend_Remirira+1","Defend_Remirira+1","Absorbed+1","Scratch+1","BodyStrengthen+1","BloodCleaner+1","FateEnsemble+1","BathedInBlood+1","RocketKickup+1","DoubleEdge+1","FastHealing+1","BodyStrengthen+1","TricksterDevil+1","FateCollect+1","DemonsDinnerFork+1","hermit:LuckOfTheDraw+1","Secret Technique+1","CurseofVladTepes+1","StigmaNizer+1","Double Tap+1","BadLadyScramble+1","Dual Wield+1","Computing_the_future_purpleEX+1","Koishi:Bloodlust","VampirishNight","CurseofVladTepes+1","ReplayTheSpireMod:Muscle Training"],"relics":["ThirstyCrossSpe","aspiration:Nostalgia","Koishi:ImaginaryFriend","Potion Belt","conspire:TopHat","MagicDraw4","ReplayFunnel","Coffee Dripper","PrismaticShard","Golden Egg","FossilizedHelix","Art of War","MealTicket","Membership Card","BargainBundle","Replay:Bandana","conspire:SpecialSausage","WingedGreaves","aspiration:SeaSaltIceCream","Letter Opener","Dream Catcher","SecretRecord","Snack Pack","Replay:Wax Seal","Toolbox","Turnip","GodSword3","vexMod:Dragonfruit","GodSword1"],"acts_visited":["Exordium","TheCity","TheBeyond","TheEnding"],"potions_floor_usage":[31,33,45,50,54,55,55,55],"damage_taken":[{"damage":7.0,"enemies":"Jaw Worm","floor":1.0,"turns":3.0},{"damage":0.0,"enemies":"Cultist","floor":2.0,"turns":4.0},{"damage":0.0,"enemies":"2 Louse","floor":4.0,"turns":2.0},{"damage":2.0,"enemies":"Replay:BlueRogue","floor":6.0,"turns":6.0},{"damage":12.0,"enemies":"Lagavulin","floor":8.0,"turns":8.0},{"damage":0.0,"enemies":"Blue Slaver","floor":11.0,"turns":2.0},{"damage":0.0,"enemies":"Replay:BlueRogue","floor":12.0,"turns":6.0},{"damage":6.0,"enemies":"Exordium Wildlife","floor":14.0,"turns":3.0},{"damage":71.0,"enemies":"Fading Forest","floor":16.0,"turns":11.0},{"damage":12.0,"enemies":"conspire:FuzzyDice","floor":18.0,"turns":6.0},{"damage":0.0,"enemies":"3 Byrds","floor":21.0,"turns":6.0},{"damage":5.0,"enemies":"Snake Plant","floor":22.0,"turns":3.0},{"damage":10.0,"enemies":"conspire:Head Lice","floor":23.0,"turns":5.0},{"damage":6.0,"enemies":"Snecko","floor":24.0,"turns":6.0},{"damage":1.0,"enemies":"Replay:Snechameleon","floor":25.0,"turns":7.0},{"damage":3.0,"enemies":"conspire:SneckoGhost","floor":29.0,"turns":6.0},{"damage":0,"enemies":"Cultist and Chosen","floor":31,"turns":5},{"damage":7,"enemies":"Pondfish","floor":33,"turns":7},{"damage":0,"enemies":"Orb Walker","floor":35,"turns":4},{"damage":0,"enemies":"3 Shapes","floor":36,"turns":2},{"damage":63,"enemies":"3 Shapes","floor":38,"turns":11},{"damage":0,"enemies":"Jaw Worm Horde","floor":39,"turns":3},{"damage":1,"enemies":"R_Hoarder","floor":40,"turns":6},{"damage":27,"enemies":"Giant Head","floor":41,"turns":5},{"damage":1,"enemies":"Reptomancer","floor":42,"turns":3},{"damage":1,"enemies":"3 Darklings","floor":44,"turns":3},{"damage":0,"enemies":"R_Hoarder","floor":45,"turns":8},{"damage":1,"enemies":"Reptomancer","floor":47,"turns":3},{"damage":26,"enemies":"conspire:OrnateMirror","floor":50,"turns":5},{"damage":0,"enemies":"Shield and Spear","floor":54,"turns":4},{"damage":16,"enemies":"The Heart","floor":55,"turns":7}],"seed_played":"-7340235862836457467","potions_obtained":[{"floor":4.0,"key":"ExcitationPotion"},{"floor":8.0,"key":"RedTea"},{"floor":12.0,"key":"Block Potion"},{"floor":14.0,"key":"SpeedPotion"},{"floor":16.0,"key":"DuplicationPotion"},{"floor":21.0,"key":"Languid Potion"},{"floor":24.0,"key":"Languid Potion"},{"floor":29.0,"key":"Explosive Potion"},{"floor":33,"key":"LiquidMemories"},{"floor":36,"key":"UndeadPotion"},{"floor":40,"key":"Fruit Juice"},{"floor":42,"key":"PowerPotion"},{"floor":44,"key":"Swift Potion"},{"floor":45,"key":"ColorlessPotion"}],"is_trial":false,"path_per_floor":["M","M","?","M","$","E","R","E","T","R","M","E","R","M","R","B",null,"M","?","?","M","M","E","M","E","T","?","R","E","$","M","R","B",null,"M","M","?","?","M","E","E","E","T","M","E","R","E","?","R","B",null,"R","$","E","B",null],"character_chosen":"RemiriaScarlet","items_purchased":["FateEnsemble","Membership Card","BargainBundle","CurseofVladTepes","StigmaNizer+1","Replay:Bandana","Replay:Wax Seal","Toolbox","Turnip","Adrenaline Potion","GodSword3","vexMod:Dragonfruit","CurseofVladTepes"],"campfire_rested":0,"item_purchase_floors":[5,30,30,30,30,30,49,49,49,49,49,53,53],"current_hp_per_floor":[93,93,100,100,100,98,98,87,87,87,87,90,90,84,84,34,100,90,82,82,82,79,69,63,63,63,63,63,62,77,77,77,86,100,100,100,100,100,100,100,75,100,100,99,106,106,106,106,106,80,106,106,111,111,105],"gold":93,"neow_bonus":"NOSTALGIA","is_daily":false,"chose_seed":false,"campfire_upgraded":7,"win_rate":0.0,"timestamp":1607859561,"path_taken":["M","M","?","M","$","E","R","E","T","R","M","E","R","?","R","BOSS","M","?","?","M","M","E","M","E","T","?","R","E","$","M","R","BOSS","M","M","?","?","M","E","E","E","T","M","E","R","E","?","R","BOSS","R","$","E","BOSS"],"items_purchased_type":["Card","Relic","Relic","Card","Card","Relic","Relic","Relic","Relic","Potion","Relic","Relic","Card"],"build_version":"2020-11-30","purchased_purges":4,"victory":true,"max_hp_per_floor":[100,100,100,100,100,100,100,100,100,100,100,100,100,100,100,100,100,100,100,100,100,100,100,100,100,100,100,100,100,100,100,100,100,100,100,100,100,100,100,100,100,100,100,100,106,106,106,106,106,106,106,106,111,111,111],"relic_stats":{"Dream Catcher":0,"counters":[31,150],"MealTicket":15,"Turnip":[2],"Art of War":[8],"Letter Opener":[144],"obtain_stats":[{"ReplayFunnel":12,"Golden Egg":23,"conspire:SpecialSausage":34,"SecretRecord":45,"MagicDraw4":9,"PrismaticShard":19,"conspire:TopHat":8,"Replay:Bandana":30,"Dream Catcher":42,"Toolbox":49,"MealTicket":29,"WingedGreaves":40,"Replay:Wax Seal":49,"Potion Belt":6,"BargainBundle":30,"aspiration:Nostalgia":0,"aspiration:SeaSaltIceCream":41,"Letter Opener":41,"vexMod:Dragonfruit":53,"ThirstyCrossSpe":0,"Turnip":49,"Coffee Dripper":17,"Art of War":26,"Snack Pack":47,"Membership Card":30,"GodSword3":49,"FossilizedHelix":25,"Koishi:ImaginaryFriend":0,"GodSword1":54},{"ReplayFunnel":7,"Golden Egg":13,"conspire:SpecialSausage":18,"SecretRecord":27,"MagicDraw4":5,"PrismaticShard":10,"conspire:TopHat":5,"Replay:Bandana":16,"Dream Catcher":25,"Toolbox":28,"MealTicket":16,"WingedGreaves":23,"Replay:Wax Seal":28,"Potion Belt":4,"BargainBundle":16,"aspiration:Nostalgia":0,"aspiration:SeaSaltIceCream":24,"Letter Opener":24,"vexMod:Dragonfruit":29,"ThirstyCrossSpe":0,"Turnip":28,"Coffee Dripper":9,"Art of War":15,"Snack Pack":28,"Membership Card":16,"GodSword3":28,"FossilizedHelix":15,"Koishi:ImaginaryFriend":0,"GodSword1":30},{"ReplayFunnel":30,"Golden Egg":62,"conspire:SpecialSausage":91,"SecretRecord":133,"MagicDraw4":22,"PrismaticShard":49,"conspire:TopHat":22,"Replay:Bandana":80,"Dream Catcher":123,"Toolbox":136,"MealTicket":80,"WingedGreaves":116,"Replay:Wax Seal":136,"Potion Belt":14,"BargainBundle":80,"aspiration:Nostalgia":0,"aspiration:SeaSaltIceCream":120,"Letter Opener":120,"vexMod:Dragonfruit":141,"ThirstyCrossSpe":0,"Turnip":136,"Coffee Dripper":43,"Art of War":74,"Snack Pack":136,"Membership Card":80,"GodSword3":136,"FossilizedHelix":74,"Koishi:ImaginaryFriend":0,"GodSword1":144}]},"card_choices":[{"not_picked":["ThePrice","TricksterDevil"],"picked":"BodyStrengthen","floor":1.0},{"not_picked":["FastHealing","TricksterDevil","FierceSweep"],"picked":"SKIP","floor":2.0},{"not_picked":["FierceSweep","PainBurst"],"picked":"BloodCleaner","floor":4.0},{"not_picked":["DemonsDinnerFork_Remiria","RemiliaStretch_Remiria"],"picked":"BathedInBlood","floor":6.0},{"not_picked":["FastHealing","DemonsDinnerFork_Remiria"],"picked":"RocketKickup","floor":8.0},{"not_picked":["Cripple","Tepes"],"picked":"DoubleEdge","floor":11.0},{"not_picked":["FierceSweep","BodyStrengthen"],"picked":"FastHealing","floor":12.0},{"not_picked":["BloodySuit","BathedInBlood"],"picked":"BodyStrengthen","floor":14.0},{"not_picked":["AllTheWorldInNightmare","BloodCoagulation"],"picked":"RedMagic","floor":16.0},{"not_picked":["DemonLordWalk","BloodySuit+1"],"picked":"TricksterDevil","floor":18.0},{"not_picked":["ServeMeal","Bane+1"],"picked":"FateCollect","floor":21.0},{"not_picked":["AllByMyself","Havoc"],"picked":"DemonsDinnerFork","floor":22.0},{"not_picked":["Mirror_TwoAndThreeElementRealm_purple","Fantasy_PerpetualMotionMachine_purple"],"picked":"hermit:LuckOfTheDraw","floor":23.0},{"not_picked":["Consecrate","Mischief","Fire Breathing+1"],"picked":"SKIP","floor":24.0},{"not_picked":["Koishi:FreudianInstinct","Koishi:ReflexRadar"],"picked":"Secret Technique","floor":25.0},{"not_picked":["Koishi:MassHysteria","Conserve Battery+1","StretchesForeverDream_purple+1"],"picked":"SKIP","floor":29.0},{"not_picked":["DemonsDinnerFork","ThrowingApples","Koishi:ParalyzingFear+1"],"picked":"SKIP","floor":31},{"not_picked":["Koishi:ImGoingToCallYouNow","ReplayUltimateDefense"],"picked":"Double Tap","floor":33},{"not_picked":["Koishi:RorschachInDanmaku","Mischief+1","hermit:Desperado"],"picked":"SKIP","floor":35},{"not_picked":["RuleDissolution_purple+1","BloodySuit+1","Blade Dance"],"picked":"SKIP","floor":36},{"not_picked":["TenInstruments+1","hermit:SprayPray+1"],"picked":"BadLadyScramble","floor":39},{"not_picked":["FlyingSleeves+1","Celebrities","Predator+1"],"picked":"SKIP","floor":40},{"not_picked":["Poisoned Stab","Flame Barrier","Whining+1"],"picked":"SKIP","floor":41},{"not_picked":["Mischief+1","Panic Button","Quick Slash"],"picked":"SKIP","floor":42},{"not_picked":["hermit:TakeCover+1","PartyTime+1"],"picked":"Dual Wield","floor":44},{"not_picked":["KillingWithKindness","Boundary_of_Extermination_purpleEX"],"picked":"Computing_the_future_purpleEX","floor":45},{"not_picked":["Battle Trance","Mirror_FormAndEmptin_purple","MajikuruSanhai+1"],"picked":"SKIP","floor":47},{"not_picked":["TrickFate+1","SatsujinDooru+1"],"picked":"Koishi:Bloodlust","floor":48},{"not_picked":["Halt","Chill"],"picked":"VampirishNight","floor":48},{"not_picked":["OpenedBox_purple","BloodPact"],"picked":"ReplayTheSpireMod:Muscle Training","floor":54}],"player_experience":157568,"relics_obtained":[{"floor":6.0,"key":"Potion Belt"},{"floor":8.0,"key":"conspire:TopHat"},{"floor":9.0,"key":"MagicDraw4"},{"floor":12.0,"key":"ReplayFunnel"},{"floor":19.0,"key":"PrismaticShard"},{"floor":23.0,"key":"Golden Egg"},{"floor":25.0,"key":"FossilizedHelix"},{"floor":26.0,"key":"Art of War"},{"floor":29.0,"key":"MealTicket"},{"floor":40,"key":"WingedGreaves"},{"floor":41,"key":"aspiration:SeaSaltIceCream"},{"floor":42,"key":"Dream Catcher"},{"floor":45,"key":"SecretRecord"},{"floor":47,"key":"Snack Pack"},{"floor":54,"key":"GodSword1"}],"event_choices":[{"damage_healed":7.0,"max_hp_gain":0.0,"max_hp_loss":0.0,"gold_gain":0.0,"event_name":"Wheel of Change","player_choice":"Full Heal","floor":3.0,"gold_loss":0.0,"damage_taken":0.0},{"damage_healed":0.0,"max_hp_gain":0.0,"max_hp_loss":0.0,"gold_gain":0.0,"event_name":"The Library","player_choice":"Read","floor":20.0,"gold_loss":0.0,"damage_taken":0.0,"cards_obtained":["ThirstForBlood"]},{"damage_healed":0.0,"max_hp_gain":0.0,"max_hp_loss":0.0,"gold_gain":0.0,"event_name":"Ghosts","player_choice":"Ignored","floor":27.0,"gold_loss":0.0,"damage_taken":0.0},{"damage_healed":0,"gold_gain":0,"player_choice":"Ignored","damage_taken":0,"max_hp_gain":0,"max_hp_loss":0,"event_name":"Tomb of Lord Red Mask","floor":37,"gold_loss":0}],"is_beta":false,"boss_relics":[{"not_picked":["Ring of Chaos","vexMod:FluxCapacitor"],"picked":"Coffee Dripper"},{"not_picked":["conspire:SlowCooker","vexMod:BigBerry"],"picked":"conspire:SpecialSausage"}],"items_purged_floors":[5,30,30,49],"is_endless":false,"potions_floor_spawned":[4,8,12,14,16,21,24,25,29,33,36,40,42,44,45,47],"ascension_level":1}}