{"host":"j0a1jfichhxu8b8p","time":1607869146,"event":{"mods":["BaseMod","Colored Map","DeckTracker","Keyboard Shortcuts","Minty Spire (QoL Compilation)","Permanent Neow","everything is the same but u backflip on backflip"],"gold_per_floor":[119,19,38,38,52,84,84,116,140,140,159,175,175,185,185,185,185],"floor_reached":16,"playtime":771,"items_purged":["Strike_G"],"score":162,"play_id":"8df34150-35c2-4a3a-973a-a763c20edd56","local_time":"20201213231906","is_ascension_mode":true,"campfire_choices":[{"data":"Burst","floor":7,"key":"SMITH"},{"data":"Backflip","floor":10,"key":"SMITH"},{"data":"Noxious Fumes","floor":13,"key":"SMITH"},{"data":"Night Terror","floor":15,"key":"SMITH"}],"circlet_count":0,"master_deck":["Strike_G","Strike_G","Strike_G","Strike_G","Defend_G","Defend_G","Defend_G","Defend_G","Defend_G","Survivor","Neutralize+1","Burst+1","PiercingWail","Cloak And Dagger","Noxious Fumes+1","Dagger Throw","Night Terror+1","Backflip+1","Noxious Fumes","Deadly Poison","Backstab"],"relics":["Ring of the Snake","Strawberry","Omamori","Akabeko"],"acts_visited":["Exordium"],"potions_floor_usage":[6,6,8,16],"damage_taken":[{"damage":4,"enemies":"Small Slimes","floor":1,"turns":6},{"damage":2,"enemies":"Cultist","floor":3,"turns":5},{"damage":0,"enemies":"2 Louse","floor":5,"turns":3},{"damage":20,"enemies":"Lagavulin","floor":6,"turns":6},{"damage":21,"enemies":"Gremlin Nob","floor":8,"turns":5},{"damage":3,"enemies":"Large Slime","floor":11,"turns":9},{"damage":4,"enemies":"Exordium Wildlife","floor":12,"turns":6},{"damage":0,"enemies":"Red Slaver","floor":14,"turns":4},{"damage":17,"enemies":"Slime Boss","floor":16,"turns":6}],"seed_played":"-7327731019072464578","potions_obtained":[{"floor":1,"key":"LiquidMemories"},{"floor":3,"key":"ColorlessPotion"},{"floor":6,"key":"Poison Potion"},{"floor":8,"key":"Weak Potion"}],"is_trial":false,"path_per_floor":["M","$","M","?","M","E","R","E","T","R","M","M","R","M","R","B"],"character_chosen":"THE_SILENT","items_purchased":["Cloak And Dagger"],"campfire_rested":0,"item_purchase_floors":[2],"current_hp_per_floor":[59,59,57,57,57,44,44,23,23,23,20,16,16,16,16,0,0],"gold":185,"neow_bonus":"ONE_RANDOM_RARE_CARD","is_daily":false,"chose_seed":false,"campfire_upgraded":4,"win_rate":0.0,"timestamp":1607869146,"path_taken":["M","$","M","?","M","E","R","E","T","R","?","M","R","M","R","BOSS"],"items_purchased_type":["Card"],"build_version":"2020-11-30","purchased_purges":1,"victory":false,"max_hp_per_floor":[70,70,70,70,70,77,77,77,77,77,77,77,77,77,77,77,77],"card_choices":[{"not_picked":["Endless Agony","Quick Slash"],"picked":"PiercingWail","floor":1},{"not_picked":["Well Laid Plans","Acrobatics"],"picked":"Noxious Fumes","floor":3},{"not_picked":["Leg Sweep","Sucker Punch"],"picked":"Dagger Throw","floor":5},{"not_picked":["Noxious Fumes","Underhanded Strike"],"picked":"Night Terror","floor":6},{"not_picked":["Distraction","Acrobatics"],"picked":"Backflip","floor":8},{"not_picked":["Dagger Spray","Flechettes"],"picked":"Noxious Fumes","floor":11},{"not_picked":["Prepared","Caltrops"],"picked":"Deadly Poison","floor":12},{"not_picked":["Quick Slash","Deflect"],"picked":"Backstab","floor":14}],"player_experience":295788,"relics_obtained":[{"floor":6,"key":"Strawberry"},{"floor":8,"key":"Omamori"},{"floor":9,"key":"Akabeko"}],"event_choices":[{"damage_healed":0,"gold_gain":0,"player_choice":"Upgraded","damage_taken":0,"max_hp_gain":0,"max_hp_loss":0,"event_name":"Upgrade Shrine","floor":4,"gold_loss":0,"cards_upgraded":["Neutralize"]}],"is_beta":false,"boss_relics":[],"items_purged_floors":[2],"is_endless":false,"potions_floor_spawned":[1,3,6,8],"killed_by":"Slime Boss","ascension_level":9}}