{"host":"dbo0lztt1pyfwysk","time":1607865099,"event":{"mods":["Act Like it!","BaseMod","Conspire","Downfall","Gensokyo","GifTheSpireLib","Hubris","Infinite Spire","KinomotoSakuraMod(????)","Koishi","Luminous","Marisa????????","Minty Spire (QoL Compilation)","Prisma Mod","Remilia??????","Replay The Spire","Shade Mod","Shop Mod","StSLib","The Gatherer"],"gold_per_floor":[111,111,129,147,147,147,147,162,162,162,162,178,203,203,203,203,203,300,300,317,156,173,204,204,204,217,248,248,248,266,181,207,218,218,289,289,305,34,83,101,117,117,117,142,142,156,187,204,219,229,229,229],"floor_reached":53,"playtime":2081,"items_purged":["conspire:GhostlyDefend","conspire:GhostlyDefend"],"score":1005,"play_id":"48342955-0c0b-4d3e-a4e6-72f34046f875","local_time":"20201213141139","is_ascension_mode":true,"campfire_choices":[{"data":"Cloak And Dagger","floor":6,"key":"SMITH"},{"data":"Predator","floor":11,"key":"SMITH"},{"data":"Caltrops","floor":17,"key":"SMITH"},{"data":"Noxious Fumes","floor":25,"key":"SMITH"},{"data":"Neutralize","floor":29,"key":"SMITH"},{"data":"Hidden Blade","floor":34,"key":"SMITH"},{"data":"Blade Dance","floor":42,"key":"SMITH"},{"data":"Deflect","floor":51,"key":"SMITH"}],"circlet_count":0,"master_deck":["AscendersBane","conspire:GhostlyStrike+1","conspire:GhostlyDefend","conspire:GhostlyDefend","Survivor","Neutralize+1","Predator+1","Cloak And Dagger+1","Hidden Blade+1","Caltrops+1","Deflect+1","Choke+1","Noxious Fumes+1","Quick Slash+1","ReplayTheSpireMod:Speed Training+1","Endless Agony+1","Backstab+1","Infinite Blades+1","Blade Dance+1","Blade Dance+1","Parasite","Escape Plan+1","Slice+1","Slice+1"],"relics":["Ring of the Snake","Molten Egg 2","hubris:Towel","Bag of Marbles","Snack Pack","hubris:TerracottaHorce","Red Mask","Vampiric Spirits","hubris:64BitClover","hubris:Reverence","Frozen Egg 2","hubris:Spice","Guide Book","CatCart","Ninja Scroll","hubris:AstralHammer","PreservedInsect"],"acts_visited":["Exordium","TheCity","TheBeyond"],"potions_floor_usage":[8,27,35,35,39,52,52],"damage_taken":[{"damage":0,"enemies":"2 Louse","floor":1,"turns":5},{"damage":0,"enemies":"Cultist","floor":3,"turns":4},{"damage":0,"enemies":"conspire:RoseBush","floor":4,"turns":3},{"damage":2,"enemies":"Large Slime","floor":8,"turns":4},{"damage":5,"enemies":"Looter","floor":12,"turns":2},{"damage":12,"enemies":"Lagavulin","floor":13,"turns":5},{"damage":8,"enemies":"The Guardian","floor":18,"turns":10},{"damage":3,"enemies":"Chosen","floor":20,"turns":4},{"damage":18,"enemies":"Spheric Guardian","floor":22,"turns":4},{"damage":29,"enemies":"Masked Bandits","floor":23,"turns":4},{"damage":0,"enemies":"Cultist and Chosen","floor":26,"turns":4},{"damage":23,"enemies":"Book of Stabbing","floor":27,"turns":5},{"damage":4,"enemies":"Centurion and Healer","floor":30,"turns":6},{"damage":13,"enemies":"Nightmare","floor":32,"turns":6},{"damage":0,"enemies":"3 Cultists","floor":33,"turns":4},{"damage":13,"enemies":"Collector","floor":35,"turns":5},{"damage":6,"enemies":"Orb Walker","floor":37,"turns":2},{"damage":41,"enemies":"Orin","floor":39,"turns":6},{"damage":9,"enemies":"3 Darklings","floor":40,"turns":4},{"damage":15,"enemies":"Jaw Worm Horde","floor":41,"turns":3},{"damage":12,"enemies":"Giant Head","floor":44,"turns":5},{"damage":10,"enemies":"Writhing Mass","floor":46,"turns":3},{"damage":4,"enemies":"Reptomancer","floor":47,"turns":2},{"damage":5,"enemies":"Maw","floor":48,"turns":4},{"damage":0,"enemies":"Transient","floor":49,"turns":5},{"damage":0,"enemies":"3 Darklings","floor":50,"turns":2},{"damage":36,"enemies":"Replay:Hell Engine","floor":52,"turns":6}],"seed_played":"777675074368425775","potions_obtained":[{"floor":1,"key":"Energy Potion"},{"floor":12,"key":"Elixir"},{"floor":18,"key":"sneckomod:MuddlingPotion"},{"floor":20,"key":"Swift Potion"},{"floor":30,"key":"DistilledChaos"},{"floor":37,"key":"SkillPotion"},{"floor":47,"key":"Energy Potion"},{"floor":48,"key":"Weak Potion"},{"floor":49,"key":"DistilledChaos"}],"is_trial":false,"path_per_floor":["M","?","M","M","?","R","?","M","T","?","R","M","E","PTL","PTL","T","R","B",null,"M","$","M","?","T","R","M","E","T","R","M","?","NM","M","R","B",null,"M","$","?","M","M","R","?","E","T","M","E","M","M","M","R","B",null],"character_chosen":"THE_SILENT","items_purchased":["Noxious Fumes","Guide Book"],"campfire_rested":0,"item_purchase_floors":[21,38],"current_hp_per_floor":[63,63,63,63,63,63,63,61,61,61,61,56,44,44,44,44,44,40,57,58,58,42,19,19,19,30,15,15,15,21,21,36,55,55,56,75,71,71,36,56,58,58,58,55,55,53,53,55,55,55,55,27],"gold":229,"neow_bonus":"REMOVE_TWO","is_daily":false,"chose_seed":false,"campfire_upgraded":8,"win_rate":0.0,"timestamp":1607865099,"path_taken":["M","?","?","M","?","R","?","M","T","?","R","M","E","PTL","PTL","?","R","BOSS","M","$","M","?","?","R","?","E","T","R","M","?","NM","M","R","BOSS","M","$","?","M","M","R","?","E","T","?","E","M","M","M","R","BOSS"],"items_purchased_type":["Card","Relic"],"build_version":"2020-11-30","purchased_purges":2,"victory":true,"max_hp_per_floor":[63,63,63,63,63,63,63,63,63,63,63,63,63,63,63,63,63,63,63,63,63,63,63,63,63,63,63,63,63,63,63,71,71,71,71,79,71,71,71,71,71,71,71,55,55,55,55,55,55,55,55,55],"card_choices":[{"not_picked":["conspire:PoisonWeapons","Flying Knee"],"picked":"Predator","floor":1},{"not_picked":["Prepared","hubris:SlightOfHand"],"picked":"Cloak And Dagger","floor":3},{"not_picked":["Setup","Leg Sweep"],"picked":"Hidden Blade","floor":4},{"not_picked":["Sucker Punch","hubris:Sniper"],"picked":"Caltrops","floor":8},{"not_picked":["All Out Attack+1","Outmaneuver"],"picked":"Deflect","floor":12},{"not_picked":["Underhanded Strike+1","Grand Finale+1","Dodge and Roll"],"picked":"SKIP","floor":13},{"not_picked":["ReplayTheSpireMod:The Works","Crippling Poison"],"picked":"Choke+1","floor":20},{"not_picked":["PiercingWail","Bane+1","Sucker Punch+1"],"picked":"SKIP","floor":22},{"not_picked":["Reflex","All Out Attack+1"],"picked":"Quick Slash+1","floor":23},{"not_picked":["Predator+1","Heel Hook+1"],"picked":"ReplayTheSpireMod:Speed Training","floor":26},{"not_picked":["Cloak And Dagger","Calculated Gamble"],"picked":"Endless Agony+1","floor":27},{"not_picked":["Catalyst","Deadly Poison","Distraction"],"picked":"SKIP","floor":30},{"not_picked":["Underhanded Strike+1","Sucker Punch+1"],"picked":"Backstab+1","floor":32},{"not_picked":["Heel Hook+1","Dodge and Roll"],"picked":"Infinite Blades+1","floor":33},{"not_picked":["Poisoned Stab+1","Well Laid Plans+1"],"picked":"hubris:SpiceAddiction","floor":37},{"not_picked":["ReplayTheSpireMod:Exploit Weakness","Finisher+1"],"picked":"Blade Dance","floor":40},{"not_picked":["Heel Hook+1","hubris:SpiceAddiction"],"picked":"Blade Dance+1","floor":41},{"not_picked":["ReplayTheSpireMod:Tripwire","hubris:TrickCloak"],"picked":"hubris:SpiceAddiction","floor":44},{"not_picked":["Quick Slash+1","Deflect+1"],"picked":"Escape Plan+1","floor":46},{"not_picked":["hubris:SpiceAddiction","Dash+1"],"picked":"Slice+1","floor":47},{"not_picked":["Flying Knee+1","Cloak And Dagger"],"picked":"Slice+1","floor":48},{"not_picked":["Outmaneuver","Dodge and Roll","Leg Sweep"],"picked":"SKIP","floor":49},{"not_picked":["Acrobatics","Dagger Spray+1","Bane+1"],"picked":"SKIP","floor":50}],"player_experience":602126,"relics_obtained":[{"floor":9,"key":"Molten Egg 2"},{"floor":13,"key":"Bag of Marbles"},{"floor":16,"key":"Snack Pack"},{"floor":23,"key":"Red Mask"},{"floor":24,"key":"Vampiric Spirits"},{"floor":27,"key":"hubris:64BitClover"},{"floor":28,"key":"hubris:Reverence"},{"floor":32,"key":"hubris:Spice"},{"floor":39,"key":"CatCart"},{"floor":44,"key":"hubris:Spice"},{"floor":45,"key":"Ninja Scroll"},{"floor":46,"key":"hubris:AstralHammer"},{"floor":47,"key":"PreservedInsect"}],"event_choices":[{"cards_removed":["Strike_G"],"damage_healed":0,"gold_gain":0,"player_choice":"Card Removal","damage_taken":0,"max_hp_gain":0,"max_hp_loss":0,"event_name":"Wheel of Change","floor":2,"gold_loss":0},{"damage_healed":0,"gold_gain":0,"player_choice":"Agree","damage_taken":0,"max_hp_gain":0,"max_hp_loss":0,"event_name":"conspire:LoneGhost","floor":5,"gold_loss":0},{"damage_healed":0,"gold_gain":0,"player_choice":"Fought Bandits","damage_taken":0,"max_hp_gain":0,"max_hp_loss":0,"event_name":"Masked Bandits","floor":23,"gold_loss":0},{"damage_healed":0,"gold_gain":0,"player_choice":"Obtained Relic","damage_taken":0,"relics_obtained":["Frozen Egg 2"],"max_hp_gain":0,"max_hp_loss":0,"event_name":"Addict","floor":31,"gold_loss":85},{"damage_healed":0,"gold_gain":0,"player_choice":"Fight","damage_taken":0,"max_hp_gain":0,"max_hp_loss":0,"event_name":"OrinTheCat","floor":39,"gold_loss":0},{"cards_removed":["conspire:GhostlyDefend"],"damage_healed":0,"gold_gain":0,"player_choice":"Purged","damage_taken":0,"max_hp_gain":0,"max_hp_loss":0,"event_name":"Purifier","floor":43,"gold_loss":0}],"is_beta":false,"boss_relics":[{"not_picked":["Painkiller Herb","Pandora\u0027s Box"],"picked":"hubris:TerracottaHorce"},{"not_picked":["hubris:Spice","Astrolabe"],"picked":"hubris:Spice"}],"items_purged_floors":[21,38],"is_endless":false,"potions_floor_spawned":[1,12,18,20,30,33,37,47,48,49],"ascension_level":11}}