{"host":"tmiksjdllv4oe9un","time":1607825626,"event":{"mods":["Act Like it!","BaseMod","BetterRewards","Defuse TimeMaze Blight","Duelist Mod","Faster Ascension Climbing","GifTheSpireLib","Googly Eyes","Hallownest","Infinite Spire","Minty Spire (QoL Compilation)","Quick Restart","Replay The Spire","StSLib"],"gold_per_floor":[142,142,142,142,67,67,94,94,166,177,202,216,233,268,268,341,341,357,357,368,288,18,18,18],"floor_reached":23,"playtime":835,"items_purged":["CommonCold"],"score":434,"play_id":"75880153-89d8-407a-9205-ca2d6ee9e053","local_time":"20201212211346","is_ascension_mode":true,"campfire_choices":[{"data":"theDuelist:BabyDragon","floor":6,"key":"SMITH"},{"data":"theDuelist:YamataDragon","floor":8,"key":"SMITH"},{"floor":15,"key":"REST"}],"circlet_count":0,"master_deck":["AscendersBane","theDuelist:BabyDragon+1","theDuelist:CastleWalls+1","theDuelist:CastleWalls","theDuelist:CaveDragon","theDuelist:CaveDragon","theDuelist:LesserDragon","theDuelist:LesserDragon","theDuelist:Sparks","theDuelist:YamataDragon+1","theDuelist:WingedDragonRa","Mayhem","Hallownest:skillCityofTearsMap"],"relics":["theDuelist:MillenniumPuzzle","theDuelist:CardPoolRelic","theDuelist:CardPoolBasicRelic","theDuelist:BoosterPackPoolRelic","theDuelist:CardPoolAddRelic","theDuelist:CardPoolMinusRelic","theDuelist:CardPoolSaveRelic","theDuelist:CardPoolOptionsRelic","NeowsBlessing","Ring of Fangs","ReplayTheSpireMod:Ring of Addiction","Toy Ornithopter","Potion Belt","Pen Nib","ReplayTheSpireMod:Shallot","Blue Doll","Iron Hammer","Black Star","infinitespire:FocusingShard"],"acts_visited":["Hallownest:Greenpath","Hallownest:CityofTears"],"potions_floor_usage":[10,13,13,14,16,16,16,16,16,23],"damage_taken":[{"damage":0,"enemies":"Hallownest:monsterHuskGuard","floor":1,"turns":1},{"damage":0,"enemies":"Hallownest:eliteVengeflyKing","floor":7,"turns":2},{"damage":0,"enemies":"2_ Uuma","floor":10,"turns":1},{"damage":48,"enemies":"Hallownest:eliteMossKnight","floor":11,"turns":11},{"damage":0,"enemies":"Hallownest:2_Baldur","floor":12,"turns":3},{"damage":3,"enemies":"Hallownest:Guard_and_Warrior","floor":13,"turns":5},{"damage":18,"enemies":"Hallownest:eliteCrystalGuardian","floor":14,"turns":3},{"damage":9,"enemies":"Hallownest:BossFalseKnight","floor":16,"turns":6},{"damage":22,"enemies":"Hallownest:2_Mistakes","floor":18,"turns":9},{"damage":23,"enemies":"Hallownest:Guard_and_Sentry","floor":20,"turns":7},{"damage":20,"enemies":"Hallownest:eliteWatcherKnight","floor":23,"turns":4}],"seed_played":"5199271846399704509","potions_obtained":[{"floor":4,"key":"theDuelist:CoolBottle"},{"floor":4,"key":"theDuelist:ExtraOrbsBottle"},{"floor":4,"key":"theDuelist:CoolBottle"},{"floor":7,"key":"EntropicBrew"},{"floor":11,"key":"FearPotion"},{"floor":12,"key":"theDuelist:VampireVial"},{"floor":14,"key":"theDuelist:ReducerPotion"}],"is_trial":false,"path_per_floor":["M","?","?","?","$","R","E","R","T","M","E","M","M","E","R","B",null,"M","?","M","?","$","E"],"character_chosen":"THE_DUELIST","items_purchased":["infinitespire:FocusingShard"],"campfire_rested":1,"item_purchase_floors":[22],"current_hp_per_floor":[63,63,63,63,63,63,63,63,63,68,20,20,27,14,34,50,64,42,36,13,13,13,0,0],"gold":18,"neow_bonus":"THREE_ENEMY_KILL","is_daily":false,"chose_seed":false,"campfire_upgraded":2,"win_rate":0.0,"timestamp":1607825626,"path_taken":["M","?","?","?","?","R","E","R","T","M","E","M","M","E","R","BOSS","M","?","?","?","$","E"],"items_purchased_type":["Relic"],"build_version":"2020-11-30","purchased_purges":1,"victory":false,"max_hp_per_floor":[70,70,70,70,70,70,70,68,68,68,68,68,68,68,68,68,68,68,68,66,66,66,64,64],"card_choices":[{"not_picked":["theDuelist:ViceDragon","theDuelist:TwinHeadedFire","theDuelist:BusterBlader","theDuelist:BlackBrutdrago","theDuelist:BlackStego"],"picked":"SKIP","floor":1},{"not_picked":["theDuelist:MadSwordBeast","theDuelist:MoltenDestruction","theDuelist:CyberDragonDrei","theDuelist:DefenseZone","theDuelist:BlackBrutdrago"],"picked":"SKIP","floor":7},{"not_picked":["theDuelist:Kabazauls","theDuelist:ScrapIronScarecrow","theDuelist:CaveDragon","theDuelist:SphereChaos","theDuelist:Vandalgyon"],"picked":"SKIP","floor":10},{"not_picked":["theDuelist:DarkHorus","theDuelist:BabyDragon","theDuelist:CoralDragon","theDuelist:ScrapIronScarecrow","theDuelist:BlackBrachios"],"picked":"SKIP","floor":11},{"not_picked":["theDuelist:Kabazauls","theDuelist:CyberValley","theDuelist:BusterBlader","theDuelist:BlackBrutdrago","theDuelist:AtomicScrapDragon"],"picked":"SKIP","floor":12},{"not_picked":["theDuelist:BlackVeloci","theDuelist:BlackTyranno","theDuelist:BlackBrutdrago","theDuelist:TrihornedDragon","theDuelist:EvilMind"],"picked":"SKIP","floor":13},{"not_picked":["theDuelist:TrihornedDragon","theDuelist:BlackTyranno","theDuelist:BlackStego","theDuelist:MadSwordBeast","theDuelist:GiantRex"],"picked":"SKIP","floor":14},{"not_picked":["theDuelist:VoidOgreDragon","theDuelist:Scapegoat","theDuelist:BlueDuston","theDuelist:GravityLash"],"picked":"theDuelist:WingedDragonRa","floor":16},{"not_picked":["Discovery","PanicButton","Sadistic Nature"],"picked":"Mayhem","floor":18},{"not_picked":["theDuelist:BusterBlader+1","theDuelist:Freezadon","theDuelist:CyberDragonCore","theDuelist:BlackStego","theDuelist:ArmedDragon5"],"picked":"SKIP","floor":20}],"player_experience":15055,"relics_obtained":[{"floor":4,"key":"Ring of Fangs"},{"floor":4,"key":"ReplayTheSpireMod:Ring of Addiction"},{"floor":4,"key":"Toy Ornithopter"},{"floor":4,"key":"Potion Belt"},{"floor":7,"key":"Pen Nib"},{"floor":9,"key":"ReplayTheSpireMod:Shallot"},{"floor":11,"key":"Blue Doll"},{"floor":14,"key":"Iron Hammer"}],"event_choices":[{"damage_healed":0,"gold_gain":0,"player_choice":"Leave","duelist":true,"damage_taken":0,"max_hp_gain":0,"max_hp_loss":0,"event_name":"Egyptian Village","floor":2,"gold_loss":0}],"is_beta":false,"boss_relics":[{"not_picked":["Cursed Key","ReplayTheSpireMod:DimensionalGlitch"],"picked":"Black Star"}],"items_purged_floors":[5],"is_endless":false,"potions_floor_spawned":[7,11,12,14],"killed_by":"Hallownest:eliteWatcherKnight","ascension_level":20}}