{"host":"fjbqinbax2bs4pe1","time":1607838486,"event":{"mods":["BaseMod","Colored Powertips","Duelist Mod","GifTheSpireLib","Grow up Mod","Lobotomy","LobotomyExtend","Minty Spire (QoL Compilation)","Replay The Spire","Shop Mod","Spicy Shops","StSLib","[IsaacMod]ÒÔÈö¼âËþ"],"gold_per_floor":[116,116,136,155,155,155,189,364,364,377,395,410,50,69,69,194,194,207,332,257,15,31,31,67,67,67,92,217,217,230,271,271,394,394,414,477,488,488,511,511,532,632,659,675,675,693,12,32,32,192],"floor_reached":51,"playtime":2827,"items_purged":["Doubt","Parasite","SpiderBud","WhitesApple"],"score":914,"play_id":"c2fc3f5d-b43f-4fd8-b91f-6c661cc0a236","local_time":"20201213134806","is_ascension_mode":false,"campfire_choices":[{"data":"Eruption","floor":6,"key":"SMITH"},{"floor":15,"key":"REST"},{"floor":23,"key":"REST"},{"floor":25,"key":"REST"},{"floor":29,"key":"REST"},{"floor":32,"key":"REST"},{"floor":40,"key":"REST"},{"floor":45,"key":"REST"},{"floor":49,"key":"REST"}],"circlet_count":0,"master_deck":["Strike_R+1","Strike_R","Strike_R","Strike_R+1","Strike_R","Defend_R","Defend_R+2","Defend_R","Defend_R","DoctorFetus","Wellcheers","Cleave","VoidDream","FairyFestival","Eruption+1","CrumblingArmor","FollowUp","Seeing Red","Hemogenesis+1","OSAHOGD","Clash","ShyLook","Offering","Clash+1","Sword Boomerang+1","Fire Breathing","Fire Breathing","Laetitia","Cleave+1","DreamingCurrent","Clash+1","Parasite","Woodsman","Defy Death","BodiesMountain","Flex+1","Scarecrow","Twin Strike","Hemogenesis","Parasite","Fire Breathing+1","Shrug It Off+1","Parasite","Parasite","Blood for Blood+1","Fire Breathing+1"],"relics":["HushsDoor","SteamSale","CogitoBucket","LetterFromLob","Golden Idol","Replay:M_SmolderingBlood","Lizard Tail","DoctorsRemote","Theresia","MerchantsRug","Strawberry","Lantern","Simple Rune","Runic Pyramid","Brimstone","Gremlin Food","Pear","BehaviorAdjustment","MealTicket","Darkstone Periapt","Nunchaku","Ring of Chaos","AtMidnight","ChangeAnything","Replay:Arrowhead","Pen Nib","BloodDonationBag","Ornamental Fan","Frozen Eye","Bronze Scales","YumHeart","Habit","Golden Egg","Strange Spoon"],"acts_visited":["Exordium","TheCity","TheBeyond"],"potions_floor_usage":[33,33,44,50,50],"damage_taken":[{"damage":6,"enemies":"Cultist","floor":1,"turns":3},{"damage":35,"enemies":"Small Slimes","floor":3,"turns":6},{"damage":0,"enemies":"2 Louse","floor":4,"turns":2},{"damage":1,"enemies":"Replay:BlueRogue","floor":7,"turns":3},{"damage":0,"enemies":"2 Fungi Beasts","floor":10,"turns":1},{"damage":41,"enemies":"Blue Slaver","floor":11,"turns":4},{"damage":17,"enemies":"Exordium Wildlife","floor":12,"turns":2},{"damage":122,"enemies":"Looter","floor":14,"turns":3},{"damage":42,"enemies":"The Guardian","floor":16,"turns":5},{"damage":19,"enemies":"Spheric Guardian","floor":18,"turns":3},{"damage":54,"enemies":"3 Byrds","floor":22,"turns":4},{"damage":86,"enemies":"Slavers","floor":24,"turns":5},{"damage":109,"enemies":"Shelled Parasite and Fungi","floor":27,"turns":5},{"damage":100,"enemies":"Centurion and Healer","floor":30,"turns":4},{"damage":320,"enemies":"Replay:Snechameleon","floor":31,"turns":8},{"damage":140,"enemies":"Champ","floor":33,"turns":5},{"damage":648,"enemies":"3 Darklings","floor":35,"turns":11},{"damage":132,"enemies":"Mind Bloom Boss Battle","floor":36,"turns":5},{"damage":49,"enemies":"3 Shapes","floor":39,"turns":3},{"damage":315,"enemies":"Transient","floor":41,"turns":6},{"damage":89,"enemies":"3 Darklings","floor":44,"turns":5},{"damage":35,"enemies":"Sphere and 2 Shapes","floor":46,"turns":3},{"damage":179,"enemies":"Transient","floor":48,"turns":5},{"damage":374,"enemies":"Awakened One","floor":50,"turns":18}],"seed_played":"5112738498871011323","potions_obtained":[{"floor":10,"key":"SneckoOil"},{"floor":11,"key":"Reflective Coating"},{"floor":12,"key":"Strength Potion"},{"floor":14,"key":"ElixirPotion"},{"floor":16,"key":"CultistPotion"},{"floor":22,"key":"Fire Potion"},{"floor":27,"key":"BlessingOfTheForge"},{"floor":36,"key":"Fire Potion"},{"floor":39,"key":"Reflective Coating"},{"floor":46,"key":"Languid Potion"},{"floor":48,"key":"Regen Potion"}],"is_trial":false,"path_per_floor":["M","?","M","M","?","R","E","?","T","M","M","M","$","M","R","B",null,"M","?","?","$","M","R","E","R","T","M","?","R","M","E","R","B",null,"M","?","$","?","M","R","M","?","T","M","R","M","$","M","R","B",null],"character_chosen":"IRONCLAD","items_purchased":["MerchantsRug","Strawberry","Lantern","Simple Rune","Clash","Medical Kit","Brimstone","Gremlin Food","Pear","Fire Breathing","Pen Nib","BloodDonationMachine","Ornamental Fan","Frozen Eye","YumHeart","Habit","Golden Egg","Strange Spoon","Blood for Blood","Fire Breathing"],"campfire_rested":8,"item_purchase_floors":[13,13,13,13,13,13,21,21,21,21,37,37,37,37,47,47,47,47,47,47],"current_hp_per_floor":[100,85,66,82,92,102,112,122,132,142,112,105,122,14,95,65,267,258,268,278,298,256,337,264,357,367,307,317,403,336,88,224,139,453,233,155,135,145,142,304,47,57,67,45,224,259,309,164,380,332],"gold":192,"neow_bonus":"","is_daily":false,"chose_seed":false,"campfire_upgraded":1,"win_rate":0.0,"timestamp":1607838486,"path_taken":["M","?","M","M","?","R","E","?","T","M","M","M","$","M","R","BOSS","M","?","?","$","?","R","E","R","T","M","?","R","M","E","R","BOSS","M","?","?","?","?","R","?","?","T","M","R","M","$","M","R","BOSS"],"items_purchased_type":["Relic","Relic","Card","Relic","Card","Relic","Relic","Relic","Relic","Card","Relic","Relic","Relic","Relic","Relic","Relic","Relic","Relic","Card","Card"],"build_version":"2020-11-30","purchased_purges":4,"victory":true,"max_hp_per_floor":[100,110,120,130,140,150,160,170,180,190,200,210,227,237,247,257,267,277,287,297,317,327,337,347,357,367,383,393,403,413,423,433,443,453,469,479,486,493,509,519,535,545,555,565,575,585,595,605,615,625],"card_choices":[{"not_picked":[],"picked":"DoctorFetus","floor":0},{"not_picked":["BeautyBeast","SpiderBud"],"picked":"Wellcheers","floor":1},{"not_picked":["True Grit","Berserk"],"picked":"Cleave","floor":1},{"not_picked":["CherryBlossoms","Murderer"],"picked":"VoidDream","floor":3},{"not_picked":["Entrench","ReplayTheSpireMod:Strike From Hell","Sever Soul"],"picked":"SKIP","floor":3},{"not_picked":["Bloodbath","WhitesApple"],"picked":"FairyFestival","floor":4},{"not_picked":["Flame Barrier","Twin Strike"],"picked":"Bomb","floor":4},{"not_picked":["WallGazer","CherryBlossoms"],"picked":"CrumblingArmor","floor":7},{"not_picked":["Twin Strike","Rage"],"picked":"FollowUp","floor":7},{"not_picked":["Bloodbath","Mercenary"],"picked":"SpiderBud","floor":10},{"not_picked":["Headbutt","Iron Wave"],"picked":"Seeing Red","floor":10},{"not_picked":["ReplayTheSpireMod:Strike From Hell","Entrench"],"picked":"Hemogenesis","floor":11},{"not_picked":["MeatLantern","OldLady"],"picked":"PunishingBird","floor":11},{"not_picked":["LaLuna","QueenBee"],"picked":"OSAHOGD","floor":12},{"not_picked":["Searing Blow","Anger","Headbutt"],"picked":"SKIP","floor":12},{"not_picked":["Searing Blow","Anger","Headbutt"],"picked":"SKIP","floor":12},{"not_picked":["Pommel Strike","Infernal Blade"],"picked":"Bomb","floor":14},{"not_picked":["Bloodbath","BigBadWolf"],"picked":"ShyLook","floor":16},{"not_picked":["Eclipse","Demonic Infusion"],"picked":"Offering","floor":16},{"not_picked":["Murderer","Bloodbath"],"picked":"WhitesApple","floor":18},{"not_picked":["Anger","Twin Strike"],"picked":"Clash","floor":18},{"not_picked":["Disarm","Massacre"],"picked":"Sword Boomerang","floor":19},{"not_picked":["WallGazer","Bloodbath"],"picked":"Laetitia","floor":22},{"not_picked":["Armaments","Brutality"],"picked":"Cleave","floor":22},{"not_picked":["RedShoes","UniverseFragment"],"picked":"DreamingCurrent","floor":24},{"not_picked":["Sever Soul+1","Replay:Undeath\u0027s Touch+1"],"picked":"Clash","floor":24},{"not_picked":["Rudolta","PunishingBird"],"picked":"Woodsman","floor":27},{"not_picked":["Thunderclap","Anger"],"picked":"Defy Death","floor":27},{"not_picked":["DespairKnight","WallGazer"],"picked":"BodiesMountain","floor":30},{"not_picked":["Headbutt","Shockwave"],"picked":"Flex+1","floor":30},{"not_picked":["QueenBee","SnowQueen"],"picked":"Scarecrow","floor":31},{"not_picked":["Impervious","Pummel"],"picked":"Twin Strike","floor":31},{"not_picked":["Berserk","Demonic Infusion"],"picked":"Hemogenesis","floor":33},{"not_picked":["Sword Boomerang","Thunderclap"],"picked":"Fire Breathing+1","floor":35},{"not_picked":["Feel No Pain+1","Sever Soul"],"picked":"Shrug It Off+1","floor":36},{"not_picked":["Combust+1","Power Through+1","Battle Trance"],"picked":"SKIP","floor":39},{"not_picked":["True Grit","ReplayTheSpireMod:Strike From Hell","Armaments+1"],"picked":"SKIP","floor":41},{"not_picked":["Flex","Iron Wave+1","Anger"],"picked":"SKIP","floor":44},{"not_picked":["Shockwave","Power Through","Armaments"],"picked":"SKIP","floor":46},{"not_picked":["Rampage+1","Dropkick+1","Searing Blow"],"picked":"SKIP","floor":48}],"player_experience":0,"relics_obtained":[{"floor":1,"key":"LetterFromLob"},{"floor":7,"key":"Lizard Tail"},{"floor":9,"key":"DoctorsRemote"},{"floor":24,"key":"MealTicket"},{"floor":26,"key":"Darkstone Periapt"},{"floor":31,"key":"Nunchaku"},{"floor":35,"key":"AtMidnight"},{"floor":36,"key":"Replay:Arrowhead"},{"floor":43,"key":"Bronze Scales"}],"event_choices":[{"damage_healed":0,"gold_gain":0,"player_choice":"Take Damage","damage_taken":25,"relics_obtained":["Golden Idol"],"max_hp_gain":0,"max_hp_loss":0,"event_name":"Golden Idol","floor":2,"gold_loss":0},{"damage_healed":0,"gold_gain":175,"player_choice":"AGREE","damage_taken":0,"max_hp_gain":0,"max_hp_loss":0,"event_name":"Liars Game","floor":8,"gold_loss":0,"cards_obtained":["Doubt"]},{"cards_removed":["PunishingBird"],"damage_healed":0,"gold_gain":0,"player_choice":"Gave Gold","damage_taken":0,"max_hp_gain":0,"max_hp_loss":0,"event_name":"Beggar","floor":20,"gold_loss":75},{"damage_healed":0,"gold_gain":0,"player_choice":"Fight","damage_taken":0,"max_hp_gain":0,"max_hp_loss":0,"event_name":"MindBloom","floor":36,"gold_loss":0},{"cards_removed":["Parasite"],"damage_healed":0,"gold_gain":0,"player_choice":"Purged","damage_taken":0,"max_hp_gain":0,"max_hp_loss":0,"event_name":"Purifier","floor":38,"gold_loss":0},{"damage_healed":0,"gold_gain":100,"player_choice":"Pray","damage_taken":0,"max_hp_gain":0,"max_hp_loss":0,"event_name":"Golden Shrine","floor":42,"gold_loss":0}],"is_beta":false,"boss_relics":[{"not_picked":["ReplayTheSpireMod:DimensionalGlitch","Fusion Hammer"],"picked":"Runic Pyramid"},{"not_picked":[]},{"not_picked":["Mark of Pain","Sozu"],"picked":"Ring of Chaos"},{"not_picked":[]}],"items_purged_floors":[13,37,47,47],"is_endless":false,"potions_floor_spawned":[10,11,12,14,16,22,27,36,39,46,48],"ascension_level":0}}