{"host":"cz3p2o9n3b1gdmkz","time":1607834058,"event":{"mods":["AchievementEnabler","BaseMod","CapriCore","GungeonMod","Hermit","Lobotomy","Minty Spire (QoL Compilation)","Replay The Spire","Shop Mod","StSLib","SuperFastMode","The Cursed","The Dragon Tamer","The Gatherer","The Jungle","The Poker Player"],"gold_per_floor":[113,188,188,201,218,218,218,252,276,276,276],"floor_reached":10,"playtime":3958,"items_purged":[],"score":73,"play_id":"188aee16-ed8b-44f9-a972-fac2958e19a1","local_time":"20201213133418","is_ascension_mode":true,"campfire_choices":[{"data":"hermit:CursedWeapon","floor":6,"key":"SMITH"}],"circlet_count":0,"master_deck":["hermit:Strike_Hermit","hermit:Strike_Hermit","hermit:Strike_Hermit","hermit:Strike_Hermit","hermit:Defend_Hermit","hermit:Defend_Hermit","hermit:Defend_Hermit","hermit:Defend_Hermit","hermit:Snapshot","hermit:Covet","FieryBird","hermit:CursedWeapon+1","Delirium","Bloodbath","Wellcheers","Crescendo+1","TheCursedMod:TacticalStrike"],"relics":["hermit:Momento","CogitoBucket","RabbitCall","PrismaticShard","Calipers","Replay:Rubber Ducky"],"acts_visited":["Exordium"],"potions_floor_usage":[4],"damage_taken":[{"damage":4,"enemies":"Jaw Worm","floor":1,"turns":5},{"damage":2,"enemies":"Small Slimes","floor":4,"turns":4},{"damage":2,"enemies":"2 Louse","floor":5,"turns":3},{"damage":48,"enemies":"Replay:BlueRogue","floor":8,"turns":10},{"damage":62,"enemies":"Gremlin Nob","floor":10,"turns":3}],"seed_played":"-2899704089234454217","potions_obtained":[{"floor":1,"key":"Block Potion"},{"floor":5,"key":"Fire Potion"}],"is_trial":false,"path_per_floor":["M","?","?","M","M","R","?","E","T","E"],"character_chosen":"HERMIT","items_purchased":[],"campfire_rested":0,"item_purchase_floors":[],"current_hp_per_floor":[71,60,60,58,57,57,57,24,24,0,0],"gold":276,"neow_bonus":"","is_daily":false,"chose_seed":false,"campfire_upgraded":1,"win_rate":0.0,"timestamp":1607834058,"path_taken":["M","?","?","M","M","R","?","E","T","E"],"items_purchased_type":[],"build_version":"2020-11-30","purchased_purges":0,"victory":false,"max_hp_per_floor":[75,75,75,75,75,75,75,75,75,75,75],"card_choices":[{"not_picked":["Scorched","PunishingBird"],"picked":"FieryBird","floor":1},{"not_picked":["hermit:CalledShot","hermit:Quickdraw"],"picked":"hermit:CursedWeapon","floor":1},{"not_picked":["Wellcheers","GalaxyChild"],"picked":"Bloodbath","floor":4},{"not_picked":["CherryBlossom","Wraith Form v2","DemoMod:TeaPot"],"picked":"SKIP","floor":4},{"not_picked":["Funeral","QueenBee","ShyLook"],"picked":"Singing Bowl","floor":5},{"not_picked":["SilentOrchestra","WallGazer"],"picked":"Wellcheers","floor":5},{"not_picked":["DTMod:Haste","hermit:HoleUp"],"picked":"Crescendo","floor":5},{"not_picked":["CherryBlossoms","MHz","Funeral"],"picked":"Singing Bowl","floor":8},{"not_picked":["Meditate","Gatherer:GatherMaterial"],"picked":"TheCursedMod:TacticalStrike","floor":8}],"player_experience":868600,"relics_obtained":[{"floor":8,"key":"Calipers"},{"floor":9,"key":"Replay:Rubber Ducky"}],"event_choices":[{"damage_healed":0,"gold_gain":75,"player_choice":"Gather Gold","damage_taken":11,"max_hp_gain":0,"max_hp_loss":0,"event_name":"World of Goop","floor":2,"gold_loss":0},{"damage_healed":0,"gold_gain":0,"player_choice":"Grow","damage_taken":0,"max_hp_gain":0,"max_hp_loss":0,"event_name":"Living Wall","floor":7,"gold_loss":0,"cards_upgraded":["Crescendo"]}],"is_beta":false,"boss_relics":[],"items_purged_floors":[],"is_endless":false,"potions_floor_spawned":[1,5],"killed_by":"Gremlin Nob","ascension_level":2}}