{"host":"ks12kfi5c4d9hdxy","time":1607884711,"event":{"mods":["BaseMod","Conspire","GifTheSpireLib","HololiveMod","Koishi","LagranYue(拉格朗・月)","Marisa（F雨　魔理沙）","Minty Spire (QoL Compilation)","Reimu（博丽灵梦）","Remilia（蕾米莉亚）","Replay The Spire","RumiaBox-露米娅的神秘盒子","StSLib","SuperFastMode","The Administrix","The Servant 0.9.4","Youmu（魂魄妖梦）","Yuyuko","【功能Mod】混沌之环修复补丁","【功能Mod】聪明的最终Boss","篝火指南"],"gold_per_floor":[117,129,169,134,42,74,100,125,125,168,118,149,149,210,210,337,337,383,425,475,475,475,475],"floor_reached":22,"playtime":764,"items_purged":[],"score":457,"play_id":"a7e100d6-6391-4bdc-bb2f-910a192c6c24","local_time":"20201214023831","is_ascension_mode":true,"campfire_choices":[{"floor":15.0,"key":"DIG"}],"circlet_count":0,"master_deck":["AscendersBane","Strike_MRS","Strike_MRS","Strike_MRS","Strike_MRS","Defend_MRS","Defend_MRS","Defend_MRS","Defend_MRS+1","MasterSpark","UpSweep","WitchOfGreed","WitchLeyline","SuperPerseids","WitchLeyline","Orbital+1","SporeBomb","SuperNova+1","WitchOfGreed","conspire:SpireCoStock","WitchLeyline","PropBag","JA","WitchLeyline"],"relics":["MiniHakkero","LagranYue:RandomDrawCardRelic","NeowsBlessing","Bottled Tornado","Replay:Kaleidoscope","LagranYue:GuideDeadRelic","SproutingBranch","Omamori","Oddly Smooth Stone","ReplayFunnel","War Paint","Calling Bell","Dream Catcher","Durian","Replay:Bottled Snecko","Blue Candle"],"acts_visited":["Exordium","TheCity"],"potions_floor_usage":[22,22],"damage_taken":[{"damage":0.0,"enemies":"Jaw Worm","floor":1.0,"turns":1.0},{"damage":0.0,"enemies":"Small Slimes","floor":2.0,"turns":1.0},{"damage":0.0,"enemies":"3 Sentries","floor":6.0,"turns":1.0},{"damage":6.0,"enemies":"2 Louse","floor":7.0,"turns":2.0},{"damage":16.0,"enemies":"Gremlin Nob","floor":8.0,"turns":3.0},{"damage":8.0,"enemies":"Lagavulin","floor":10.0,"turns":5.0},{"damage":22.0,"enemies":"Gremlin Nob","floor":12.0,"turns":4.0},{"damage":16.0,"enemies":"Lagavulin","floor":14.0,"turns":5.0},{"damage":21.0,"enemies":"Hexaghost","floor":16.0,"turns":7.0},{"damage":51.0,"enemies":"3 Byrds","floor":18.0,"turns":6.0},{"damage":27.0,"enemies":"Spheric Guardian","floor":19.0,"turns":5.0},{"damage":9.0,"enemies":"Centurion and Healer","floor":20.0,"turns":5.0},{"damage":60,"enemies":"conspire:MimicChest","floor":22,"turns":4}],"seed_played":"-9114659180929428923","potions_obtained":[{"floor":3.0,"key":"Energy Potion"},{"floor":6.0,"key":"Explosive Potion"},{"floor":7.0,"key":"Strength Potion"},{"floor":10.0,"key":"SteroidPotion"},{"floor":12.0,"key":"Strength Potion"},{"floor":14.0,"key":"DistilledChaos"},{"floor":16.0,"key":"LiquidMemories"},{"floor":16.0,"key":"SpeedPotion"},{"floor":19.0,"key":"Dexterity Potion"},{"floor":20.0,"key":"Ancient Potion"},{"floor":20.0,"key":"Strength Potion"}],"is_trial":false,"path_per_floor":["M","M","?","?","$","E","M","E","T","E","?","E","?","E","R","B",null,"M","M","M","?","?"],"character_chosen":"MARISA","items_purchased":["WitchLeyline","Orbital"],"campfire_rested":0,"item_purchase_floors":[5,5],"current_hp_per_floor":[63,63,35,52,52,52,46,30,30,36,36,26,26,25,25,19,62,38,37,42,42,0,0],"gold":475,"neow_bonus":"THREE_ENEMY_KILL","is_daily":false,"chose_seed":false,"campfire_upgraded":0,"win_rate":0.0,"timestamp":1607884711,"path_taken":["M","M","?","?","$","E","M","E","T","E","?","E","?","E","R","BOSS","M","M","M","?","?"],"items_purchased_type":["Card","Card"],"build_version":"2020-11-30","purchased_purges":0,"victory":false,"max_hp_per_floor":[70,70,70,70,70,70,70,70,70,70,70,70,70,70,70,70,75,75,75,75,75,75,75],"card_choices":[{"not_picked":["GravityBeat","SporeBomb"],"picked":"WitchOfGreed","floor":1.0},{"not_picked":["ChargeUpSpray","6A"],"picked":"WitchLeyline","floor":2.0},{"not_picked":["6A","NonDirectionalLaser"],"picked":"SuperPerseids","floor":3.0},{"not_picked":["PowerUp","GrandCross"],"picked":"SporeBomb","floor":6.0},{"not_picked":["WitchOfGreed","DC","DeepEcoloBomb"],"picked":"SKIP","floor":7.0},{"not_picked":["EventHorizon","EarthLightRay"],"picked":"SuperNova","floor":8.0},{"not_picked":["UnstableBomb","PowerUp"],"picked":"WitchOfGreed","floor":10.0},{"not_picked":["ChargingUp","SprinkleStarSeal"],"picked":"WitchLeyline","floor":12.0},{"not_picked":["GalacticHalo","GravityBeat"],"picked":"PropBag","floor":14.0},{"not_picked":["SatelliteIllusion","BigCrunch"],"picked":"JA","floor":16.0},{"not_picked":["PowerUp","UnstableBomb","MysteriousBeam"],"picked":"SKIP","floor":18.0},{"not_picked":["AlicesGift","OortCloud","DarkSpark"],"picked":"SKIP","floor":19.0},{"not_picked":["MagicChant","MilkyWay"],"picked":"WitchLeyline","floor":20.0}],"player_experience":448902,"relics_obtained":[{"floor":3.0,"key":"Bottled Tornado"},{"floor":6.0,"key":"Replay:Kaleidoscope"},{"floor":8.0,"key":"LagranYue:GuideDeadRelic"},{"floor":9.0,"key":"SproutingBranch"},{"floor":10.0,"key":"Omamori"},{"floor":12.0,"key":"Oddly Smooth Stone"},{"floor":14.0,"key":"ReplayFunnel"},{"floor":15.0,"key":"War Paint"},{"floor":17.0,"key":"Dream Catcher"},{"floor":17.0,"key":"Durian"},{"floor":17.0,"key":"Replay:Bottled Snecko"}],"event_choices":[{"damage_healed":17.0,"max_hp_gain":0.0,"max_hp_loss":0.0,"gold_gain":0.0,"event_name":"The Cleric","player_choice":"Healed","floor":4.0,"gold_loss":35.0,"damage_taken":0.0},{"damage_healed":0.0,"max_hp_gain":0.0,"max_hp_loss":0.0,"gold_gain":0.0,"event_name":"conspire:Investor","player_choice":"Invest 1","floor":11.0,"gold_loss":0.0,"damage_taken":0.0},{"damage_healed":0.0,"max_hp_gain":0.0,"max_hp_loss":0.0,"gold_gain":0.0,"event_name":"Upgrade Shrine","player_choice":"Upgraded","floor":13.0,"gold_loss":0.0,"damage_taken":0.0,"cards_upgraded":["SuperNova"]},{"damage_healed":0.0,"max_hp_gain":0.0,"max_hp_loss":0.0,"gold_gain":0.0,"event_name":"Cursed Tome","player_choice":"Ignored","floor":21.0,"gold_loss":0.0,"damage_taken":0.0}],"is_beta":false,"boss_relics":[{"not_picked":["Snecko Eye","EasyGame_NEW"],"picked":"Calling Bell"}],"items_purged_floors":[],"is_endless":false,"potions_floor_spawned":[6,7,12,14,16],"killed_by":"conspire:MimicChest","ascension_level":15}}