{"host":"d43m95u7l79th215","time":1607823835,"event":{"mods":["BaseMod","Colored Map","Downfall","Friendly Minions","GungeonMod","Hermit","Hubris","Hunter ??","Jorbs\u0027s Wanderer Trilogy","Marisa????????","Minty Spire (QoL Compilation)","Quick Restart","Replay The Spire","StSLib","The Cursed","The Necromancer","The Servant 0.9.4","[IsaacMod]????","vexMod"],"gold_per_floor":[99,129,129,145,176,176,201,201,229,229],"floor_reached":9,"playtime":561,"items_purged":[],"score":74,"play_id":"01592a52-d654-44bd-9ad6-5636cd574efd","local_time":"20201213024355","is_ascension_mode":true,"campfire_choices":[{"data":"Finger_Of_Death","floor":1,"key":"SMITH"},{"floor":3,"key":"REST"},{"floor":8,"key":"REST"}],"circlet_count":0,"master_deck":["Strike_W","Strike_W","Strike_W","Strike_W","Defend_W","Defend_W","Defend_W","Defend_W","Negative_Energy_Arrows","Bone_Wall","Finger_Of_Death+1","Skeleton_Dragon","Pandemic","Requiem"],"relics":["Vampire_Amulet","HushsDoor","GuppysPaw","ReplayTheSpireMod:Ninjato","Replay:Rubber Ducky","SalivaCoin"],"acts_visited":["Exordium"],"potions_floor_usage":[],"damage_taken":[{"damage":46,"enemies":"Lagavulin","floor":2,"turns":9},{"damage":0,"enemies":"Small Slimes","floor":4,"turns":4},{"damage":32,"enemies":"Gremlin Nob","floor":5,"turns":5},{"damage":53,"enemies":"Lagavulin","floor":9,"turns":6}],"seed_played":"-6544419601876851715","potions_obtained":[{"floor":0,"key":"Cursed Concoction"},{"floor":0,"key":"DemoMod:LeadSkinPotion"},{"floor":0,"key":"Cursed Concoction"},{"floor":5,"key":"SkillPotion"}],"is_trial":false,"path_per_floor":["R","E","R","M","E","?","T","R","E"],"character_chosen":"NECROMANCER","items_purchased":[],"campfire_rested":2,"item_purchase_floors":[],"current_hp_per_floor":[75,31,53,57,27,27,27,49,0,0],"gold":229,"neow_bonus":"THREE_SMALL_POTIONS","is_daily":false,"chose_seed":false,"campfire_upgraded":1,"win_rate":0.0,"timestamp":1607823835,"path_taken":["R","E","R","M","E","?","T","R","E"],"items_purchased_type":[],"build_version":"2020-11-30","purchased_purges":0,"victory":false,"max_hp_per_floor":[75,75,75,75,75,75,75,75,75,75],"card_choices":[{"not_picked":["Shackles_Of_Pain","Vampiric_Strike"],"picked":"Finger_Of_Death","floor":0},{"not_picked":["Hellfire","Blood_Whip"],"picked":"Skeleton_Dragon","floor":2},{"not_picked":["Bomb","Vampiric_Strike"],"picked":"Pandemic","floor":4},{"not_picked":["Shackles_Of_Pain","Blood_for_Blood"],"picked":"Requiem","floor":5}],"player_experience":412859,"relics_obtained":[{"floor":2,"key":"ReplayTheSpireMod:Ninjato"},{"floor":5,"key":"Replay:Rubber Ducky"},{"floor":7,"key":"SalivaCoin"}],"event_choices":[],"is_beta":false,"boss_relics":[],"items_purged_floors":[],"is_endless":false,"potions_floor_spawned":[5],"killed_by":"Lagavulin","ascension_level":2}}