{"host":"4par9lyhj7bf4dsa","time":1607832399,"event":{"mods":["AchievementEnabler","BaseMod","Colored Map","Minty Spire (QoL Compilation)","Relic Stats","StSLib"],"gold_per_floor":[114,128,2,2,22,60,85,85,85,99,134,134,147,226,226,324,324,342,14,39,64,64,64,79,79,79],"floor_reached":25,"playtime":1404,"items_purged":["Strike_G","Strike_G"],"score":355,"play_id":"6babb631-a382-4f5a-ae4f-ec38057bbd88","local_time":"20201213150639","is_ascension_mode":true,"campfire_choices":[{"floor":8,"key":"REST"},{"floor":12,"key":"REST"},{"floor":15,"key":"REST"},{"floor":23,"key":"REST"}],"circlet_count":0,"master_deck":["AscendersBane","Strike_G","Strike_G","Strike_G","Defend_G","Defend_G","Defend_G","Defend_G","Defend_G","Survivor","Neutralize+1","Masterful Stab","Blade Dance","Leg Sweep","Finisher","Cloak And Dagger","Dagger Throw","Noxious Fumes","Predator","Die Die Die","Concentrate","Night Terror","Concentrate+1","Backflip+1","Tools of the Trade"],"relics":["Ring of the Snake","Golden Idol","Bag of Marbles","Dream Catcher","The Courier","Regal Pillow","Runic Pyramid","Oddly Smooth Stone"],"acts_visited":["Exordium","TheCity"],"potions_floor_usage":[6,11,11,16,16,21],"damage_taken":[{"damage":3,"enemies":"Jaw Worm","floor":1,"turns":6},{"damage":0,"enemies":"2 Louse","floor":2,"turns":2},{"damage":3,"enemies":"Small Slimes","floor":5,"turns":3},{"damage":28,"enemies":"Lagavulin","floor":6,"turns":7},{"damage":4,"enemies":"Red Slaver","floor":7,"turns":2},{"damage":0,"enemies":"Blue Slaver","floor":10,"turns":4},{"damage":4,"enemies":"3 Sentries","floor":11,"turns":10},{"damage":0,"enemies":"3 Louse","floor":13,"turns":3},{"damage":12,"enemies":"Lagavulin Event","floor":14,"turns":4},{"damage":57,"enemies":"Slime Boss","floor":16,"turns":12},{"damage":9,"enemies":"Shell Parasite","floor":18,"turns":3},{"damage":0,"enemies":"Spheric Guardian","floor":20,"turns":3},{"damage":8,"enemies":"Snake Plant","floor":21,"turns":6},{"damage":59,"enemies":"Cultist and Chosen","floor":24,"turns":9},{"damage":7,"enemies":"Sentry and Sphere","floor":25,"turns":5}],"seed_played":"5564177550558573379","potions_obtained":[{"floor":5,"key":"Block Potion"},{"floor":6,"key":"SteroidPotion"},{"floor":13,"key":"Swift Potion"},{"floor":14,"key":"Energy Potion"},{"floor":20,"key":"SkillPotion"},{"floor":21,"key":"Dexterity Potion"}],"is_trial":false,"path_per_floor":["M","M","$","?","M","E","M","R","T","M","E","R","M","?","R","B",null,"M","$","M","M","?","R","M","M"],"character_chosen":"THE_SILENT","items_purchased":["SteroidPotion","Oddly Smooth Stone","Night Terror"],"campfire_rested":4,"item_purchase_floors":[3,19,19],"current_hp_per_floor":[60,60,60,43,40,12,8,29,29,29,25,46,46,34,70,13,56,47,47,47,39,39,70,11,4,4],"gold":79,"neow_bonus":"UPGRADE_CARD","is_daily":false,"chose_seed":false,"campfire_upgraded":0,"win_rate":0.0,"timestamp":1607832399,"path_taken":["M","M","$","?","M","E","M","R","T","M","E","R","M","?","R","BOSS","M","$","M","M","?","R","M","M"],"items_purchased_type":["Potion","Relic","Card"],"build_version":"2020-11-30","purchased_purges":2,"victory":false,"max_hp_per_floor":[70,70,70,70,70,70,70,70,70,70,70,70,70,70,70,70,70,70,70,70,70,70,70,70,70,70],"relic_stats":{"Dream Catcher":3,"Regal Pillow":25,"counters":[15,79],"Golden Idol":91,"obtain_stats":[{"Dream Catcher":9,"Regal Pillow":14,"Golden Idol":4,"Oddly Smooth Stone":19,"The Courier":11,"Bag of Marbles":6,"Ring of the Snake":0,"Runic Pyramid":17},{"Dream Catcher":5,"Regal Pillow":8,"Golden Idol":2,"Oddly Smooth Stone":11,"The Courier":7,"Bag of Marbles":4,"Ring of the Snake":0,"Runic Pyramid":10},{"Dream Catcher":20,"Regal Pillow":37,"Golden Idol":8,"Oddly Smooth Stone":56,"The Courier":34,"Bag of Marbles":18,"Ring of the Snake":0,"Runic Pyramid":53}],"Ring of the Snake":[30]},"card_choices":[{"not_picked":["Acrobatics","Blur"],"picked":"Masterful Stab","floor":1},{"not_picked":["Sucker Punch","Eviscerate"],"picked":"Blade Dance","floor":2},{"not_picked":["Underhanded Strike","Expertise","Flying Knee"],"picked":"SKIP","floor":5},{"not_picked":["Doppelganger","Escape Plan","Setup"],"picked":"SKIP","floor":6},{"not_picked":["Dagger Throw","Deadly Poison"],"picked":"Leg Sweep","floor":7},{"not_picked":["Bouncing Flask","Bane"],"picked":"Finisher","floor":10},{"not_picked":["Flechettes","Tactician"],"picked":"Cloak And Dagger","floor":11},{"not_picked":["Backstab","Heel Hook"],"picked":"Dagger Throw","floor":13},{"not_picked":["Bane","Tactician"],"picked":"Noxious Fumes","floor":14},{"not_picked":["Deflect","Slice"],"picked":"Predator","floor":15},{"not_picked":["Burst","A Thousand Cuts"],"picked":"Die Die Die","floor":16},{"not_picked":["Poisoned Stab","Slice"],"picked":"Concentrate","floor":18},{"not_picked":["Blade Dance","Underhanded Strike"],"picked":"Concentrate+1","floor":20},{"not_picked":["Blade Dance","Acrobatics","Dagger Throw"],"picked":"SKIP","floor":21},{"not_picked":["Deadly Poison","Acrobatics+1"],"picked":"Backflip+1","floor":23},{"not_picked":["Distraction","Slice"],"picked":"Tools of the Trade","floor":24}],"player_experience":867067,"relics_obtained":[{"floor":6,"key":"Bag of Marbles"},{"floor":9,"key":"Dream Catcher"},{"floor":11,"key":"The Courier"}],"event_choices":[{"damage_healed":0,"gold_gain":0,"player_choice":"Take Damage","damage_taken":17,"relics_obtained":["Golden Idol"],"max_hp_gain":0,"max_hp_loss":0,"event_name":"Golden Idol","floor":4,"gold_loss":0},{"damage_healed":0,"gold_gain":0,"player_choice":"Searched \u00272\u0027 times","damage_taken":0,"relics_obtained":["Regal Pillow"],"max_hp_gain":0,"max_hp_loss":0,"event_name":"Dead Adventurer","floor":14,"gold_loss":0},{"damage_healed":0,"gold_gain":0,"player_choice":"Ignored","damage_taken":0,"max_hp_gain":0,"max_hp_loss":0,"event_name":"Vampires","floor":22,"gold_loss":0}],"is_beta":false,"boss_relics":[{"not_picked":["Black Star","Ectoplasm"],"picked":"Runic Pyramid"}],"items_purged_floors":[3,19],"is_endless":false,"potions_floor_spawned":[5,6,7,13,14,20,21],"killed_by":"Sentry and Sphere","ascension_level":13}}