{"host":"c3hk8je00toj54f9","time":1607903838,"event":{"mods":["AchievementEnabler","Aspiration","BaseMod","BetterRewards","Conspire","Hubris","Lobotomy","LobotomyExtend","Minty Spire (QoL Compilation)","Rare Cards Sparkle","StSLib","SuperFastMode"],"gold_per_floor":[115,44,44,54,129,129,155,165,165,181,181,194,194,204,204,204,204],"floor_reached":16,"playtime":627,"items_purged":[],"score":102,"play_id":"bc1da520-0e0c-47a6-ba07-735989e4a40d","local_time":"20201213185718","is_ascension_mode":false,"campfire_choices":[{"floor":6,"key":"REST"},{"floor":11,"key":"REST"},{"floor":13,"key":"REST"},{"floor":15,"key":"REST"}],"circlet_count":0,"master_deck":["Strike_R","Strike_R","Strike_R","Strike_R","Strike_R","Defend_R","Defend_R","Defend_R","Defend_R","Bash","FairyFestival","Whirlwind","Demon Form","Bloodbath","Sentinel","MHz","Flex","ShyLook","Heavy Blade","RedShoes","conspire:HitWhereItHurts","LaLuna","Clothesline","CrumblingArmor","Shockwave"],"relics":["Burning Blood","CogitoBucket","LetterFromLob","aspiration:HiddenCompartment","Mercury Hourglass","HellTrain"],"acts_visited":["Exordium"],"potions_floor_usage":[8,16,16],"damage_taken":[{"damage":17,"enemies":"Small Slimes","floor":1,"turns":3},{"damage":11,"enemies":"Jaw Worm","floor":4,"turns":3},{"damage":74,"enemies":"Lagavulin","floor":7,"turns":8},{"damage":3,"enemies":"2 Louse","floor":8,"turns":3},{"damage":10,"enemies":"Large Slime","floor":10,"turns":4},{"damage":25,"enemies":"Looter","floor":12,"turns":3},{"damage":14,"enemies":"2 Fungi Beasts","floor":14,"turns":3},{"damage":86,"enemies":"The Guardian","floor":16,"turns":5}],"seed_played":"6937888196529997810","potions_obtained":[{"floor":7,"key":"Regen Potion"},{"floor":10,"key":"Weak Potion"},{"floor":12,"key":"AttackPotion"},{"floor":14,"key":"Swift Potion"}],"is_trial":false,"path_per_floor":["M","$","?","M","?","R","E","M","T","M","R","M","R","M","R","B"],"character_chosen":"IRONCLAD","items_purchased":["Demon Form"],"campfire_rested":4,"item_purchase_floors":[2],"current_hp_per_floor":[69,69,69,67,56,80,19,31,31,28,52,35,59,52,76,0,0],"gold":204,"neow_bonus":"","is_daily":false,"chose_seed":false,"campfire_upgraded":0,"win_rate":0.0,"timestamp":1607903838,"path_taken":["M","$","?","M","?","R","E","M","T","M","R","M","R","M","R","BOSS"],"items_purchased_type":["Card"],"build_version":"2020-12-13","purchased_purges":0,"victory":false,"max_hp_per_floor":[80,80,80,80,80,80,80,80,80,80,80,80,80,80,80,80,80],"card_choices":[{"not_picked":["OSAHOGD","ShyLook"],"picked":"FairyFestival","floor":1},{"not_picked":["Second Wind","Armaments"],"picked":"Whirlwind","floor":1},{"not_picked":["PunishingBird","Wellcheers"],"picked":"Bloodbath","floor":4},{"not_picked":["Battle Trance","hubris:ReadiedAction"],"picked":"Sentinel","floor":4},{"not_picked":["CherryBlossoms","UniverseFragment"],"picked":"MHz","floor":7},{"not_picked":["Sentinel","Fiend Fire"],"picked":"Flex","floor":7},{"not_picked":["MeltingLove","SpiderBud"],"picked":"ShyLook","floor":8},{"not_picked":["Perfected Strike","Feel No Pain"],"picked":"Heavy Blade","floor":8},{"not_picked":["UniverseFragment","OldLady"],"picked":"RedShoes","floor":10},{"not_picked":["Dropkick","Burning Pact"],"picked":"conspire:HitWhereItHurts","floor":10},{"not_picked":["OSAHOGD","UniverseFragment"],"picked":"LaLuna","floor":12},{"not_picked":["Ghostly Armor","Warcry"],"picked":"Clothesline","floor":12},{"not_picked":["LittleHelper","WhitesApple"],"picked":"CrumblingArmor","floor":14},{"not_picked":["Heavy Blade","Sword Boomerang"],"picked":"Shockwave","floor":14}],"player_experience":161424,"relics_obtained":[{"floor":1,"key":"LetterFromLob"},{"floor":7,"key":"aspiration:HiddenCompartment"},{"floor":9,"key":"Mercury Hourglass"}],"event_choices":[{"damage_healed":0,"gold_gain":0,"player_choice":"Disagree","damage_taken":0,"max_hp_gain":0,"max_hp_loss":0,"event_name":"conspire:LoneGhost","floor":3,"gold_loss":0},{"damage_healed":0,"gold_gain":75,"player_choice":"Gather Gold","damage_taken":11,"max_hp_gain":0,"max_hp_loss":0,"event_name":"World of Goop","floor":5,"gold_loss":0}],"is_beta":false,"boss_relics":[],"items_purged_floors":[],"is_endless":false,"potions_floor_spawned":[7,10,12,14],"killed_by":"The Guardian","ascension_level":0}}