{"host":"r5mr2vnv825vb4hc","time":1607842795,"event":{"mods":["Astrologer","BaseMod","Best Route Mod","CapriCore","Ekko","Hermit","Hero for Fun","KOR Keyword Fix","Koishi","Lobotomy","Minty Spire (QoL Compilation)","Potion Indicator Mod","Quick Restart","Rare Cards Sparkle","Replay The Spire","StSLib","The Cursed","The Dragon Tamer","The Gatherer","The Immortal","The Jungle"],"gold_per_floor":[109,109,126,140,140,173,190,200,200,200,200,200,214,214,214,214,214],"floor_reached":16,"playtime":781,"items_purged":[],"score":102,"play_id":"3e342b99-333a-4597-b333-c226c2742909","local_time":"20201213155955","is_ascension_mode":false,"campfire_choices":[{"floor":11,"key":"REST"},{"floor":15,"key":"REST"}],"circlet_count":0,"master_deck":["ekkoTheBoyWhoShatteredTime:Strike+1","ekkoTheBoyWhoShatteredTime:Strike","ekkoTheBoyWhoShatteredTime:Strike","ekkoTheBoyWhoShatteredTime:Strike","ekkoTheBoyWhoShatteredTime:Strike","ekkoTheBoyWhoShatteredTime:Defend","ekkoTheBoyWhoShatteredTime:Defend","ekkoTheBoyWhoShatteredTime:Defend","ekkoTheBoyWhoShatteredTime:Defend","ekkoTheBoyWhoShatteredTime:TimeMaster","ekkoTheBoyWhoShatteredTime:ZhonyasHourglass","ekkoTheBoyWhoShatteredTime:WaitForKeyTiming","ekkoTheBoyWhoShatteredTime:WideSlice","ekkoTheBoyWhoShatteredTime:WideSlice+1"],"relics":["ekkoTheBoyWhoShatteredTime:zDriveResonance","TungstenRod","Replay:WaspNest"],"acts_visited":["Exordium"],"potions_floor_usage":[6,6,6],"damage_taken":[{"damage":6,"enemies":"Jaw Worm","floor":1,"turns":4},{"damage":0,"enemies":"2 Louse","floor":3,"turns":4},{"damage":2,"enemies":"Cultist","floor":4,"turns":4},{"damage":46,"enemies":"Lagavulin","floor":6,"turns":8},{"damage":16,"enemies":"Large Slime","floor":7,"turns":9},{"damage":2,"enemies":"Blue Slaver","floor":8,"turns":5},{"damage":9,"enemies":"Looter","floor":13,"turns":3},{"damage":54,"enemies":"Fading Forest","floor":16,"turns":10}],"seed_played":"2429428912745683222","potions_obtained":[{"floor":4,"key":"Languid Potion"},{"floor":5,"key":"SkillPotion"},{"floor":5,"key":"SteroidPotion"},{"floor":6,"key":"Strength Potion"},{"floor":8,"key":"Dexterity Potion"},{"floor":13,"key":"Explosive Potion"}],"is_trial":false,"path_per_floor":["M","?","M","M","?","E","M","M","T","$","R","?","M","?","R","B"],"character_chosen":"EKKO_THE_BOY_WHO_SHATTERED_TIME","items_purchased":[],"campfire_rested":2,"item_purchase_floors":[],"current_hp_per_floor":[72,72,72,70,70,24,8,6,6,6,29,29,20,20,43,0,0],"gold":214,"neow_bonus":"ONE_RANDOM_RARE_CARD","is_daily":false,"chose_seed":false,"campfire_upgraded":0,"win_rate":0.0,"timestamp":1607842795,"path_taken":["M","?","M","M","?","E","M","?","T","$","R","?","M","?","R","BOSS"],"items_purchased_type":[],"build_version":"2020-11-30","purchased_purges":0,"victory":false,"max_hp_per_floor":[78,78,78,78,78,78,78,78,78,78,78,78,78,78,78,78,78],"card_choices":[{"not_picked":["ekkoTheBoyWhoShatteredTime:SpHit","ekkoTheBoyWhoShatteredTime:AfterimageSetup","ekkoTheBoyWhoShatteredTime:PlayTheBeat"],"picked":"SKIP","floor":1},{"not_picked":["ekkoTheBoyWhoShatteredTime:Backtrack","ekkoTheBoyWhoShatteredTime:DodgeTraining"],"picked":"ekkoTheBoyWhoShatteredTime:WaitForKeyTiming","floor":3},{"not_picked":["ekkoTheBoyWhoShatteredTime:SpHit","ekkoTheBoyWhoShatteredTime:NeedlesslyLargeRod","ekkoTheBoyWhoShatteredTime:DelayedWork"],"picked":"SKIP","floor":4},{"not_picked":["ekkoTheBoyWhoShatteredTime:Dash","ekkoTheBoyWhoShatteredTime:Overflow"],"picked":"ekkoTheBoyWhoShatteredTime:WideSlice","floor":6},{"not_picked":["ekkoTheBoyWhoShatteredTime:AfterimageBait","ekkoTheBoyWhoShatteredTime:Leap"],"picked":"ekkoTheBoyWhoShatteredTime:NaggingBlow","floor":7},{"not_picked":["ekkoTheBoyWhoShatteredTime:ItemsAfterimage","ekkoTheBoyWhoShatteredTime:Vibin","ekkoTheBoyWhoShatteredTime:WaitForKeyTiming"],"picked":"SKIP","floor":8},{"not_picked":["ekkoTheBoyWhoShatteredTime:HauntedAfterimage","ekkoTheBoyWhoShatteredTime:Backtrack","ekkoTheBoyWhoShatteredTime:Greed"],"picked":"SKIP","floor":13}],"player_experience":16436,"relics_obtained":[{"floor":6,"key":"TungstenRod"},{"floor":9,"key":"Replay:WaspNest"}],"event_choices":[{"damage_healed":0,"gold_gain":0,"player_choice":"Got Potions","damage_taken":0,"max_hp_gain":0,"max_hp_loss":0,"event_name":"Lab","floor":5,"gold_loss":0},{"damage_healed":0,"gold_gain":0,"player_choice":"Ignored","damage_taken":0,"max_hp_gain":0,"max_hp_loss":0,"event_name":"Golden Wing","floor":12,"gold_loss":0}],"is_beta":false,"boss_relics":[],"items_purged_floors":[],"is_endless":false,"potions_floor_spawned":[4,6,8,13],"killed_by":"Fading Forest","ascension_level":0}}