{"host":"yiit85oc4oi3nqs8","time":1607824419,"event":{"mods":["AchievementEnabler","BaseMod","Better Third Choice","Block Reminder","DeckTracker","Highlight Path","Keyboard Shortcuts","Minty Spire (QoL Compilation)","MonsterHotkey","Quick Restart","Random Character Button","Relic Stats","StSLib"],"gold_per_floor":[110,124,135,147,147,166,166,166,166,186,186,186,186,210,234,234,234,234,234,234,267,217,40,75,75,75,175,175,186,114,41,41,41,41,57,77,77,105,105,130,130,229,277,303,303,328,328,328,340,374,324,335,335,335,439,439,452,464,278,278,297,297,247,247,247,247,297,310,333,333,333,333,333,348,364,364,383,410,410,410,410,410,410,410,70,22,49,49],"floor_reached":89,"playtime":4525,"items_purged":["Defend_B","Defend_B","Defend_B","Strike_B+1","Strike_B+1","Leap","Self Repair+1"],"score":2193,"play_id":"676f3b60-3e29-4270-8f16-2d7be97f491f","local_time":"20201213105339","is_ascension_mode":true,"campfire_choices":[{"data":"Hologram","floor":7.0,"key":"SMITH"},{"data":"Dualcast","floor":8.0,"key":"SMITH"},{"data":"Inflame","floor":11.0,"key":"SMITH"},{"floor":12.0,"key":"REST"},{"data":"Go for the Eyes","floor":16.0,"key":"SMITH"},{"floor":18.0,"key":"REST"},{"data":"Defragment","floor":25.0,"key":"SMITH"},{"data":"Beam Cell","floor":26.0,"key":"SMITH"},{"data":"Self Repair","floor":37.0,"key":"SMITH"},{"data":"Seek","floor":39.0,"key":"SMITH"},{"data":"Seek","floor":47.0,"key":"SMITH"},{"floor":48.0,"key":"RECALL"},{"data":"Gash","floor":53.0,"key":"SMITH"},{"data":"FTL","floor":54.0,"key":"SMITH"},{"data":"Glacier","floor":64.0,"key":"SMITH"},{"data":"Echo Form","floor":65.0,"key":"SMITH"},{"data":"Machine Learning","floor":72.0,"key":"SMITH"},{"data":"Gash","floor":73.0,"key":"SMITH"},{"data":"All For One","floor":80.0,"key":"SMITH"},{"data":"Rebound","floor":81.0,"key":"SMITH"}],"circlet_count":0,"master_deck":["AscendersBane","Zap+1","Dualcast+1","FTL+1","Glacier+1","Go for the Eyes+1","Hologram+1","Inflame+1","Gash+1","Defragment+1","Beam Cell+1","Seek+1","Rebound+1","Gash+1","Hologram+1","Echo Form+1","All For One+1","Machine Learning+1","Capacitor","Gash+1"],"relics":["Cracked Core","Vajra","Odd Mushroom","Potion Belt","DataDisk","Omamori","Bottled Tornado","Smiling Mask","Coffee Dripper","Anchor","Blood Vial","Boot","Nunchaku","Question Card","Art of War","Red Mask","Busted Crown","Torii","Pocketwatch","Happy Flower","Bag of Preparation","Symbiotic Virus","Centennial Puzzle","Shuriken","Thread and Needle"],"acts_visited":["Exordium","TheCity","TheBeyond","TheEnding"],"potions_floor_usage":[88,88,88,88],"damage_taken":[{"damage":3.0,"enemies":"2 Louse","floor":1.0,"turns":4.0},{"damage":1.0,"enemies":"Cultist","floor":2.0,"turns":4.0},{"damage":7.0,"enemies":"Jaw Worm","floor":3.0,"turns":4.0},{"damage":0.0,"enemies":"Looter","floor":4.0,"turns":3.0},{"damage":1.0,"enemies":"2 Fungi Beasts","floor":6.0,"turns":4.0},{"damage":20.0,"enemies":"The Mushroom Lair","floor":10.0,"turns":4.0},{"damage":10.0,"enemies":"Lagavulin","floor":21.0,"turns":5.0},{"damage":6.0,"enemies":"3 Sentries","floor":24.0,"turns":9.0},{"damage":0.0,"enemies":"Slime Boss","floor":27.0,"turns":5.0},{"damage":0.0,"enemies":"Spheric Guardian","floor":29.0,"turns":3.0},{"damage":4.0,"enemies":"Shell Parasite","floor":35.0,"turns":3.0},{"damage":0.0,"enemies":"Cultist and Chosen","floor":36.0,"turns":4.0},{"damage":2.0,"enemies":"Book of Stabbing","floor":38.0,"turns":4.0},{"damage":28.0,"enemies":"Slavers","floor":40.0,"turns":5.0},{"damage":3.0,"enemies":"Gremlin Leader","floor":46.0,"turns":5.0},{"damage":0.0,"enemies":"Centurion and Healer","floor":49.0,"turns":3.0},{"damage":7.0,"enemies":"Masked Bandits","floor":50.0,"turns":4.0},{"damage":0.0,"enemies":"Shelled Parasite and Fungi","floor":52.0,"turns":2.0},{"damage":11.0,"enemies":"Champ","floor":55.0,"turns":8.0},{"damage":4.0,"enemies":"3 Darklings","floor":57.0,"turns":6.0},{"damage":16.0,"enemies":"3 Shapes","floor":58.0,"turns":6.0},{"damage":0.0,"enemies":"3 Darklings","floor":61.0,"turns":4.0},{"damage":42.0,"enemies":"Mind Bloom Boss Battle","floor":67.0,"turns":3.0},{"damage":0.0,"enemies":"Sphere and 2 Shapes","floor":68.0,"turns":3.0},{"damage":1.0,"enemies":"Spire Growth","floor":74.0,"turns":3.0},{"damage":18.0,"enemies":"Writhing Mass","floor":75.0,"turns":4.0},{"damage":0.0,"enemies":"Transient","floor":77.0,"turns":5.0},{"damage":0.0,"enemies":"Reptomancer","floor":78.0,"turns":2.0},{"damage":8.0,"enemies":"Time Eater","floor":82.0,"turns":6.0},{"damage":22.0,"enemies":"Shield and Spear","floor":87.0,"turns":3.0},{"damage":48,"enemies":"The Heart","floor":88,"turns":5}],"seed_played":"-237602269079742023","potions_obtained":[{"floor":3.0,"key":"FocusPotion"},{"floor":4.0,"key":"SpeedPotion"},{"floor":38.0,"key":"Fire Potion"},{"floor":40.0,"key":"Dexterity Potion"},{"floor":49.0,"key":"SkillPotion"},{"floor":50.0,"key":"Dexterity Potion"},{"floor":67.0,"key":"AttackPotion"},{"floor":68.0,"key":"SteroidPotion"},{"floor":75.0,"key":"Energy Potion"},{"floor":78.0,"key":"PowerPotion"}],"is_trial":false,"path_per_floor":["M","M","M","M","?","M","R","R","?","?","R","R","T","T","T","R","?","R","?","$","E","?","$","E","R","R","B",null,"M","$","$","?","?","?","M","M","R","E","R","E","?","?","T","T","T","E","R","R","M","?","$","M","R","R","B",null,"M","M","$","$","M","?","$","R","R","?","?","M","T","T","T","R","R","M","M","?","M","E","E","R","R","B",null,"R","$","$","E","B",null],"character_chosen":"DEFECT","items_purchased":["Gash","Defragment","Rebound","Gash","All For One","Capacitor","Shuriken","Swift Potion"],"campfire_rested":2,"item_purchase_floors":[23,23,30,31,59,85,85,86],"current_hp_per_floor":[65,64,57,57,57,56,56,56,29,9,9,29,29,29,29,29,15,35,57,57,47,47,47,41,41,41,41,61,61,61,61,49,49,49,45,52,52,60,60,44,44,44,44,44,44,53,53,53,65,70,70,73,73,73,72,73,73,73,73,73,73,73,73,73,73,73,41,43,43,43,43,43,43,44,48,48,70,72,72,72,72,73,73,73,73,73,51,5],"gold":49,"neow_bonus":"TRANSFORM_TWO_CARDS","is_daily":false,"chose_seed":false,"campfire_upgraded":17,"win_rate":0.0,"timestamp":1607824419,"path_taken":["M","M","M","M","?","?","R","R","?","?","R","R","T","T","T","R","?","R","?","?","E","?","?","E","R","R","BOSS","M","$","$","?","?","?","?","M","R","E","R","E","?","?","T","T","T","E","R","R","M","?","?","M","R","R","BOSS","M","M","$","$","M","?","?","R","R","?","?","M","T","T","T","R","R","M","M","?","?","E","E","R","R","BOSS","R","$","$","E","BOSS"],"items_purchased_type":["Card","Card","Card","Card","Card","Card","Relic","Potion"],"build_version":"2020-11-30","purchased_purges":7,"victory":true,"max_hp_per_floor":[68,68,68,68,68,68,68,68,68,68,68,68,68,68,68,68,68,68,68,68,68,68,68,68,68,68,68,68,68,68,68,73,73,73,73,73,73,73,73,73,73,73,73,73,73,73,73,73,73,73,73,73,73,73,73,73,73,73,73,73,73,73,73,73,73,73,73,73,73,73,73,73,73,73,73,73,73,73,73,73,73,73,73,73,73,73,73,73],"relic_stats":{"Torii":8,"Happy Flower":[9],"counters":[31,133],"Bag of Preparation":[14],"Smiling Mask":675,"Boot":[4],"Question Card":16,"Blood Vial":23,"Nunchaku":[28],"Centennial Puzzle":[9],"Busted Crown":22,"Shuriken":[12],"Art of War":[5],"obtain_stats":[{"Torii":62,"Vajra":9,"Bag of Preparation":70,"Bottled Tornado":21,"Smiling Mask":24,"Boot":40,"Blood Vial":38,"Nunchaku":44,"Centennial Puzzle":78,"Red Mask":50,"Cracked Core":0,"Potion Belt":13,"Happy Flower":69,"Thread and Needle":87,"Omamori":15,"Odd Mushroom":10,"Question Card":45,"DataDisk":14,"Anchor":34,"Busted Crown":56,"Shuriken":85,"Coffee Dripper":28,"Art of War":46,"Symbiotic Virus":71,"Pocketwatch":67},{"Torii":22,"Vajra":5,"Bag of Preparation":24,"Bottled Tornado":7,"Smiling Mask":8,"Boot":14,"Blood Vial":13,"Nunchaku":14,"Centennial Puzzle":28,"Red Mask":17,"Cracked Core":0,"Potion Belt":6,"Happy Flower":24,"Thread and Needle":30,"Omamori":6,"Odd Mushroom":6,"Question Card":14,"DataDisk":6,"Anchor":10,"Busted Crown":19,"Shuriken":29,"Coffee Dripper":9,"Art of War":15,"Symbiotic Virus":24,"Pocketwatch":23},{"Torii":99,"Vajra":19,"Bag of Preparation":105,"Bottled Tornado":28,"Smiling Mask":37,"Boot":61,"Blood Vial":56,"Nunchaku":61,"Centennial Puzzle":119,"Red Mask":73,"Cracked Core":0,"Potion Belt":23,"Happy Flower":105,"Thread and Needle":128,"Omamori":23,"Odd Mushroom":23,"Question Card":61,"DataDisk":23,"Anchor":45,"Busted Crown":83,"Shuriken":125,"Coffee Dripper":42,"Art of War":66,"Symbiotic Virus":105,"Pocketwatch":102}],"Pocketwatch":[5]},"card_choices":[{"not_picked":["Turbo","Beam Cell"],"picked":"Glacier","floor":1.0},{"not_picked":["Auto Shields","Consume","Steam Power"],"picked":"SKIP","floor":2.0},{"not_picked":["Stack","FTL"],"picked":"Go for the Eyes","floor":3.0},{"not_picked":["Coolheaded","Leap","Reinforced Body"],"picked":"SKIP","floor":4.0},{"not_picked":["Self Repair","Go for the Eyes"],"picked":"Hologram","floor":6.0},{"not_picked":["Chaos","Rainbow","Turbo"],"picked":"SKIP","floor":21.0},{"not_picked":["Undo","Ball Lightning"],"picked":"Beam Cell","floor":24.0},{"not_picked":["Electrodynamics","Rainbow"],"picked":"Seek","floor":27.0},{"not_picked":["Go for the Eyes","Hologram","Rip and Tear+1"],"picked":"SKIP","floor":29.0},{"not_picked":["Beam Cell","Steam+1"],"picked":"Self Repair","floor":35.0},{"not_picked":["Consume","Streamline+1","Scrape"],"picked":"SKIP","floor":36.0},{"not_picked":["Conserve Battery","Lockon"],"picked":"Seek","floor":38.0},{"not_picked":["Self Repair","Beam Cell","Lockon"],"picked":"SKIP","floor":40.0},{"not_picked":["Compile Driver+1","Lockon+1","Beam Cell"],"picked":"Hologram+1","floor":46.0},{"not_picked":["Leap","Redo+1","Rebound","Coolheaded+1"],"picked":"SKIP","floor":49.0},{"not_picked":["Biased Cognition","Glacier","Melter","Force Field"],"picked":"SKIP","floor":52.0},{"not_picked":["Multi-Cast","Buffer","Reboot"],"picked":"Echo Form","floor":55.0},{"not_picked":["Glacier+1","Conserve Battery"],"picked":"SKIP","floor":57.0},{"not_picked":["Stack+1","Redo+1"],"picked":"SKIP","floor":58.0},{"not_picked":["Streamline","Hello World+1"],"picked":"SKIP","floor":61.0},{"not_picked":["Coolheaded+1"],"picked":"Machine Learning","floor":67.0},{"not_picked":["Consume+1","Sweeping Beam"],"picked":"SKIP","floor":68.0},{"not_picked":["Genetic Algorithm+1","Streamline+1"],"picked":"SKIP","floor":74.0},{"not_picked":["Self Repair+1","Steam+1"],"picked":"SKIP","floor":75.0},{"not_picked":["Redo+1","Skim+1"],"picked":"SKIP","floor":77.0},{"not_picked":["Ball Lightning+1","Double Energy+1"],"picked":"SKIP","floor":78.0},{"not_picked":["Blizzard"],"picked":"Gash+1","floor":87.0}],"player_experience":389680,"relics_obtained":[{"floor":10.0,"key":"Odd Mushroom"},{"floor":13.0,"key":"Potion Belt"},{"floor":14.0,"key":"DataDisk"},{"floor":15.0,"key":"Omamori"},{"floor":21.0,"key":"Bottled Tornado"},{"floor":24.0,"key":"Smiling Mask"},{"floor":38.0,"key":"Blood Vial"},{"floor":40.0,"key":"Boot"},{"floor":44.0,"key":"Nunchaku"},{"floor":45.0,"key":"Question Card"},{"floor":46.0,"key":"Art of War"},{"floor":50.0,"key":"Red Mask"},{"floor":67.0,"key":"Pocketwatch"},{"floor":69.0,"key":"Happy Flower"},{"floor":70.0,"key":"Bag of Preparation"},{"floor":71.0,"key":"Symbiotic Virus"},{"floor":78.0,"key":"Centennial Puzzle"},{"floor":87.0,"key":"Thread and Needle"}],"event_choices":[{"damage_healed":0.0,"max_hp_gain":0.0,"max_hp_loss":0.0,"gold_gain":0.0,"event_name":"Upgrade Shrine","player_choice":"Upgraded","floor":5.0,"gold_loss":0.0,"damage_taken":0.0,"cards_upgraded":["Zap"]},{"damage_healed":0.0,"max_hp_gain":0.0,"max_hp_loss":0.0,"gold_gain":0.0,"event_name":"Mushrooms","player_choice":"Fought Mushrooms","floor":10.0,"gold_loss":0.0,"damage_taken":0.0},{"damage_healed":29.0,"max_hp_gain":0.0,"max_hp_loss":68.0,"gold_gain":0.0,"event_name":"betterThird:BetterShining","player_choice":"Upgrade","floor":17.0,"gold_loss":0.0,"damage_taken":14.0,"cards_upgraded":["Strike_B","Strike_B"]},{"damage_healed":22.0,"max_hp_gain":0.0,"max_hp_loss":0.0,"gold_gain":0.0,"event_name":"Big Fish","player_choice":"Banana","floor":19.0,"gold_loss":0.0,"damage_taken":0.0},{"cards_removed":["Strike_B"],"damage_healed":0.0,"max_hp_gain":0.0,"max_hp_loss":0.0,"gold_gain":0.0,"event_name":"The Cleric","player_choice":"Card Removal","floor":22.0,"gold_loss":50.0,"damage_taken":0.0},{"damage_healed":0.0,"max_hp_gain":5.0,"max_hp_loss":0.0,"gold_gain":0.0,"event_name":"Forgotten Altar","player_choice":"Shed Blood","floor":32.0,"gold_loss":0.0,"damage_taken":17.0},{"damage_healed":0.0,"max_hp_gain":0.0,"max_hp_loss":0.0,"gold_gain":0.0,"event_name":"Ghosts","player_choice":"Ignored","floor":33.0,"gold_loss":0.0,"damage_taken":0.0},{"damage_healed":0.0,"max_hp_gain":0.0,"max_hp_loss":0.0,"gold_gain":0.0,"event_name":"The Mausoleum","player_choice":"Opened","floor":34.0,"gold_loss":0.0,"damage_taken":0.0,"relics_obtained":["Anchor"],"cards_obtained":["Writhe"]},{"damage_healed":0.0,"max_hp_gain":0.0,"max_hp_loss":0.0,"gold_gain":0.0,"event_name":"Vampires","player_choice":"Ignored","floor":41.0,"gold_loss":0.0,"damage_taken":0.0},{"damage_healed":0.0,"max_hp_gain":0.0,"max_hp_loss":0.0,"gold_gain":99.0,"event_name":"betterThird:BetterNest","player_choice":"Steal","floor":42.0,"gold_loss":0.0,"damage_taken":0.0},{"damage_healed":0.0,"max_hp_gain":0.0,"max_hp_loss":0.0,"gold_gain":0.0,"event_name":"Masked Bandits","player_choice":"Fought Bandits","floor":50.0,"gold_loss":0.0,"damage_taken":0.0},{"damage_healed":0.0,"max_hp_gain":0.0,"max_hp_loss":0.0,"gold_gain":0.0,"event_name":"WeMeetAgain","player_choice":"Gave Potion","floor":62.0,"gold_loss":0.0,"damage_taken":0.0,"relics_obtained":["Torii"]},{"cards_removed":["Seek"],"damage_healed":0.0,"max_hp_gain":0.0,"max_hp_loss":0.0,"gold_gain":0.0,"event_name":"Falling","player_choice":"Removed Skill","floor":66.0,"gold_loss":0.0,"damage_taken":0.0},{"damage_healed":0.0,"max_hp_gain":0.0,"max_hp_loss":0.0,"gold_gain":0.0,"event_name":"MindBloom","player_choice":"Fight","floor":67.0,"gold_loss":0.0,"damage_taken":0.0},{"damage_healed":0.0,"max_hp_gain":0.0,"max_hp_loss":0.0,"gold_gain":0.0,"event_name":"SensoryStone","player_choice":"Memory 1","floor":76.0,"gold_loss":0.0,"damage_taken":0.0}],"is_beta":false,"boss_relics":[{"not_picked":["Nuclear Battery","Cursed Key"],"picked":"Coffee Dripper"},{"not_picked":["Inserter","Pandora\u0027s Box"],"picked":"Busted Crown"}],"items_purged_floors":[23,30,31,51,59,63,85],"is_endless":false,"potions_floor_spawned":[3,4,6,38,40,49,50,67,68,75,77,78],"ascension_level":11}}