{"host":"ow9msrs9p2ctkx99","time":1607854500,"event":{"mods":["AchievementEnabler","BaseMod","Colored Map","Colored Powertips","Minty Spire (QoL Compilation)","Permanent Neow","Quick Restart","SuperFastMode"],"gold_per_floor":[359,359,373,391,391,403,96,96,119,19,54,54,88,99,99,198,198,214,214,262,282,332,332,351,351,404,35,83,83,10,42,42,42,42],"floor_reached":33,"playtime":529,"items_purged":["Regret","Strike_B","Pain"],"score":420,"play_id":"1eb6581b-703b-4875-8e4f-ce874b10d944","local_time":"20201213111500","is_ascension_mode":true,"campfire_choices":[{"data":"Electrodynamics","floor":8.0,"key":"SMITH"},{"floor":12.0,"key":"REST"},{"data":"Dualcast","floor":15.0,"key":"SMITH"},{"data":"Biased Cognition","floor":23.0,"key":"SMITH"},{"floor":25.0,"key":"REST"},{"floor":32.0,"key":"REST"}],"circlet_count":0,"master_deck":["AscendersBane","Strike_B","Strike_B","Strike_B","Defend_B","Defend_B","Defend_B+1","Defend_B+1","Zap","Dualcast+1","BootSequence","Sweeping Beam","Turbo","Electrodynamics+1","FTL","Steam","Rebound","Turbo","Biased Cognition+1","Beam Cell","Capacitor","Skim+1","Leap+1","Decay","Dark Shackles","Shame","Skim","Steam Power+1","Stack+1"],"relics":["Cracked Core","Anchor","OrangePellets","Regal Pillow","Blood Vial","Ice Cream","Cursed Key","Dream Catcher","Frozen Eye","Omamori","Necronomicon","WingedGreaves"],"acts_visited":["Exordium","TheCity"],"potions_floor_usage":[33,33],"damage_taken":[{"damage":3.0,"enemies":"2 Louse","floor":1.0,"turns":2.0},{"damage":0.0,"enemies":"Small Slimes","floor":3.0,"turns":3.0},{"damage":5.0,"enemies":"Jaw Worm","floor":4.0,"turns":3.0},{"damage":1.0,"enemies":"3 Louse","floor":6.0,"turns":2.0},{"damage":10.0,"enemies":"3 Sentries","floor":11.0,"turns":4.0},{"damage":8.0,"enemies":"Gremlin Nob","floor":13.0,"turns":4.0},{"damage":0.0,"enemies":"Gremlin Gang","floor":14.0,"turns":1.0},{"damage":17.0,"enemies":"The Guardian","floor":16.0,"turns":14.0},{"damage":20.0,"enemies":"3 Byrds","floor":18.0,"turns":4.0},{"damage":10.0,"enemies":"Spheric Guardian","floor":21.0,"turns":3.0},{"damage":10.0,"enemies":"3 Cultists","floor":24.0,"turns":3.0},{"damage":24.0,"enemies":"Book of Stabbing","floor":31.0,"turns":5.0},{"damage":83,"enemies":"Automaton","floor":33,"turns":8}],"seed_played":"-920782959246142243","potions_obtained":[{"floor":3.0,"key":"Block Potion"},{"floor":4.0,"key":"FearPotion"},{"floor":11.0,"key":"Dexterity Potion"},{"floor":13.0,"key":"SteroidPotion"},{"floor":16.0,"key":"SpeedPotion"},{"floor":21.0,"key":"SkillPotion"},{"floor":31.0,"key":"SteroidPotion"}],"is_trial":false,"path_per_floor":["M","?","M","M","?","M","$","R","T","$","E","R","E","M","R","B",null,"M","?","T","M","?","R","M","R","T","$","T","?","$","E","R","B"],"character_chosen":"DEFECT","items_purchased":["OrangePellets","FTL","Dark Shackles","Frozen Eye","Skim"],"campfire_rested":3,"item_purchase_floors":[7,7,27,27,30],"current_hp_per_floor":[65,50,50,45,33,32,32,32,32,32,22,59,53,55,55,40,66,48,48,48,40,40,40,32,69,69,69,69,53,53,31,68,0,0],"gold":42,"neow_bonus":"TWO_FIFTY_GOLD","is_daily":false,"chose_seed":false,"campfire_upgraded":3,"win_rate":0.0,"timestamp":1607854500,"path_taken":["M","?","M","M","?","M","$","R","T","$","E","R","E","M","R","BOSS","M","?","?","M","?","R","?","R","T","?","?","?","$","E","R","BOSS"],"items_purchased_type":["Relic","Card","Card","Relic","Card"],"build_version":"2020-11-30","purchased_purges":3,"victory":false,"max_hp_per_floor":[75,75,75,75,75,75,75,75,75,75,75,75,75,75,75,75,75,75,75,75,75,75,75,75,75,75,75,75,75,75,75,75,75,75],"card_choices":[{"not_picked":["Gash","Leap"],"picked":"BootSequence","floor":1.0},{"not_picked":["Conserve Battery","BootSequence"],"picked":"Sweeping Beam","floor":3.0},{"not_picked":["Redo","Leap"],"picked":"Turbo","floor":4.0},{"not_picked":["Rebound","Stack"],"picked":"Electrodynamics","floor":6.0},{"not_picked":["Static Discharge","Lockon"],"picked":"Steam","floor":11.0},{"not_picked":["Reinforced Body","Cold Snap"],"picked":"Rebound","floor":13.0},{"not_picked":["Force Field","Streamline"],"picked":"Turbo","floor":14.0},{"not_picked":["Hyperbeam","Rainbow"],"picked":"Biased Cognition","floor":16.0},{"not_picked":["Sweeping Beam","Leap"],"picked":"Beam Cell","floor":18.0},{"not_picked":["Ball Lightning","Melter"],"picked":"Skim+1","floor":21.0},{"not_picked":["Scrape+1","Steam"],"picked":"Leap+1","floor":24.0},{"not_picked":["Undo","Cold Snap+1"],"picked":"Steam Power+1","floor":31.0},{"not_picked":["Go for the Eyes","Reprogram"],"picked":"Stack+1","floor":32.0}],"player_experience":1006508,"relics_obtained":[{"floor":9.0,"key":"Regal Pillow"},{"floor":11.0,"key":"Blood Vial"},{"floor":13.0,"key":"Ice Cream"},{"floor":26.0,"key":"Dream Catcher"},{"floor":28.0,"key":"Omamori"},{"floor":29.0,"key":"Necronomicon"},{"floor":31.0,"key":"WingedGreaves"}],"event_choices":[{"damage_healed":0.0,"max_hp_gain":0.0,"max_hp_loss":0.0,"gold_gain":0.0,"event_name":"Shining Light","player_choice":"Entered Light","floor":2.0,"gold_loss":0.0,"damage_taken":15.0,"cards_upgraded":["Defend_B","Defend_B"]},{"damage_healed":0.0,"max_hp_gain":0.0,"max_hp_loss":0.0,"gold_gain":0.0,"event_name":"Scrap Ooze","player_choice":"Success","floor":5.0,"gold_loss":0.0,"damage_taken":12.0,"relics_obtained":["Anchor"]},{"damage_healed":0.0,"max_hp_gain":0.0,"max_hp_loss":0.0,"gold_gain":0.0,"event_name":"The Library","player_choice":"Read","floor":19.0,"gold_loss":0.0,"damage_taken":0.0,"cards_obtained":["Capacitor"]},{"damage_healed":0.0,"max_hp_gain":0.0,"max_hp_loss":0.0,"gold_gain":100.0,"event_name":"The Joust","player_choice":"Bet on Murderer","floor":22.0,"gold_loss":50.0,"damage_taken":0.0},{"damage_healed":0.0,"max_hp_gain":0.0,"max_hp_loss":0.0,"gold_gain":0.0,"event_name":"Cursed Tome","player_choice":"Obtained Book","floor":29.0,"gold_loss":0.0,"damage_taken":16.0}],"is_beta":false,"boss_relics":[{"not_picked":["Empty Cage","Snecko Eye"],"picked":"Cursed Key"}],"items_purged_floors":[7,10,27],"is_endless":false,"potions_floor_spawned":[3,4,11,13,16,21,31],"killed_by":"Automaton","ascension_level":11}}