{"host":"vm8b3ptwl81uq21f","time":1607839568,"event":{"mods":["BaseMod","BetterRewards","Colored Powertips","Downfall","GifTheSpireLib","Googly Eyes","GungeonMod","Halation","Hubris","Minty Spire (QoL Compilation)","Quick Restart","Rare Cards Sparkle","Replay The Spire","Shop Mod","StSLib","Stuff the Spire","The Bug Knight","The IronCluck","[IsaacMod]????"],"gold_per_floor":[99,127,147,162,175,186,261,279,279,306,317,327,327,327,344,446,446,371,401,58,131,142,157,157,157,82,116,133,152,163,163,182,285,285,285,316,326,326,338,377,798,798,816,816,826,652,0,13,28,28],"floor_reached":51,"playtime":2556,"items_purged":["Slimebound:Tackle","Slimebound:Strike_Slimebound"],"score":835,"play_id":"51f27103-96d3-473f-87f3-4c981c119b65","local_time":"20201213010608","is_ascension_mode":false,"campfire_choices":[{"data":"Slimebound:Split","floor":1,"key":"SMITH"},{"data":"Slimebound:OneTwoCombo","floor":18,"key":"SMITH"},{"data":"Slimebound:MassRepurpose","floor":26,"key":"SMITH"},{"data":"Slimebound:Prepare","floor":35,"key":"SMITH"},{"data":"Slimebound:SplitMire","floor":38,"key":"SMITH"},{"data":"Slimebound:SlimeSpikes","floor":42,"key":"SMITH"},{"floor":44,"key":"REST"}],"circlet_count":0,"master_deck":["Slimebound:Strike_Slimebound","Slimebound:Strike_Slimebound","Slimebound:Defend_Slimebound","Slimebound:Defend_Slimebound","Slimebound:Defend_Slimebound","Slimebound:Defend_Slimebound","Slimebound:Split+1","Slimebound:CorrosiveSpit","Slimebound:SplitMire+1","Slimebound:SlimeSpikes+1","Slimebound:SplitBruiser","Slimebound:SplitMire","Slimebound:SplitBruiser","Slimebound:MinionMaster+1","Slimebound:SplitAcid","Slimebound:MassRepurpose+1","Slimebound:OneTwoCombo+1","Slimebound:Equalize","Slimebound:SplitAcid","Slimebound:OozeBath+1","Slimebound:SplitBruiser+1","Slimebound:Prepare+1","Slimebound:Recycling+1","Slimebound:LeadByExample+1","Slimebound:SlimeBrawl","Slimebound:Repurpose+1","Slimebound:SplitMire+1","Slimebound:SplitLeeching+1"],"relics":["HushsDoor","YumHeart","GuppysTail","Void","ReplayTheSpireMod:Ring of Collecting","Philosopher\u0027s Stone","GuppysHairball","downfall:HeartBlessingGreen","BookofShadows","Singing Bowl","downfall:HeartBlessingBlue","Golden Egg","Painkiller Herb","hubris:Zylophone","StuffTheSpire:PointBlank","Bottled Lightning","Bronze Scales","hubris:EmptyBottle","hubris:TinFlute","Oddly Smooth Stone"],"acts_visited":["Exordium","TheCity","TheBeyond"],"potions_floor_usage":[16,16,16,30,33,33,33,50,50,50,50],"damage_taken":[{"damage":9,"enemies":"3 Sentries","floor":2,"turns":2},{"damage":13,"enemies":"Jaw Worm","floor":3,"turns":3},{"damage":8,"enemies":"Small Slimes","floor":4,"turns":3},{"damage":4,"enemies":"Cultist","floor":5,"turns":3},{"damage":29,"enemies":"Red Slaver","floor":6,"turns":3},{"damage":45,"enemies":"Lots of Slimes","floor":8,"turns":3},{"damage":32,"enemies":"Gremlin Nob","floor":10,"turns":3},{"damage":18,"enemies":"Blue Slaver","floor":11,"turns":3},{"damage":44,"enemies":"Gremlin Gang","floor":12,"turns":3},{"damage":24,"enemies":"Large Slime","floor":15,"turns":3},{"damage":40,"enemies":"downfall:Watcher","floor":16,"turns":7},{"damage":46,"enemies":"Book of Stabbing","floor":19,"turns":3},{"damage":32,"enemies":"downfall:FleeingMerchant","floor":20,"turns":4},{"damage":24,"enemies":"Chosen","floor":22,"turns":2},{"damage":20,"enemies":"3 Byrds","floor":23,"turns":2},{"damage":38,"enemies":"Gremlin Leader","floor":27,"turns":4},{"damage":18,"enemies":"Cultist and Chosen","floor":28,"turns":3},{"damage":29,"enemies":"Shelled Parasite and Fungi","floor":29,"turns":3},{"damage":16,"enemies":"Snecko","floor":30,"turns":3},{"damage":24,"enemies":"Chosen and Byrds","floor":32,"turns":3},{"damage":37,"enemies":"downfall:Silent","floor":33,"turns":4},{"damage":63,"enemies":"Reptomancer","floor":36,"turns":3},{"damage":17,"enemies":"Orb Walker","floor":37,"turns":2},{"damage":8,"enemies":"3 Shapes","floor":39,"turns":4},{"damage":47,"enemies":"Writhing Mass","floor":43,"turns":2},{"damage":29,"enemies":"3 Darklings","floor":45,"turns":3},{"damage":16,"enemies":"downfall:FleeingMerchant","floor":46,"turns":3},{"damage":12,"enemies":"Sphere and 2 Shapes","floor":48,"turns":2},{"damage":37,"enemies":"Spire Growth","floor":49,"turns":3},{"damage":40,"enemies":"downfall:Ironclad","floor":50,"turns":4}],"seed_played":"2637847814658230017","potions_obtained":[{"floor":4,"key":"Slimebound:SpawnSlimePotion"},{"floor":11,"key":"Adrenaline Potion"},{"floor":12,"key":"LiquidMemories"},{"floor":15,"key":"hexamod:EctoCoolerPotion"},{"floor":23,"key":"Swift Potion"},{"floor":27,"key":"ColorlessPotion"},{"floor":29,"key":"Adrenaline Potion"},{"floor":32,"key":"Fire Potion"},{"floor":37,"key":"Energy Potion"},{"floor":45,"key":"Slimebound:SlimyTonguePotion"},{"floor":48,"key":"champ:CounterPotion"}],"is_trial":false,"path_per_floor":["R","E","M","M","M","M","T","M","?","E","M","M","?","?","M","B",null,"R","E","$","T","M","M","T","?","R","E","M","M","M","?","M","B",null,"T","E","?","T","?","?","T","T","?","T","?","?","T","?","?","B",null],"character_chosen":"SLIMEBOUND","items_purchased":["GuppysHairball","Slimebound:OneTwoCombo","BookofShadows","Slimebound:Equalize","Bottled Lightning","Bronze Scales","hubris:EmptyBottle","hubris:TinFlute","Oddly Smooth Stone"],"campfire_rested":1,"item_purchase_floors":[17,17,20,20,46,46,47,47,47],"current_hp_per_floor":[66,57,64,66,66,53,53,57,57,49,47,48,48,48,48,36,52,52,26,34,34,50,54,54,54,64,60,64,68,68,68,68,68,68,68,66,70,70,72,46,46,46,48,70,67,73,73,73,66,76],"gold":28,"neow_bonus":"TEN_PERCENT_HP_BONUS","is_daily":false,"chose_seed":false,"campfire_upgraded":6,"win_rate":0.0,"timestamp":1607839568,"path_taken":["R","E","M","M","M","M","T","M","?","E","M","M","?","?","M","BOSS","R","E","$","?","M","M","T","?","R","E","M","M","M","?","M","BOSS","T","E","?","T","?","?","T","T","?","T","?","?","T","?","?","BOSS"],"items_purchased_type":["Relic","Card","Relic","Card","Relic","Relic","Relic","Relic","Relic"],"build_version":"2020-11-30","purchased_purges":2,"victory":true,"max_hp_per_floor":[66,66,66,66,66,66,66,66,66,66,66,66,66,66,66,66,52,52,52,52,52,54,54,54,54,64,66,68,68,68,68,68,68,68,68,70,70,70,72,74,74,74,74,74,76,76,76,76,76,76],"card_choices":[{"not_picked":[],"picked":"Bomb","floor":0},{"not_picked":["Slimebound:GoopSpray","Slimebound:FinishingTackle"],"picked":"Slimebound:SplitMire","floor":2},{"not_picked":["Slimebound:GrowthPunch","Slimebound:FirmFortitude"],"picked":"Slimebound:SlimeSpikes","floor":3},{"not_picked":["Bomb","Slimebound:SplitMire"],"picked":"Slimebound:SplitBruiser","floor":4},{"not_picked":["Slimebound:GrowthPunch","Slimebound:GoopSpray"],"picked":"Slimebound:SplitMire","floor":5},{"not_picked":["Slimebound:LeechingTouch","Slimebound:FlameTackle"],"picked":"Slimebound:SplitBruiser","floor":6},{"not_picked":["Bomb","Slimebound:SplitAcid"],"picked":"Slimebound:MinionMaster","floor":8},{"not_picked":["Slimebound:RejuvenatingLick","Slimebound:AcidTongue","Slimebound:FlameTackle"],"picked":"SKIP","floor":10},{"not_picked":["Slimebound:ForwardTackle","Bomb"],"picked":"Slimebound:SplitAcid","floor":11},{"not_picked":["Slimebound:ForwardTackle","Slimebound:GoopSpray","Slimebound:LeechingTouch"],"picked":"SKIP","floor":12},{"not_picked":["Slimebound:DuplicatedForm","Slimebound:PressTheAttack","Slimebound:FinishingTackle"],"picked":"SKIP","floor":15},{"not_picked":["Slimebound:RallyTheTroops","Slimebound:LeechLife"],"picked":"Slimebound:MassRepurpose","floor":16},{"not_picked":["Slimebound:GoopSpray+1","Slimebound:Nibble","Slimebound:DisruptingSlam+1"],"picked":"SKIP","floor":19},{"not_picked":["Slimebound:GrowthPunch+1","Slimebound:LeechEnergy","Slimebound:AcidTongue"],"picked":"SKIP","floor":20},{"not_picked":["Slimebound:GoopSpray","Slimebound:GoopTackle","Slimebound:RainOfGoop"],"picked":"Singing Bowl","floor":22},{"not_picked":["Slimebound:Chomp","Slimebound:LivingWall"],"picked":"Slimebound:SplitAcid","floor":23},{"not_picked":["Slimebound:FinishingTackle","Slimebound:Chomp","Slimebound:AcidTongue+1"],"picked":"Singing Bowl","floor":27},{"not_picked":["Slimebound:GoopSpray","Slimebound:LeechEnergy+1","Slimebound:ViciousTackle"],"picked":"Singing Bowl","floor":28},{"not_picked":["Slimebound:ViciousTackle","Slimebound:PressTheAttack+1"],"picked":"Slimebound:OozeBath","floor":29},{"not_picked":["Slimebound:Replication+1","Slimebound:FlameTackle"],"picked":"Slimebound:SplitBruiser+1","floor":30},{"not_picked":["Slimebound:SplitAcid","Slimebound:LeechEnergy+1"],"picked":"Slimebound:Prepare","floor":32},{"not_picked":["Slimebound:MassFeed","Slimebound:SlimeSlap"],"picked":"Slimebound:Recycling","floor":33},{"not_picked":["Slimebound:SlimeBrawl","Slimebound:LeechEnergy","Slimebound:GoopSpray"],"picked":"Singing Bowl","floor":36},{"not_picked":["Slimebound:RollThrough","Slimebound:FormOfPuddle"],"picked":"Slimebound:LeadByExample+1","floor":37},{"not_picked":["Slimebound:DisruptingSlam","Slimebound:ViciousTackle","Slimebound:FinishingTackle+1"],"picked":"Singing Bowl","floor":39},{"not_picked":["Slimebound:RollThrough","Slimebound:AcidTongue","Slimebound:PressTheAttack+1"],"picked":"Singing Bowl","floor":40},{"not_picked":["Slimebound:SlimeSpikes+1","Slimebound:PressTheAttack+1"],"picked":"Slimebound:SlimeBrawl","floor":43},{"not_picked":["Slimebound:FinishingTackle","Slimebound:LivingWall","Slimebound:FirmFortitude+1"],"picked":"Singing Bowl","floor":45},{"not_picked":["Slimebound:CheckThePlaybook","Slimebound:SplitLeeching+1"],"picked":"Slimebound:Repurpose+1","floor":46},{"not_picked":["Slimebound:Dissolve+1","Slimebound:ViciousTackle+1"],"picked":"Slimebound:SplitMire+1","floor":48},{"not_picked":["Slimebound:Schlurp","Slimebound:LeechingTouch+1"],"picked":"Slimebound:SplitLeeching+1","floor":49}],"player_experience":279982,"relics_obtained":[{"floor":2,"key":"GuppysTail"},{"floor":7,"key":"Void"},{"floor":9,"key":"ReplayTheSpireMod:Ring of Collecting"},{"floor":10,"key":"Snack Pack"},{"floor":19,"key":"hubris:MedicalManual"},{"floor":21,"key":"ReplayTheSpireMod:Ring of Exchange"},{"floor":21,"key":"Singing Bowl"},{"floor":24,"key":"ReplayTheSpireMod:Ring of Challenge"},{"floor":27,"key":"Golden Egg"},{"floor":36,"key":"Eternal Feather"},{"floor":40,"key":"hubris:Zylophone"},{"floor":41,"key":"Ring of Greed"},{"floor":41,"key":"StuffTheSpire:PointBlank"},{"floor":41,"key":"Replay:Wax Seal"},{"floor":41,"key":"Old Coin"}],"event_choices":[{"damage_healed":0,"gold_gain":0,"player_choice":"Forge","damage_taken":0,"max_hp_gain":0,"max_hp_loss":0,"event_name":"Accursed Blacksmith","floor":14,"gold_loss":0,"cards_upgraded":["Slimebound:MinionMaster"]}],"is_beta":false,"boss_relics":[{"not_picked":["Replay:Drink Me","Replay:Bronze Core"],"picked":"Philosopher\u0027s Stone"},{"not_picked":[]},{"not_picked":["ReplayTheSpireMod:CursedCoin","hubris:VirtuousBlindfold"],"picked":"Painkiller Herb"},{"not_picked":[]}],"items_purged_floors":[46,47],"is_endless":false,"potions_floor_spawned":[4,11,12,15,23,27,29,32,37,45,48,49],"ascension_level":0}}