{"host":"a1bw7lw6d0kskskg","time":1607903284,"event":{"mods":["AchievementEnabler","BaseMod","Better Note","Better Skull","Block Reminder","Colored Map","Colored Powertips","Downfall","Koishi","Minty Spire (QoL Compilation)","Quick Restart","Rare Cards Sparkle","Relic Stats","StSLib","The IronCluck","Waifu the Spire","everything is the same but u backflip on backflip","slay the spire mod where everything is the same but ironclad has a cowboy hat"],"gold_per_floor":[117,42,42,61,73,73,93,93,93,104,131,131,161,179,179,277,277,294,244,344,360,360,360,375,375,375,375,409,459,459,329,329,431,431,449,252,270,280,80,80,80,30,30,44,70,88,38,69,69,69,69,69,19,53,53],"floor_reached":56,"playtime":2727,"items_purged":["Regret","Defend_R","Defend_R","Defend_R","Defend_R","Strike_R","Parasite","Bash"],"score":1324,"play_id":"bcd2d37a-8d98-4134-8dd6-99597bdf897b","local_time":"20201214004804","is_ascension_mode":true,"campfire_choices":[{"data":"Uppercut","floor":12.0,"key":"SMITH"},{"data":"Iron Wave","floor":15.0,"key":"SMITH"},{"data":"Double Tap","floor":23.0,"key":"SMITH"},{"floor":25.0,"key":"RECALL"},{"data":"Shrug It Off","floor":27.0,"key":"SMITH"},{"data":"1","floor":30.0,"key":"LIFT"},{"data":"Shrug It Off","floor":32.0,"key":"SMITH"},{"data":"Barricade","floor":40.0,"key":"SMITH"},{"data":"2","floor":49.0,"key":"LIFT"},{"data":"3","floor":52.0,"key":"LIFT"}],"circlet_count":0,"master_deck":["Strike_R","Uppercut+1","Iron Wave+1","Shrug It Off+1","Shrug It Off+1","Clash","Double Tap+1","Dropkick","Barricade+1","Pommel Strike+1"],"relics":["Burning Blood","Shuriken","Mango","Smiling Mask","Busted Crown","Girya","Happy Flower","Black Star","Bag of Marbles","Sundial","Oddly Smooth Stone","The Courier","Pen Nib","Blue Candle","Gambling Chip","Art of War"],"acts_visited":["Exordium","TheCity","TheBeyond","TheEnding"],"potions_floor_usage":[55],"damage_taken":[{"damage":10.0,"enemies":"Cultist","floor":1.0,"turns":5.0},{"damage":18.0,"enemies":"Jaw Worm","floor":4.0,"turns":4.0},{"damage":0.0,"enemies":"2 Louse","floor":5.0,"turns":2.0},{"damage":8.0,"enemies":"Blue Slaver","floor":7.0,"turns":5.0},{"damage":6.0,"enemies":"Red Slaver","floor":10.0,"turns":5.0},{"damage":9.0,"enemies":"3 Sentries","floor":11.0,"turns":10.0},{"damage":41.0,"enemies":"Lagavulin","floor":13.0,"turns":13.0},{"damage":7.0,"enemies":"Exordium Thugs","floor":14.0,"turns":6.0},{"damage":61.0,"enemies":"Slime Boss","floor":16.0,"turns":17.0},{"damage":4.0,"enemies":"3 Byrds","floor":18.0,"turns":7.0},{"damage":10.0,"enemies":"Spheric Guardian","floor":21.0,"turns":4.0},{"damage":3.0,"enemies":"Shelled Parasite and Fungi","floor":24.0,"turns":5.0},{"damage":29.0,"enemies":"Book of Stabbing","floor":28.0,"turns":5.0},{"damage":13.0,"enemies":"Collector","floor":33.0,"turns":7.0},{"damage":1.0,"enemies":"3 Darklings","floor":35.0,"turns":4.0},{"damage":0.0,"enemies":"Orb Walker","floor":37.0,"turns":3.0},{"damage":6.0,"enemies":"Spire Growth","floor":38.0,"turns":4.0},{"damage":0.0,"enemies":"Jaw Worm Horde","floor":44.0,"turns":3.0},{"damage":21.0,"enemies":"Nemesis","floor":45.0,"turns":7.0},{"damage":2.0,"enemies":"Writhing Mass","floor":46.0,"turns":5.0},{"damage":5.0,"enemies":"Giant Head","floor":48.0,"turns":5.0},{"damage":24.0,"enemies":"Donu and Deca","floor":50.0,"turns":6.0},{"damage":28.0,"enemies":"Shield and Spear","floor":54.0,"turns":5.0},{"damage":102,"enemies":"The Heart","floor":55,"turns":11}],"seed_played":"956711200961262555","potions_obtained":[{"floor":1.0,"key":"HeartOfIron"},{"floor":7.0,"key":"Explosive Potion"},{"floor":10.0,"key":"FairyPotion"},{"floor":13.0,"key":"BloodPotion"},{"floor":21.0,"key":"SkillPotion"},{"floor":33.0,"key":"hexamod:EctoCoolerPotion"},{"floor":37.0,"key":"Block Potion"},{"floor":38.0,"key":"SpeedPotion"},{"floor":44.0,"key":"Fruit Juice"},{"floor":54.0,"key":"Guardian:BlockOnCardUsePotion"}],"is_trial":false,"path_per_floor":["M","$","?","M","M","?","M","?","T","M","E","R","E","M","R","B",null,"M","$","?","M","?","R","M","R","T","R","E","T","R","$","R","B",null,"M","$","M","M","$","R","?","$","T","M","E","M","$","E","R","B",null,"R","$","E","B",null],"character_chosen":"IRONCLAD","items_purchased":["Dropkick","Barricade","Bag of Marbles"],"campfire_rested":0,"item_purchase_floors":[31,36,39],"current_hp_per_floor":[92,92,92,80,86,86,84,77,77,77,88,88,53,52,52,19,110,110,110,110,106,106,106,109,109,109,109,86,86,86,86,86,79,110,110,110,110,110,110,110,110,110,110,115,100,104,104,105,105,87,112,112,112,90,27],"gold":53,"neow_bonus":"TWENTY_PERCENT_HP_BONUS","is_daily":false,"chose_seed":false,"campfire_upgraded":6,"win_rate":0.0,"timestamp":1607903284,"path_taken":["M","$","?","M","M","?","M","?","T","M","E","R","E","M","R","BOSS","M","$","?","?","?","R","M","R","T","R","E","?","R","$","R","BOSS","M","$","M","M","$","R","?","$","T","M","E","M","?","E","R","BOSS","R","$","E","BOSS"],"items_purchased_type":["Card","Card","Relic"],"build_version":"2020-11-30","purchased_purges":8,"victory":true,"max_hp_per_floor":[96,96,96,96,96,96,96,96,96,96,110,110,110,110,110,110,110,110,110,110,110,110,110,110,110,110,110,110,110,110,110,110,110,110,110,110,110,110,110,110,110,110,110,115,115,115,112,112,112,112,112,112,112,112,112],"relic_stats":{"Happy Flower":[20],"counters":[24,148],"Blue Candle":[0],"Pen Nib":[8],"Smiling Mask":780,"Burning Blood":125,"Busted Crown":26,"Shuriken":[65],"Sundial":[22],"Gambling Chip":[1],"Black Star":3,"Art of War":[0],"obtain_stats":[{"Girya":28,"Happy Flower":29,"Blue Candle":48,"Oddly Smooth Stone":45,"Mango":11,"The Courier":45,"Pen Nib":48,"Smiling Mask":13,"Burning Blood":0,"Busted Crown":17,"Shuriken":9,"Sundial":43,"Gambling Chip":54,"Black Star":34,"Bag of Marbles":39,"Art of War":54},{"Girya":13,"Happy Flower":13,"Blue Candle":21,"Oddly Smooth Stone":19,"Mango":6,"The Courier":19,"Pen Nib":21,"Smiling Mask":7,"Burning Blood":0,"Busted Crown":9,"Shuriken":4,"Sundial":17,"Gambling Chip":23,"Black Star":14,"Bag of Marbles":17,"Art of War":23},{"Girya":88,"Happy Flower":88,"Blue Candle":126,"Oddly Smooth Stone":116,"Mango":31,"The Courier":116,"Pen Nib":126,"Smiling Mask":44,"Burning Blood":0,"Busted Crown":67,"Shuriken":16,"Sundial":106,"Gambling Chip":137,"Black Star":95,"Bag of Marbles":106,"Art of War":137}]},"card_choices":[{"not_picked":["Wild Strike","Body Slam"],"picked":"Uppercut","floor":1.0},{"not_picked":["Armaments","Wild Strike"],"picked":"Iron Wave","floor":4.0},{"not_picked":["Disarm","Carnage"],"picked":"Shrug It Off","floor":5.0},{"not_picked":["Clothesline","Uppercut"],"picked":"Shrug It Off","floor":7.0},{"not_picked":["Feel No Pain","Shrug It Off","Wild Strike"],"picked":"SKIP","floor":10.0},{"not_picked":["Warcry","Headbutt","Exhume"],"picked":"SKIP","floor":11.0},{"not_picked":["Flex","Second Wind"],"picked":"Clash","floor":13.0},{"not_picked":["Twin Strike","Bludgeon","Wild Strike"],"picked":"SKIP","floor":14.0},{"not_picked":["Berserk","Limit Break"],"picked":"Double Tap","floor":16.0},{"not_picked":["Pummel+1"],"picked":"SKIP","floor":18.0},{"not_picked":["Thunderclap+1"],"picked":"SKIP","floor":21.0},{"not_picked":["Intimidate"],"picked":"SKIP","floor":24.0},{"not_picked":["Cleave"],"picked":"SKIP","floor":28.0},{"not_picked":["Twin Strike"],"picked":"SKIP","floor":35.0},{"not_picked":["Inflame"],"picked":"SKIP","floor":37.0},{"not_picked":[],"picked":"Pommel Strike+1","floor":38.0},{"not_picked":["Hemokinesis+1"],"picked":"SKIP","floor":44.0},{"not_picked":["Hemokinesis+1"],"picked":"SKIP","floor":44.0},{"not_picked":["Clothesline+1"],"picked":"SKIP","floor":45.0},{"not_picked":["Sword Boomerang+1"],"picked":"SKIP","floor":46.0},{"not_picked":["Armaments"],"picked":"SKIP","floor":48.0},{"not_picked":["Body Slam"],"picked":"SKIP","floor":54.0}],"player_experience":181827,"relics_obtained":[{"floor":9.0,"key":"Shuriken"},{"floor":11.0,"key":"Mango"},{"floor":13.0,"key":"Smiling Mask"},{"floor":28.0,"key":"Girya"},{"floor":29.0,"key":"Happy Flower"},{"floor":43.0,"key":"Sundial"},{"floor":45.0,"key":"Oddly Smooth Stone"},{"floor":45.0,"key":"The Courier"},{"floor":48.0,"key":"Pen Nib"},{"floor":48.0,"key":"Blue Candle"},{"floor":54.0,"key":"Gambling Chip"},{"floor":54.0,"key":"Art of War"}],"event_choices":[{"damage_healed":0.0,"max_hp_gain":0.0,"max_hp_loss":0.0,"gold_gain":0.0,"event_name":"The Cleric","player_choice":"Leave","floor":3.0,"gold_loss":0.0,"damage_taken":0.0},{"cards_removed":["Strike_R"],"damage_healed":0.0,"max_hp_gain":0.0,"max_hp_loss":0.0,"gold_gain":0.0,"event_name":"Living Wall","player_choice":"Forget","floor":6.0,"gold_loss":0.0,"damage_taken":0.0},{"cards_removed":["Strike_R"],"damage_healed":0.0,"max_hp_gain":0.0,"max_hp_loss":0.0,"gold_gain":0.0,"event_name":"Golden Wing","player_choice":"Card Removal","floor":8.0,"gold_loss":0.0,"damage_taken":7.0},{"damage_healed":0.0,"max_hp_gain":0.0,"max_hp_loss":0.0,"gold_gain":100.0,"event_name":"Golden Shrine","player_choice":"Pray","floor":20.0,"gold_loss":0.0,"damage_taken":0.0},{"cards_removed":["Strike_R"],"damage_healed":0.0,"max_hp_gain":0.0,"max_hp_loss":0.0,"gold_gain":0.0,"event_name":"Purifier","player_choice":"Purged","floor":41.0,"gold_loss":0.0,"damage_taken":0.0}],"is_beta":false,"boss_relics":[{"not_picked":["Philosopher\u0027s Stone","SacredBark"],"picked":"Busted Crown"},{"not_picked":["Astrolabe","Fusion Hammer"],"picked":"Black Star"}],"items_purged_floors":[2,19,31,36,39,42,47,53],"is_endless":false,"potions_floor_spawned":[1,7,10,13,21,33,37,38,44,54],"ascension_level":2}}