{"host":"ow9msrs9p2ctkx99","time":1607838129,"event":{"mods":["AchievementEnabler","BaseMod","Colored Map","Colored Powertips","Minty Spire (QoL Compilation)","Permanent Neow","Quick Restart","SuperFastMode"],"gold_per_floor":[58,95,95,95,270,270,305,347,347,359,387,399,411,468,480,492,492],"floor_reached":16,"playtime":200,"items_purged":[],"score":150,"play_id":"654f2b12-3094-4648-879b-52612fe4e952","local_time":"20201213064209","is_ascension_mode":true,"campfire_choices":[{"data":"HandOfGreed","floor":6.0,"key":"SMITH"},{"floor":12.0,"key":"REST"},{"floor":15,"key":"REST"}],"circlet_count":0,"master_deck":["AscendersBane","Strike_B","Strike_B","Strike_B","Defend_B","Defend_B","Defend_B","Defend_B","Zap","Dualcast","HandOfGreed+1","Hologram","Sweeping Beam","Regret","Doubt","Double Energy","Genetic Algorithm","Rebound","Steam"],"relics":["Cracked Core","Matryoshka","Bronze Scales","Centennial Puzzle","MawBank","The Courier"],"acts_visited":["Exordium"],"potions_floor_usage":[16,16],"damage_taken":[{"damage":10.0,"enemies":"Small Slimes","floor":1.0,"turns":5.0},{"damage":7.0,"enemies":"Jaw Worm","floor":2.0,"turns":2.0},{"damage":24.0,"enemies":"Gremlin Nob","floor":7.0,"turns":4.0},{"damage":0.0,"enemies":"2 Louse","floor":8.0,"turns":2.0},{"damage":10.0,"enemies":"Blue Slaver","floor":11.0,"turns":3.0},{"damage":11,"enemies":"2 Fungi Beasts","floor":14,"turns":2},{"damage":25,"enemies":"The Guardian","floor":16,"turns":5}],"seed_played":"-4809854264118475588","potions_obtained":[{"floor":7.0,"key":"PotionOfCapacity"},{"floor":11.0,"key":"FocusPotion"}],"is_trial":false,"path_per_floor":["M","M","?","?","?","R","E","M","T","$","M","R","?","M","R","B"],"character_chosen":"DEFECT","items_purchased":[],"campfire_rested":2,"item_purchase_floors":[],"current_hp_per_floor":[58,51,44,44,44,44,20,20,20,20,10,32,14,3,25,0,0],"gold":492,"neow_bonus":"RANDOM_COLORLESS_2","is_daily":false,"chose_seed":false,"campfire_upgraded":1,"win_rate":0.0,"timestamp":1607838129,"path_taken":["M","M","?","?","?","R","E","M","T","?","M","R","?","M","R","BOSS"],"items_purchased_type":[],"build_version":"2020-11-30","purchased_purges":0,"victory":false,"max_hp_per_floor":[75,75,75,75,75,75,75,75,75,75,75,75,75,75,75,75,75],"card_choices":[{"not_picked":["Panache","Metamorphosis"],"picked":"HandOfGreed","floor":0.0},{"not_picked":["Cold Snap","Streamline"],"picked":"Hologram","floor":1.0},{"not_picked":["Loop","Capacitor"],"picked":"Sweeping Beam","floor":2.0},{"not_picked":["Consume","Blizzard"],"picked":"Double Energy","floor":7.0},{"not_picked":["Conserve Battery","Sweeping Beam"],"picked":"Genetic Algorithm","floor":8.0},{"not_picked":["Ball Lightning","Leap"],"picked":"Rebound","floor":11.0},{"not_picked":["Beam Cell","Lockon"],"picked":"Steam","floor":14}],"player_experience":989736,"relics_obtained":[{"floor":7.0,"key":"Bronze Scales"},{"floor":9.0,"key":"Centennial Puzzle"},{"floor":9.0,"key":"MawBank"}],"event_choices":[{"cards_removed":["Strike_B"],"damage_healed":0.0,"max_hp_gain":0.0,"max_hp_loss":0.0,"gold_gain":0.0,"event_name":"Golden Wing","player_choice":"Card Removal","floor":3.0,"gold_loss":0.0,"damage_taken":7.0},{"damage_healed":0.0,"max_hp_gain":0.0,"max_hp_loss":0.0,"gold_gain":0.0,"event_name":"Big Fish","player_choice":"Box","floor":4.0,"gold_loss":0.0,"damage_taken":0.0,"relics_obtained":["Matryoshka"],"cards_obtained":["Regret"]},{"damage_healed":0.0,"max_hp_gain":0.0,"max_hp_loss":0.0,"gold_gain":175.0,"event_name":"Liars Game","player_choice":"AGREE","floor":5.0,"gold_loss":0.0,"damage_taken":0.0,"cards_obtained":["Doubt"]},{"damage_healed":0.0,"max_hp_gain":0.0,"max_hp_loss":0.0,"gold_gain":0.0,"event_name":"Scrap Ooze","player_choice":"Success","floor":13.0,"gold_loss":0.0,"damage_taken":18.0,"relics_obtained":["The Courier"]}],"is_beta":false,"boss_relics":[],"items_purged_floors":[],"is_endless":false,"potions_floor_spawned":[7,11],"killed_by":"The Guardian","ascension_level":10}}