{"host":"ow9msrs9p2ctkx99","time":1607894359,"event":{"mods":["AchievementEnabler","BaseMod","Colored Map","Colored Powertips","Minty Spire (QoL Compilation)","Permanent Neow","Quick Restart","SuperFastMode"],"gold_per_floor":[364,364,384,334,334,364,364,380,380,392,411,424,349,89,89,89,89],"floor_reached":16,"playtime":278,"items_purged":["Strike_B"],"score":158,"play_id":"a09d3596-1652-43e3-b2a4-ce8533e04884","local_time":"20201213221919","is_ascension_mode":true,"campfire_choices":[{"floor":7,"key":"REST"},{"floor":15,"key":"REST"}],"circlet_count":0,"master_deck":["AscendersBane","Strike_B","Strike_B","Defend_B","Defend_B","Defend_B+1","Defend_B","Zap","Dualcast+1","Static Discharge+1","Sunder","Chaos","Consume","Coolheaded"],"relics":["Cracked Core","Matryoshka","Potion Belt","Boot","White Beast Statue"],"acts_visited":["Exordium"],"potions_floor_usage":[6,16],"damage_taken":[{"damage":7,"enemies":"Small Slimes","floor":1,"turns":3},{"damage":6,"enemies":"Cultist","floor":3,"turns":4},{"damage":27,"enemies":"3 Sentries","floor":6,"turns":7},{"damage":7,"enemies":"Jaw Worm","floor":8,"turns":2},{"damage":5,"enemies":"Gremlin Gang","floor":10,"turns":3},{"damage":5,"enemies":"Red Slaver","floor":11,"turns":3},{"damage":12,"enemies":"Lots of Slimes","floor":12,"turns":6},{"damage":26,"enemies":"The Guardian","floor":16,"turns":9}],"seed_played":"-2942165880314618982","potions_obtained":[{"floor":3,"key":"PowerPotion"},{"floor":8,"key":"Strength Potion"},{"floor":12,"key":"Ancient Potion"}],"is_trial":false,"path_per_floor":["M","?","M","?","?","E","R","M","T","M","M","M","$","$","R","B"],"character_chosen":"DEFECT","items_purchased":["White Beast Statue"],"campfire_rested":2,"item_purchase_floors":[14],"current_hp_per_floor":[61,61,55,55,41,14,34,27,27,22,17,5,5,5,25,0,0],"gold":89,"neow_bonus":"TWO_FIFTY_GOLD","is_daily":false,"chose_seed":false,"campfire_upgraded":0,"win_rate":0.0,"timestamp":1607894359,"path_taken":["M","?","?","?","?","E","R","M","T","M","M","M","?","$","R","BOSS"],"items_purchased_type":["Relic"],"build_version":"2020-11-30","purchased_purges":1,"victory":false,"max_hp_per_floor":[68,68,68,68,68,68,68,68,68,68,68,68,68,68,68,68,68],"card_choices":[{"not_picked":["Turbo","Hello World"],"picked":"Static Discharge","floor":1},{"not_picked":["Turbo","Streamline","Beam Cell"],"picked":"SKIP","floor":3},{"not_picked":["Heatsinks","Beam Cell"],"picked":"Sunder","floor":6},{"not_picked":["Barrage","Reprogram","Gash"],"picked":"SKIP","floor":8},{"not_picked":["Auto Shields","Leap"],"picked":"Chaos","floor":10},{"not_picked":["Turbo","Compile Driver"],"picked":"Consume","floor":11},{"not_picked":["Conserve Battery","Go for the Eyes"],"picked":"Coolheaded","floor":12}],"player_experience":1043178,"relics_obtained":[{"floor":6,"key":"Matryoshka"},{"floor":9,"key":"Potion Belt"},{"floor":9,"key":"Boot"}],"event_choices":[{"damage_healed":0,"gold_gain":0,"player_choice":"Upgraded","damage_taken":0,"max_hp_gain":0,"max_hp_loss":0,"event_name":"Upgrade Shrine","floor":2,"gold_loss":0,"cards_upgraded":["Static Discharge"]},{"cards_removed":["Strike_B"],"damage_healed":0,"gold_gain":0,"player_choice":"Card Removal","damage_taken":0,"max_hp_gain":0,"max_hp_loss":0,"event_name":"The Cleric","floor":4,"gold_loss":50},{"damage_healed":0,"gold_gain":0,"player_choice":"Entered Light","damage_taken":14,"max_hp_gain":0,"max_hp_loss":0,"event_name":"Shining Light","floor":5,"gold_loss":0,"cards_upgraded":["Dualcast","Defend_B"]}],"is_beta":false,"boss_relics":[],"items_purged_floors":[13],"is_endless":false,"potions_floor_spawned":[3,8,12],"killed_by":"The Guardian","ascension_level":11}}