{"host":"Crutt","time":1607825684,"event":{"mods":["Aspiration","BaseMod","Downfall","Googly Eyes","Minty Spire (QoL Compilation)","Optimize The Spire","Spicy Shops","StSLib"],"gold_per_floor":[99,126,226,252,252,264,264,189,216,216,55,155,305,317,332,432,432,432,12,31,31,31,31,31,49,49,49,49,59,44,44,55,153,153,78,90,119,19,36,67,67,101,112,37,49,66,66,66,78,78,78,113,13,13,13],"floor_reached":56,"playtime":7874,"items_purged":["Guardian:Strike_Guardian","Guardian:Strike_Guardian"],"score":2527,"play_id":"9b77a1ba-b481-4fb5-9ebc-3a900155c7a9","local_time":"20201212201444","is_ascension_mode":true,"campfire_choices":[{"floor":1.0,"key":"RECALL"},{"data":"Guardian:BronzeArmor","floor":8.0,"key":"SMITH"},{"data":"Guardian:ShieldSpikes","floor":10.0,"key":"SMITH"},{"data":"Guardian:RefractedBeam","floor":18.0,"key":"SMITH"},{"data":"Guardian:RefractedBeam+1","floor":23.0,"key":"SMITH"},{"data":"Guardian:SentryBeam","floor":27.0,"key":"SMITH"},{"data":"Guardian:RefractedBeam+2","floor":35.0,"key":"SMITH"},{"data":"Guardian:DecasProtection","floor":44.0,"key":"SMITH"},{"data":"Guardian:RefractedBeam+3","floor":54,"key":"SMITH"}],"circlet_count":0,"master_deck":["AscendersBane","Guardian:Defend_Guardian+1","Guardian:Defend_Guardian","Guardian:Defend_Guardian","Guardian:Defend_Guardian","Guardian:CurlUp","Guardian:TwinSlam","Guardian:PrimingBeam","Guardian:FloatingOrbs","Guardian:SpikerProtocol","Guardian:BronzeArmor+1","Guardian:ShieldSpikes+1","Guardian:PiercingHide+1","Guardian:PiercingHide+1","Guardian:PolyBeam","Guardian:RefractedBeam+4","Guardian:RevengeProtocol","Guardian:Harden+1","Guardian:SentryBeam+1","Guardian:PiercingHide","Guardian:Clone","Guardian:SpikerProtocol","Guardian:Suspension+1","Guardian:StasisStrike","Guardian:Harden+1","Guardian:Repulse","Guardian:DecasProtection+1","Guardian:PrimingBeam+1"],"relics":["Guardian:ModeShifter","downfall:HeartsMalice","aspiration:AnachronicSnailShell","aspiration:FrozenJewel","aspiration:Lifesprig","downfall:HeartBlessingRed","Eternal Feather","Bronze Scales","Empty Cage","Guardian:PickAxe","Cursed Key","downfall:HeartBlessingBlue","aspiration:FetidBarrel","PreservedInsect","War Paint","OrangePellets","Mummified Hand","Anchor","downfall:HeartBlessingGreen","Guardian:BottledStasis","Bottled Flame"],"acts_visited":["Exordium","TheCity","TheBeyond","TheEnding"],"potions_floor_usage":[55,55,55,55],"damage_taken":[{"damage":0.0,"enemies":"Lagavulin","floor":2.0,"turns":1.0},{"damage":0.0,"enemies":"Gremlin Nob","floor":4.0,"turns":1.0},{"damage":0.0,"enemies":"Small Slimes","floor":5.0,"turns":1.0},{"damage":1.0,"enemies":"Jaw Worm","floor":6.0,"turns":4.0},{"damage":10.0,"enemies":"Lagavulin","floor":9.0,"turns":5.0},{"damage":0.0,"enemies":"downfall:FleeingMerchant","floor":11.0,"turns":4.0},{"damage":4.0,"enemies":"downfall:Heads","floor":12.0,"turns":6.0},{"damage":0.0,"enemies":"2 Louse","floor":14.0,"turns":3.0},{"damage":0.0,"enemies":"Large Slime","floor":15.0,"turns":6.0},{"damage":12.0,"enemies":"downfall:Ironclad","floor":16.0,"turns":8.0},{"damage":5.0,"enemies":"downfall:FleeingMerchant","floor":19.0,"turns":4.0},{"damage":0.0,"enemies":"3 Byrds","floor":20.0,"turns":4.0},{"damage":5.0,"enemies":"Spheric Guardian","floor":25.0,"turns":5.0},{"damage":1.0,"enemies":"Centurion and Healer","floor":29.0,"turns":7.0},{"damage":0.0,"enemies":"downfall:FleeingMerchant","floor":30.0,"turns":4.0},{"damage":1.0,"enemies":"Snecko","floor":32.0,"turns":5.0},{"damage":0.0,"enemies":"downfall:Defect","floor":33.0,"turns":7.0},{"damage":0.0,"enemies":"Orb Walker","floor":36.0,"turns":3.0},{"damage":13.0,"enemies":"Nemesis","floor":37.0,"turns":6.0},{"damage":0.0,"enemies":"downfall:FleeingMerchant","floor":38.0,"turns":2.0},{"damage":0.0,"enemies":"3 Darklings","floor":39.0,"turns":4.0},{"damage":0.0,"enemies":"Giant Head","floor":40.0,"turns":6.0},{"damage":0.0,"enemies":"Nemesis","floor":42.0,"turns":3.0},{"damage":6.0,"enemies":"Jaw Worm Horde","floor":43.0,"turns":4.0},{"damage":1.0,"enemies":"Sphere and 2 Shapes","floor":45.0,"turns":7.0},{"damage":1.0,"enemies":"4 Shapes","floor":46.0,"turns":5.0},{"damage":9.0,"enemies":"Jaw Worm Horde","floor":49.0,"turns":4.0},{"damage":0.0,"enemies":"downfall:Watcher","floor":50.0,"turns":5.0},{"damage":0.0,"enemies":"downfall:CharBossMerchant","floor":52.0,"turns":11.0},{"damage":2,"enemies":"downfall:NeowBoss","floor":55,"turns":20}],"seed_played":"9195720996946190893","potions_obtained":[{"floor":4.0,"key":"DistilledChaos"},{"floor":6.0,"key":"hexamod:EctoCoolerPotion"},{"floor":15.0,"key":"Ancient Potion"},{"floor":16.0,"key":"SkillPotion"},{"floor":20.0,"key":"BlessingOfTheForge"},{"floor":25.0,"key":"Dexterity Potion"},{"floor":31.0,"key":"CultistPotion"},{"floor":36.0,"key":"Strength Potion"},{"floor":37.0,"key":"champ:CounterPotion"},{"floor":40.0,"key":"Slimebound:ThreeZeroPotion"},{"floor":43.0,"key":"sneckomod:MuddlingPotion"},{"floor":49.0,"key":"EntropicBrew"}],"is_trial":false,"path_per_floor":["R","E","?","E","M","M","T","R","E","R","$","?","?","M","M","B",null,"R","$","M","R","?","R","T","M","?","R","?","M","$","?","M","B",null,"R","M","E","?","M","E","T","E","M","R","M","M","?","$","M","B",null,"E","$","R","B",null],"character_chosen":"GUARDIAN","items_purchased":["Bronze Scales","Guardian:SentryBeam","Guardian:Gem_Cyan","Guardian:Gem_Crimson","Guardian:PickAxe","PreservedInsect","War Paint","OrangePellets"],"campfire_rested":0,"item_purchase_floors":[11,19,19,19,19,38,38,38],"current_hp_per_floor":[72,72,72,72,72,71,71,71,61,70,70,66,66,66,66,54,74,80,75,75,80,80,80,80,75,75,80,80,79,79,79,78,78,80,90,90,77,77,77,77,77,77,71,86,85,84,84,84,75,75,86,86,86,90,88],"gold":13,"neow_bonus":"THREE_ENEMY_KILL","is_daily":false,"chose_seed":false,"campfire_upgraded":8,"win_rate":0.0,"timestamp":1607825684,"path_taken":["R","E","?","E","M","M","T","R","E","R","$","?","?","M","M","BOSS","R","$","M","R","?","R","T","?","?","R","?","M","$","?","M","BOSS","R","M","E","?","M","E","T","E","M","R","M","M","?","?","M","BOSS","E","$","R","BOSS"],"items_purchased_type":["Relic","Card","Card","Card","Relic","Relic","Relic","Relic"],"build_version":"2020-12-07","purchased_purges":2,"victory":true,"max_hp_per_floor":[80,80,80,80,80,80,80,80,80,80,80,80,80,80,80,80,80,80,80,80,80,80,80,80,80,80,80,80,80,80,80,80,80,80,90,90,90,90,90,90,90,90,90,90,90,90,90,90,90,90,90,90,90,90,90],"card_choices":[{"not_picked":["Guardian:TemporalShield","Guardian:Suspension"],"picked":"Guardian:PrimingBeam","floor":2.0},{"not_picked":["Guardian:Suspension","Guardian:Gem_Red"],"picked":"Guardian:FloatingOrbs","floor":4.0},{"not_picked":["Guardian:Gem_Lightblue","Guardian:WalkerClaw"],"picked":"Guardian:SpikerProtocol","floor":5.0},{"not_picked":["Guardian:SpikerProtocol","Guardian:PrismaticBeam"],"picked":"Guardian:BronzeArmor","floor":6.0},{"not_picked":["Guardian:ArmoredProtocol","Guardian:Incinerate"],"picked":"Guardian:ShieldSpikes","floor":9.0},{"not_picked":["Guardian:WalkerClaw","Guardian:CrystalBeam"],"picked":"Guardian:PiercingHide","floor":11.0},{"not_picked":["Guardian:VentSteam","Guardian:TemporalStrike"],"picked":"Guardian:PiercingHide","floor":12.0},{"not_picked":["Guardian:FloatingOrbs","Guardian:Gem_Fragmented"],"picked":"Guardian:PolyBeam","floor":14.0},{"not_picked":["Guardian:ChargeCore","Guardian:EvasiveProtocol"],"picked":"Guardian:RefractedBeam","floor":15.0},{"not_picked":["Guardian:StasisField","Guardian:HyperBeam_Guardian"],"picked":"Guardian:RevengeProtocol","floor":16.0},{"not_picked":["Guardian:Reroute","Guardian:TemporalShield"],"picked":"Guardian:Harden+1","floor":19.0},{"not_picked":["Guardian:VentSteam","Guardian:Gem_Red"],"picked":"Guardian:PiercingHide","floor":20.0},{"not_picked":["Guardian:WalkerClaw","Guardian:Incinerate"],"picked":"Guardian:Clone","floor":25.0},{"not_picked":["Guardian:PrismaticBeam","Guardian:ShieldCharger"],"picked":"Guardian:Gem_Orange","floor":29.0},{"not_picked":["Guardian:BronzeOrb+1","Guardian:Reroute"],"picked":"Guardian:SpikerProtocol","floor":30.0},{"not_picked":["Guardian:ChargeUp","Guardian:Planning"],"picked":"Guardian:Suspension+1","floor":32.0},{"not_picked":["Guardian:GatlingBeam","Guardian:StasisEngine"],"picked":"Guardian:StasisStrike","floor":33.0},{"not_picked":["Guardian:Reroute","Guardian:TimeCapacitor","Guardian:WalkerClaw+1"],"picked":"SKIP","floor":36.0},{"not_picked":["Guardian:TemporalShield+1","Guardian:Emergency+1"],"picked":"Guardian:Harden+1","floor":37.0},{"not_picked":["Guardian:Emergency+1","Guardian:Gem_Yellow"],"picked":"Guardian:Repulse","floor":38.0},{"not_picked":["Guardian:RollAttack","Guardian:TemporalStrike+1","Guardian:VentSteam+1"],"picked":"SKIP","floor":39.0},{"not_picked":["Guardian:TemporalShield","Guardian:Gem_Green","Guardian:TemporalStrike+1"],"picked":"SKIP","floor":40.0},{"not_picked":["Guardian:Clone","Guardian:ChargeUp+1","Guardian:TimeBomb"],"picked":"SKIP","floor":42.0},{"not_picked":["Guardian:Gem_Lightblue","Guardian:Gem_Cyan"],"picked":"Guardian:DecasProtection","floor":43.0},{"not_picked":["Guardian:TemporalShield","Guardian:TimeBomb+1","Guardian:StasisStrike"],"picked":"SKIP","floor":45.0},{"not_picked":["Guardian:Gem_Red","Guardian:Planning","Guardian:CrystalBeam+1"],"picked":"SKIP","floor":46.0},{"not_picked":["Guardian:RefractedBeam+1","Guardian:Gem_Lightblue","Guardian:ShieldCharger"],"picked":"SKIP","floor":49.0},{"not_picked":["Guardian:TimeBomb+1","Guardian:Clone+1"],"picked":"Guardian:PrimingBeam+1","floor":52.0}],"player_experience":3057634,"relics_obtained":[{"floor":2.0,"key":"aspiration:AnachronicSnailShell"},{"floor":4.0,"key":"aspiration:FrozenJewel"},{"floor":7.0,"key":"aspiration:Lifesprig"},{"floor":9.0,"key":"Eternal Feather"},{"floor":37.0,"key":"aspiration:FetidBarrel"},{"floor":40.0,"key":"Mummified Hand"},{"floor":42.0,"key":"Anchor"},{"floor":52.0,"key":"Guardian:BottledStasis"},{"floor":52.0,"key":"Bottled Flame"}],"event_choices":[],"is_beta":true,"boss_relics":[{"not_picked":["Fusion Hammer","aspiration:WatcherSkillbook"],"picked":"Empty Cage"},{"not_picked":["sneckomod:SneckoTalon","expansioncontent:StudyCardRelic"],"picked":"Cursed Key"}],"items_purged_floors":[19,53],"is_endless":false,"potions_floor_spawned":[4,6,15,16,20,25,36,37,40,43,49],"ascension_level":10}}