{"host":"udzsrhbqdxqtlypj","time":1607889328,"event":{"mods":["BaseMod","Minty Spire (QoL Compilation)","Relic Stats"],"gold_per_floor":[210,210,210,233,4,35,35,53,134,172,22,22,46,81,81,202,202,227,246,269,282,84,84,120,136,136,161,86,86,130,162,174,315,327,359,371,383,395,431,484,509,556,568,613,625,625],"floor_reached":45,"playtime":11161,"items_purged":["Strike_G","Strike_G"],"score":982,"play_id":"9241d20d-25cc-440f-9620-d4c667e9826d","local_time":"20201213135528","is_ascension_mode":true,"campfire_choices":[{"data":"Eviscerate","floor":7,"key":"SMITH"},{"data":"Dagger Throw","floor":12,"key":"SMITH"},{"data":"Acrobatics","floor":15,"key":"SMITH"},{"data":"Wraith Form v2","floor":23,"key":"SMITH"},{"data":"Well Laid Plans","floor":29,"key":"SMITH"},{"data":"Prepared","floor":32,"key":"SMITH"}],"circlet_count":0,"master_deck":["AscendersBane","Strike_G","Strike_G","Defend_G+1","Defend_G","Defend_G+1","Defend_G","Defend_G","Survivor","Neutralize","Blade Dance+1","Eviscerate+1","Dagger Throw+1","Acrobatics+1","Reflex","Wraith Form v2+1","Prepared+1","All Out Attack","Acrobatics","Reflex","Endless Agony+1","Flying Knee+1","Skewer+1","Calculated Gamble","Wraith Form v2+1","Madness","Madness","Footwork+1","Concentrate","Dodge and Roll+1","Pain","Deflect+1"],"relics":["Ring of the Snake","Golden Idol","Vajra","Anchor","Ninja Scroll","Potion Belt","Toy Ornithopter","TungstenRod","SlaversCollar","MealTicket","Molten Egg 2","MawBank","Cursed Key","Oddly Smooth Stone","War Paint","Strawberry"],"acts_visited":["Exordium","TheCity","TheBeyond"],"potions_floor_usage":[20,24,24,30,33,33,40],"damage_taken":[{"damage":4,"enemies":"Jaw Worm","floor":1,"turns":7},{"damage":5,"enemies":"Small Slimes","floor":4,"turns":3},{"damage":18,"enemies":"Gremlin Nob","floor":6,"turns":4},{"damage":0,"enemies":"Cultist","floor":8,"turns":3},{"damage":10,"enemies":"Lagavulin","floor":10,"turns":5},{"damage":0,"enemies":"2 Fungi Beasts","floor":13,"turns":2},{"damage":0,"enemies":"Gremlin Nob","floor":14,"turns":2},{"damage":19,"enemies":"Slime Boss","floor":16,"turns":11},{"damage":0,"enemies":"Chosen","floor":18,"turns":4},{"damage":13,"enemies":"2 Thieves","floor":19,"turns":3},{"damage":0,"enemies":"Cultist and Chosen","floor":20,"turns":4},{"damage":19,"enemies":"Snecko","floor":21,"turns":5},{"damage":0,"enemies":"Gremlin Leader","floor":24,"turns":6},{"damage":12,"enemies":"Snake Plant","floor":25,"turns":3},{"damage":0,"enemies":"Centurion and Healer","floor":27,"turns":4},{"damage":13,"enemies":"Book of Stabbing","floor":30,"turns":3},{"damage":0,"enemies":"Snecko","floor":31,"turns":4},{"damage":13,"enemies":"Automaton","floor":33,"turns":10},{"damage":0,"enemies":"3 Darklings","floor":35,"turns":5},{"damage":0,"enemies":"Orb Walker","floor":39,"turns":2},{"damage":12,"enemies":"Giant Head","floor":40,"turns":6},{"damage":13,"enemies":"Spire Growth","floor":41,"turns":6},{"damage":0,"enemies":"Reptomancer","floor":42,"turns":6},{"damage":22,"enemies":"Giant Head","floor":44,"turns":10},{"damage":14,"enemies":"Writhing Mass","floor":45,"turns":2}],"seed_played":"7396758208406375855","potions_obtained":[{"floor":4,"key":"Dexterity Potion"},{"floor":19,"key":"Swift Potion"},{"floor":20,"key":"LiquidBronze"},{"floor":25,"key":"Energy Potion"},{"floor":30,"key":"Block Potion"},{"floor":33,"key":"CunningPotion"},{"floor":39,"key":"DuplicationPotion"},{"floor":40,"key":"Energy Potion"}],"is_trial":false,"path_per_floor":["M","?","?","M","$","E","R","M","T","E","$","R","M","E","R","B",null,"M","M","M","M","$","R","E","M","T","M","?","R","E","M","R","B",null,"M","?","?","?","M","E","M","E","T","E","M"],"character_chosen":"THE_SILENT","items_purchased":["Vajra","Toy Ornithopter","Acrobatics","Regen Potion"],"campfire_rested":0,"item_purchase_floors":[5,11,22,22],"current_hp_per_floor":[59,59,59,54,54,36,36,36,36,26,26,26,26,26,26,7,51,51,38,43,24,24,24,49,37,37,37,37,37,29,29,29,26,55,55,55,48,48,48,41,28,28,28,13,0,0],"gold":625,"neow_bonus":"HUNDRED_GOLD","is_daily":false,"chose_seed":false,"campfire_upgraded":6,"win_rate":0.0,"timestamp":1607889328,"path_taken":["M","?","?","M","$","E","R","M","T","E","$","R","M","E","R","BOSS","M","M","M","M","$","R","E","M","T","?","?","R","E","M","R","BOSS","M","?","?","?","M","E","M","E","T","E","?"],"items_purchased_type":["Relic","Relic","Card","Potion"],"build_version":"2020-11-30","purchased_purges":2,"victory":false,"max_hp_per_floor":[70,65,65,65,65,65,65,65,65,65,65,65,65,65,65,65,65,65,65,65,65,65,65,65,65,65,65,65,65,65,65,65,65,65,65,65,65,65,65,65,65,65,65,72,72,72],"relic_stats":{"counters":[25,120],"Golden Idol":164,"MealTicket":0,"War Paint":["Defend_G","Defend_G"],"MawBank":180,"Cursed Key":1,"obtain_stats":[{"Potion Belt":10,"Golden Idol":2,"Vajra":5,"Oddly Smooth Stone":40,"War Paint":42,"MawBank":30,"Cursed Key":34,"SlaversCollar":17,"Anchor":6,"Ninja Scroll":9,"Strawberry":44,"MealTicket":24,"Molten Egg 2":26,"Toy Ornithopter":11,"TungstenRod":14,"Ring of the Snake":0},{"Potion Belt":5,"Golden Idol":1,"Vajra":2,"Oddly Smooth Stone":21,"War Paint":23,"MawBank":16,"Cursed Key":18,"SlaversCollar":8,"Anchor":3,"Ninja Scroll":4,"Strawberry":24,"MealTicket":13,"Molten Egg 2":14,"Toy Ornithopter":5,"TungstenRod":7,"Ring of the Snake":0},{"Potion Belt":22,"Golden Idol":7,"Vajra":10,"Oddly Smooth Stone":96,"War Paint":108,"MawBank":69,"Cursed Key":83,"SlaversCollar":37,"Anchor":14,"Ninja Scroll":17,"Strawberry":118,"MealTicket":59,"Molten Egg 2":62,"Toy Ornithopter":22,"TungstenRod":26,"Ring of the Snake":0}],"Toy Ornithopter":35,"TungstenRod":55,"Ring of the Snake":[47]},"card_choices":[{"not_picked":["Outmaneuver","Cloak And Dagger"],"picked":"Blade Dance","floor":1},{"not_picked":["Setup","Quick Slash"],"picked":"Eviscerate","floor":4},{"not_picked":["Catalyst","Dodge and Roll","Distraction"],"picked":"SKIP","floor":6},{"not_picked":["PiercingWail","Footwork"],"picked":"Dagger Throw","floor":8},{"not_picked":["Reflex","Bane","Endless Agony"],"picked":"SKIP","floor":10},{"not_picked":["Choke","Deadly Poison"],"picked":"Acrobatics","floor":13},{"not_picked":["Masterful Stab","Bouncing Flask"],"picked":"Reflex","floor":14},{"not_picked":["Glass Knife","Bullet Time"],"picked":"Wraith Form v2","floor":16},{"not_picked":["Heel Hook+1","Backflip"],"picked":"Prepared","floor":18},{"not_picked":["Sucker Punch","PiercingWail"],"picked":"All Out Attack","floor":19},{"not_picked":["Prepared","Quick Slash","PiercingWail"],"picked":"SKIP","floor":20},{"not_picked":["Outmaneuver","Setup"],"picked":"Well Laid Plans","floor":21},{"not_picked":["Crippling Poison","Blade Dance"],"picked":"Reflex","floor":24},{"not_picked":["Noxious Fumes","Deadly Poison+1"],"picked":"Endless Agony+1","floor":25},{"not_picked":["Quick Slash+1","Cloak And Dagger"],"picked":"Flying Knee+1","floor":27},{"not_picked":["Burst","Escape Plan"],"picked":"Skewer+1","floor":30},{"not_picked":["Reflex","Outmaneuver+1"],"picked":"Calculated Gamble","floor":31},{"not_picked":["Corpse Explosion","Storm of Steel"],"picked":"Wraith Form v2","floor":33},{"not_picked":["Cloak And Dagger+1","Dagger Spray+1","Distraction"],"picked":"SKIP","floor":35},{"not_picked":["Bane+1","Cloak And Dagger"],"picked":"Footwork+1","floor":39},{"not_picked":["Bane+1","Deadly Poison","Skewer+1"],"picked":"SKIP","floor":40},{"not_picked":["Backflip","Deadly Poison+1"],"picked":"Concentrate","floor":41},{"not_picked":["Caltrops","Poisoned Stab+1"],"picked":"Dodge and Roll+1","floor":42},{"not_picked":["PiercingWail","Sucker Punch+1"],"picked":"Deflect+1","floor":44}],"player_experience":2599145,"relics_obtained":[{"floor":6,"key":"Anchor"},{"floor":9,"key":"Ninja Scroll"},{"floor":10,"key":"Potion Belt"},{"floor":14,"key":"TungstenRod"},{"floor":24,"key":"MealTicket"},{"floor":26,"key":"Molten Egg 2"},{"floor":30,"key":"MawBank"},{"floor":40,"key":"Oddly Smooth Stone"},{"floor":42,"key":"War Paint"},{"floor":44,"key":"Strawberry"}],"event_choices":[{"damage_healed":0,"gold_gain":0,"player_choice":"Lose Max HP","damage_taken":0,"relics_obtained":["Golden Idol"],"max_hp_gain":0,"max_hp_loss":5,"event_name":"Golden Idol","floor":2,"gold_loss":0},{"damage_healed":0,"gold_gain":0,"player_choice":"Upgraded","damage_taken":0,"max_hp_gain":0,"max_hp_loss":0,"event_name":"Upgrade Shrine","floor":3,"gold_loss":0,"cards_upgraded":["Blade Dance"]},{"cards_removed":["Strike_G"],"damage_healed":0,"gold_gain":0,"player_choice":"Gave Gold","damage_taken":0,"max_hp_gain":0,"max_hp_loss":0,"event_name":"Beggar","floor":28,"gold_loss":75},{"cards_removed":["Well Laid Plans"],"damage_healed":0,"gold_gain":0,"player_choice":"Removed Power","damage_taken":0,"max_hp_gain":0,"max_hp_loss":0,"event_name":"Falling","floor":36,"gold_loss":0},{"damage_healed":0,"gold_gain":0,"player_choice":"Embrace Madness","damage_taken":8,"max_hp_gain":0,"max_hp_loss":0,"event_name":"Winding Halls","floor":37,"gold_loss":0,"cards_obtained":["Madness","Madness"]},{"damage_healed":0,"gold_gain":0,"player_choice":"Upgraded","damage_taken":0,"max_hp_gain":0,"max_hp_loss":0,"event_name":"Upgrade Shrine","floor":38,"gold_loss":0,"cards_upgraded":["Wraith Form v2"]}],"is_beta":false,"boss_relics":[{"not_picked":["Black Star","Philosopher\u0027s Stone"],"picked":"SlaversCollar"},{"not_picked":["Runic Dome","Sozu"],"picked":"Cursed Key"}],"items_purged_floors":[5,22],"is_endless":false,"potions_floor_spawned":[4,19,20,25,30,33,39,40],"killed_by":"Writhing Mass","ascension_level":10}}