{"host":"7yyoe0ei0fseceei","time":1607867510,"event":{"mods":["BaseMod","Colored Map","Highlight Path","Minty Spire (QoL Compilation)","Quick Restart"],"gold_per_floor":[113,38,38,38,55,82,82,82,133,143,170,181,181,181],"floor_reached":13,"playtime":240,"items_purged":["Bash"],"score":186,"play_id":"0fc1a821-96a2-4247-af74-0b626a5b6e51","local_time":"20201213145150","is_ascension_mode":true,"campfire_choices":[{"floor":8,"key":"REST"}],"circlet_count":0,"master_deck":["AscendersBane","Strike_R","Strike_R","Strike_R","Strike_R","Defend_R","Defend_R","Defend_R","Defend_R","Whirlwind","Spot Weakness","Heavy Blade","Exhume","Clash","Juggernaut"],"relics":["Burning Blood","The Courier","Tiny Chest","Boot"],"acts_visited":["Exordium"],"potions_floor_usage":[11,11,13],"damage_taken":[{"damage":10.0,"enemies":"2 Louse","floor":1.0,"turns":2.0},{"damage":8.0,"enemies":"Small Slimes","floor":5.0,"turns":2.0},{"damage":39.0,"enemies":"Gremlin Nob","floor":6.0,"turns":4.0},{"damage":9,"enemies":"Jaw Worm","floor":10,"turns":4},{"damage":5,"enemies":"3 Sentries","floor":11,"turns":3},{"damage":0,"enemies":"Lots of Slimes","floor":12,"turns":1},{"damage":63,"enemies":"Gremlin Nob","floor":13,"turns":4}],"seed_played":"-5160091404205675668","potions_obtained":[{"floor":1.0,"key":"Explosive Potion"},{"floor":6.0,"key":"Fire Potion"},{"floor":12,"key":"EssenceOfSteel"}],"is_trial":false,"path_per_floor":["M","$","?","$","M","E","?","R","T","M","E","M","E"],"character_chosen":"IRONCLAD","items_purchased":[],"campfire_rested":1,"item_purchase_floors":[],"current_hp_per_floor":[64,64,57,57,55,22,22,44,44,41,42,48,0,0],"gold":181,"neow_bonus":"THREE_CARDS","is_daily":false,"chose_seed":false,"campfire_upgraded":0,"win_rate":0.0,"timestamp":1607867510,"path_taken":["M","$","?","$","M","E","?","R","T","M","E","M","E"],"items_purchased_type":[],"build_version":"2020-11-30","purchased_purges":1,"victory":false,"max_hp_per_floor":[75,75,75,75,75,75,75,75,75,75,75,75,75,75],"card_choices":[{"not_picked":["True Grit","Clash"],"picked":"Whirlwind","floor":0.0},{"not_picked":["Metallicize","Fire Breathing"],"picked":"Spot Weakness","floor":1.0},{"not_picked":["Armaments","Headbutt"],"picked":"Heavy Blade","floor":5.0},{"not_picked":["Pommel Strike","Wild Strike"],"picked":"Exhume","floor":6.0},{"not_picked":["Iron Wave","Shrug It Off"],"picked":"Clash","floor":10},{"not_picked":["Sword Boomerang","Headbutt"],"picked":"Juggernaut","floor":11},{"not_picked":["True Grit","Sword Boomerang","Clothesline"],"picked":"SKIP","floor":12}],"player_experience":831526,"relics_obtained":[{"floor":6.0,"key":"The Courier"},{"floor":9,"key":"Tiny Chest"},{"floor":11,"key":"Boot"}],"event_choices":[{"cards_removed":["Strike_R"],"damage_healed":0.0,"max_hp_gain":0.0,"max_hp_loss":0.0,"gold_gain":0.0,"event_name":"Golden Wing","player_choice":"Card Removal","floor":3.0,"gold_loss":0.0,"damage_taken":7.0},{"damage_healed":0,"gold_gain":0,"player_choice":"Searched \u00270\u0027 times","damage_taken":0,"max_hp_gain":0,"max_hp_loss":0,"event_name":"Dead Adventurer","floor":7,"gold_loss":0}],"is_beta":false,"boss_relics":[],"items_purged_floors":[2],"is_endless":false,"potions_floor_spawned":[1,6,10,12],"killed_by":"Gremlin Nob","ascension_level":20}}