{"host":"yb8iu2n9kkw0z11u","time":1607829917,"event":{"mods":["BaseMod","Downfall","Googly Eyes","Minty Spire (QoL Compilation)","StSLib"],"gold_per_floor":[99,99,131,131,143,143,143,143,143,168,9,21,40,53,72,170,170,95,114,114,131,231,156,156,156,185,110,122,107,122,122,135,233,233,233,264,274,284,284,284,284,284,297,297,454,468,135,135,151,151,151,185,20,20,20],"floor_reached":56,"playtime":5974,"items_purged":["Injury"],"score":1455,"play_id":"eb83f1a5-ca08-4206-8f52-f7c773621b3e","local_time":"20201213042517","is_ascension_mode":false,"campfire_choices":[{"data":"Slimebound:Split","floor":1.0,"key":"SMITH"},{"data":"Slimebound:CorrosiveSpit","floor":6.0,"key":"SMITH"},{"data":"Slimebound:LeadByExample","floor":8.0,"key":"SMITH"},{"data":"Slimebound:PrepareCrush","floor":18.0,"key":"SMITH"},{"floor":20.0,"key":"RECALL"},{"data":"Slimebound:Overexert","floor":23.0,"key":"SMITH"},{"floor":27.0,"key":"REST"},{"data":"Slimebound:Gluttony","floor":35,"key":"SMITH"},{"floor":40,"key":"REST"},{"data":"Slimebound:MassFeed","floor":42,"key":"SMITH"},{"floor":44,"key":"REST"},{"floor":54,"key":"REST"}],"circlet_count":0,"master_deck":["Slimebound:Strike_Slimebound","Slimebound:Strike_Slimebound","Slimebound:Tackle","Slimebound:Defend_Slimebound","Slimebound:Defend_Slimebound","Slimebound:Defend_Slimebound","Slimebound:Defend_Slimebound","Slimebound:Split+1","Slimebound:CorrosiveSpit+1","Slimebound:ComboTackle","Slimebound:PressTheAttack","Slimebound:SplitLeeching","Slimebound:LeadByExample+1","Slimebound:Overexert+1","Slimebound:Schlurp","Slimebound:PrepareCrush+1","Slimebound:GoopSpray","Slimebound:MegaLick","Slimebound:PressTheAttack","Slimebound:OneTwoCombo","Slimebound:SplitBruiser","Slimebound:SlimeBarrage","RitualDagger","Slimebound:Nibble","Slimebound:SamplingLick","Slimebound:Gluttony+1","Slimebound:GrowthPunch","Slimebound:MassFeed+1","Slimebound:SplitAcid+1","Slimebound:LeadByExample","Slimebound:ForwardTackle+1","expansioncontent:FaceSlap","Slimebound:SplitLeeching+1","Slimebound:LeechEnergy+1","Mayhem","Slimebound:AcidTongue","Slimebound:Schlurp+1","Slimebound:SplitAcid+1","expansioncontent:DecasProtection","Slimebound:DisruptingSlam"],"relics":["Slimebound:AbsorbEndCombat","downfall:HeartsMalice","Blood Vial","Pantograph","Lizard Tail","Membership Card","Busted Crown","downfall:HeartBlessingGreen","Incense Burner","White Beast Statue","downfall:HeartBlessingRed","Happy Flower","downfall:HeartBlessingBlue","Cursed Key","Bag of Preparation","Shuriken","Strange Spoon","Slimebound:MaxSlimesRelic"],"acts_visited":["TheCity","TheBeyond","TheEnding"],"potions_floor_usage":[33,33,36,36,36,36,36,36,36,38,45,49,50,52,52,55,55,55,55,55],"damage_taken":[{"damage":0.0,"enemies":"Cultist","floor":2.0,"turns":1.0},{"damage":0.0,"enemies":"Gremlin Nob","floor":3.0,"turns":1.0},{"damage":0.0,"enemies":"2 Louse","floor":4.0,"turns":1.0},{"damage":14.0,"enemies":"Jaw Worm","floor":5.0,"turns":4.0},{"damage":41.0,"enemies":"3 Sentries","floor":10.0,"turns":6.0},{"damage":15.0,"enemies":"downfall:FleeingMerchant","floor":11.0,"turns":4.0},{"damage":18.0,"enemies":"Blue Slaver","floor":12.0,"turns":2.0},{"damage":14.0,"enemies":"3 Louse","floor":13.0,"turns":3.0},{"damage":25.0,"enemies":"2 Fungi Beasts","floor":14.0,"turns":3.0},{"damage":6.0,"enemies":"Lots of Slimes","floor":15.0,"turns":3.0},{"damage":28.0,"enemies":"downfall:Watcher","floor":16.0,"turns":5.0},{"damage":25.0,"enemies":"Spheric Guardian","floor":19.0,"turns":4.0},{"damage":30.0,"enemies":"Centurion and Healer","floor":21.0,"turns":3.0},{"damage":39.0,"enemies":"downfall:Silent","floor":22.0,"turns":4.0},{"damage":32.0,"enemies":"Book of Stabbing","floor":26.0,"turns":4.0},{"damage":5.0,"enemies":"Snake Plant","floor":28.0,"turns":3.0},{"damage":11.0,"enemies":"downfall:FleeingMerchant","floor":29.0,"turns":4.0},{"damage":26,"enemies":"Sentry and Sphere","floor":30,"turns":4},{"damage":18,"enemies":"Chosen and Byrds","floor":32,"turns":3},{"damage":26,"enemies":"downfall:Defect","floor":33,"turns":5},{"damage":62,"enemies":"Reptomancer","floor":36,"turns":5},{"damage":10,"enemies":"3 Shapes","floor":37,"turns":3},{"damage":22,"enemies":"3 Darklings","floor":38,"turns":3},{"damage":41,"enemies":"Maw","floor":43,"turns":5},{"damage":4,"enemies":"downfall:FleeingMerchant","floor":45,"turns":1},{"damage":16,"enemies":"Transient","floor":46,"turns":5},{"damage":25,"enemies":"3 Darklings","floor":49,"turns":3},{"damage":44,"enemies":"downfall:Silent","floor":50,"turns":4},{"damage":77,"enemies":"downfall:CharBossMerchant","floor":52,"turns":7},{"damage":134,"enemies":"downfall:NeowBoss","floor":55,"turns":22}],"seed_played":"4433568291128991664","potions_obtained":[{"floor":9.0,"key":"LiquidBronze"},{"floor":9.0,"key":"hexamod:EctoCoolerPotion"},{"floor":9.0,"key":"PowerPotion"},{"floor":10.0,"key":"champ:CounterPotion"},{"floor":12.0,"key":"Explosive Potion"},{"floor":13.0,"key":"Weak Potion"},{"floor":14.0,"key":"champ:CounterPotion"},{"floor":15.0,"key":"LiquidBronze"},{"floor":16.0,"key":"EntropicBrew"},{"floor":21.0,"key":"champ:CounterPotion"},{"floor":26.0,"key":"AttackPotion"},{"floor":28.0,"key":"SpeedPotion"},{"floor":29,"key":"EntropicBrew"},{"floor":30,"key":"Ancient Potion"},{"floor":33,"key":"DuplicationPotion"},{"floor":36,"key":"hexamod:EctoCoolerPotion"},{"floor":37,"key":"Strength Potion"},{"floor":38,"key":"BlessingOfTheForge"},{"floor":43,"key":"Weak Potion"},{"floor":45,"key":"SteroidPotion"},{"floor":46,"key":"Slimebound:ThreeZeroPotion"},{"floor":49,"key":"Regen Potion"},{"floor":52,"key":"BlessingOfTheForge"}],"is_trial":false,"path_per_floor":["R","M","E","M","M","R","T","R","?","E","$","M","M","M","M","B",null,"R","M","R","M","?","R","T","?","E","R","M","$","M","?","M","B",null,"R","E","M","M","?","R","T","R","M","R","$","M","?","?","M","B",null,"E","$","R","B",null],"character_chosen":"SLIMEBOUND","items_purchased":["Membership Card","Mayhem","Slimebound:AcidTongue","expansioncontent:DecasProtection","EntropicBrew","Slimebound:DisruptingSlam","DuplicationPotion"],"campfire_rested":4,"item_purchase_floors":[11,45,45,53,53,53,53],"current_hp_per_floor":[60,60,60,60,59,59,59,59,59,43,48,46,42,35,41,48,60,60,53,53,37,43,43,43,37,23,54,59,62,60,60,66,66,70,70,31,41,41,41,62,62,62,47,68,74,74,83,83,80,73,83,60,60,83,41],"gold":20,"neow_bonus":"THREE_ENEMY_KILL","is_daily":false,"chose_seed":false,"campfire_upgraded":7,"win_rate":0.0,"timestamp":1607829917,"path_taken":["R","M","E","?","M","R","T","R","?","E","?","M","M","M","M","BOSS","R","M","R","M","?","R","T","?","E","R","M","$","M","?","M","BOSS","R","E","M","M","?","R","T","R","M","R","$","M","?","?","M","BOSS","E","$","R","BOSS"],"items_purchased_type":["Relic","Card","Card","Card","Potion","Card","Potion"],"build_version":"2020-11-30","purchased_purges":1,"victory":true,"max_hp_per_floor":[60,60,60,60,60,60,60,60,60,60,60,60,60,60,60,60,60,60,60,60,60,60,60,60,60,60,70,70,70,70,70,70,70,70,70,70,70,70,70,70,70,70,70,70,74,74,83,83,83,83,83,83,83,83,83],"card_choices":[{"not_picked":["Slimebound:Replication","Slimebound:TongueLash"],"picked":"Slimebound:ComboTackle","floor":2.0},{"not_picked":["Slimebound:SamplingLick","Slimebound:Schlurp"],"picked":"Slimebound:PressTheAttack","floor":3.0},{"not_picked":["Slimebound:Grow","Slimebound:ViciousTackle"],"picked":"Slimebound:SplitLeeching","floor":4.0},{"not_picked":["Slimebound:ComboTackle","Slimebound:ViciousTackle"],"picked":"Slimebound:LeadByExample","floor":5.0},{"not_picked":["Slimebound:FirmFortitude","Slimebound:SamplingLick"],"picked":"Slimebound:Overexert","floor":10.0},{"not_picked":["Slimebound:FinishingTackle","Slimebound:Dissolve"],"picked":"Slimebound:Schlurp","floor":11.0},{"not_picked":["Slimebound:Schlurp","Slimebound:ProtectTheBoss"],"picked":"Slimebound:PrepareCrush","floor":12.0},{"not_picked":["Slimebound:SlimeSpikes","Slimebound:Schlurp"],"picked":"Slimebound:GoopSpray","floor":13.0},{"not_picked":["Slimebound:LeechEnergy","Slimebound:SplitLeeching"],"picked":"Slimebound:MegaLick","floor":14.0},{"not_picked":["Slimebound:ViciousTackle","Slimebound:SplitMire"],"picked":"Slimebound:PressTheAttack","floor":15.0},{"not_picked":["Slimebound:MassFeed","Slimebound:PrepareCrush"],"picked":"Slimebound:OneTwoCombo","floor":16.0},{"not_picked":["Slimebound:LivingWall"],"picked":"SKIP","floor":19.0},{"not_picked":[],"picked":"Slimebound:SplitBruiser","floor":21.0},{"not_picked":[],"picked":"Slimebound:SlimeBarrage","floor":22.0},{"not_picked":[],"picked":"Slimebound:Nibble","floor":26.0},{"not_picked":["Slimebound:ForwardTackle+1"],"picked":"SKIP","floor":28.0},{"not_picked":["Slimebound:SplitBruiser"],"picked":"SKIP","floor":29},{"not_picked":[],"picked":"Slimebound:SamplingLick","floor":30},{"not_picked":[],"picked":"Slimebound:GrowthPunch","floor":32},{"not_picked":[],"picked":"Slimebound:MassFeed","floor":33},{"not_picked":[],"picked":"Slimebound:SplitAcid+1","floor":36},{"not_picked":[],"picked":"Slimebound:LeadByExample","floor":37},{"not_picked":[],"picked":"Slimebound:ForwardTackle+1","floor":38},{"not_picked":[],"picked":"expansioncontent:FaceSlap","floor":39},{"not_picked":[],"picked":"Slimebound:SplitLeeching+1","floor":43},{"not_picked":[],"picked":"Slimebound:LeechEnergy+1","floor":45},{"not_picked":[],"picked":"Slimebound:Schlurp+1","floor":46},{"not_picked":[],"picked":"Slimebound:SplitAcid+1","floor":49},{"not_picked":["Slimebound:FinishingTackle"],"picked":"SKIP","floor":52}],"player_experience":471944,"relics_obtained":[{"floor":3.0,"key":"Blood Vial"},{"floor":7.0,"key":"Pantograph"},{"floor":10.0,"key":"Lizard Tail"},{"floor":22.0,"key":"Incense Burner"},{"floor":22.0,"key":"White Beast Statue"},{"floor":26.0,"key":"Happy Flower"},{"floor":36,"key":"Bag of Preparation"},{"floor":41,"key":"Shuriken"},{"floor":52,"key":"Strange Spoon"},{"floor":52,"key":"Slimebound:MaxSlimesRelic"}],"event_choices":[{"damage_healed":0.0,"max_hp_gain":0.0,"max_hp_loss":0.0,"gold_gain":0.0,"event_name":"Lab","player_choice":"Got Potions","floor":9.0,"gold_loss":0.0,"damage_taken":0.0},{"damage_healed":0,"gold_gain":0,"player_choice":"Read","damage_taken":0,"max_hp_gain":0,"max_hp_loss":0,"event_name":"The Library","floor":31,"gold_loss":0,"cards_obtained":["Slimebound:Gluttony"]},{"cards_removed":["Slimebound:Strike_Slimebound"],"damage_healed":0,"gold_gain":0,"player_choice":"Removed Attack","damage_taken":0,"max_hp_gain":0,"max_hp_loss":0,"event_name":"Falling","floor":48,"gold_loss":0}],"is_beta":false,"boss_relics":[{"not_picked":["Snecko Eye","Empty Cage"],"picked":"Busted Crown"},{"not_picked":["Runic Dome","Velvet Choker"],"picked":"Cursed Key"}],"items_purged_floors":[45],"is_endless":false,"potions_floor_spawned":[10,12,13,14,15,16,21,26,28,29,30,32,33,36,37,38,43,45,46,49,52],"ascension_level":0}}