{"host":"x0ovlu53kkkog8rv","time":1607831187,"event":{"mods":["BaseMod","Colored Map","Minty Spire (QoL Compilation)","Quick Restart","SuperFastMode"],"gold_per_floor":[114,129,204,215,215,215,108,108,134,134,66,21,37,52,52,156,156,129,129,147,222,168,168,168,168],"floor_reached":24,"playtime":855,"items_purged":[],"score":184,"play_id":"a8cb5f3c-7a95-45e7-8c29-723ef6e9f671","local_time":"20201213124627","is_ascension_mode":false,"campfire_choices":[{"floor":6,"key":"REST"},{"floor":15,"key":"REST"},{"floor":23,"key":"REST"}],"circlet_count":0,"master_deck":["Strike_P","Strike_P","Strike_P","Strike_P","Defend_P+1","Defend_P","Defend_P","Defend_P","Eruption+1","InnerPeace+1","FlurryOfBlows","EmptyBody","EmptyFist","ClearTheMind","LikeWater","EmptyBody","Meditate","Judgement","EmptyFist","LikeWater","FlurryOfBlows"],"relics":["PureWater","Eternal Feather","Toy Ornithopter","VioletLotus"],"acts_visited":["Exordium","TheCity"],"potions_floor_usage":[13,16,16,16,16],"damage_taken":[{"damage":12,"enemies":"Small Slimes","floor":1,"turns":5},{"damage":8,"enemies":"2 Louse","floor":2,"turns":3},{"damage":0,"enemies":"Cultist","floor":4,"turns":3},{"damage":11,"enemies":"Lots of Slimes","floor":13,"turns":5},{"damage":6,"enemies":"Gremlin Gang","floor":14,"turns":6},{"damage":14,"enemies":"Hexaghost","floor":16,"turns":8},{"damage":29,"enemies":"2 Thieves","floor":18,"turns":5},{"damage":5,"enemies":"Spheric Guardian","floor":20,"turns":3},{"damage":75,"enemies":"Book of Stabbing","floor":24,"turns":6}],"seed_played":"-6654929614936409123","potions_obtained":[{"floor":0,"key":"CultistPotion"},{"floor":0,"key":"SteroidPotion"},{"floor":0,"key":"StancePotion"},{"floor":2,"key":"EntropicBrew"},{"floor":18,"key":"LiquidMemories"}],"is_trial":false,"path_per_floor":["M","M","?","M","?","R","$","?","T","?","$","$","M","M","R","B",null,"M","?","M","?","$","R","E"],"character_chosen":"WATCHER","items_purchased":["EmptyFist","ClearTheMind","LikeWater","EmptyBody","FlurryOfBlows"],"campfire_rested":3,"item_purchase_floors":[7,7,11,12,22],"current_hp_per_floor":[60,52,41,41,29,56,56,42,42,42,42,42,36,30,60,58,72,43,43,38,31,31,64,0,0],"gold":168,"neow_bonus":"THREE_SMALL_POTIONS","is_daily":false,"chose_seed":false,"campfire_upgraded":0,"win_rate":0.0,"timestamp":1607831187,"path_taken":["M","M","?","M","?","R","$","?","T","?","?","$","M","M","R","BOSS","M","?","M","?","$","R","E"],"items_purchased_type":["Card","Card","Card","Card","Card"],"build_version":"2020-11-30","purchased_purges":0,"victory":false,"max_hp_per_floor":[72,72,72,72,72,72,72,72,72,72,72,72,72,72,72,72,72,72,72,72,72,72,72,72,72],"card_choices":[{"not_picked":["Consecrate","CutThroughFate"],"picked":"InnerPeace","floor":1},{"not_picked":["Nirvana","ThirdEye"],"picked":"FlurryOfBlows","floor":2},{"not_picked":["Pray","Nirvana"],"picked":"EmptyBody","floor":4},{"not_picked":["Crescendo","ThirdEye","JustLucky"],"picked":"SKIP","floor":13},{"not_picked":["ClearTheMind","Crescendo"],"picked":"Meditate","floor":14},{"not_picked":["MasterReality","Omniscience"],"picked":"Judgement","floor":16},{"not_picked":["Worship","SashWhip"],"picked":"EmptyFist","floor":18},{"not_picked":["FlyingSleeves","Study"],"picked":"LikeWater","floor":20}],"player_experience":190182,"relics_obtained":[{"floor":9,"key":"Toy Ornithopter"}],"event_choices":[{"damage_healed":0,"gold_gain":75,"player_choice":"Gather Gold","damage_taken":11,"max_hp_gain":0,"max_hp_loss":0,"event_name":"World of Goop","floor":3,"gold_loss":0},{"damage_healed":0,"gold_gain":0,"player_choice":"Success","damage_taken":12,"relics_obtained":["Eternal Feather"],"max_hp_gain":0,"max_hp_loss":0,"event_name":"Scrap Ooze","floor":5,"gold_loss":0},{"damage_healed":0,"gold_gain":0,"player_choice":"Entered Light","damage_taken":14,"max_hp_gain":0,"max_hp_loss":0,"event_name":"Shining Light","floor":8,"gold_loss":0,"cards_upgraded":["Eruption","Defend_P"]},{"damage_healed":0,"gold_gain":0,"player_choice":"Grow","damage_taken":0,"max_hp_gain":0,"max_hp_loss":0,"event_name":"Living Wall","floor":10,"gold_loss":0,"cards_upgraded":["InnerPeace"]},{"cards_removed":["Vigilance"],"damage_healed":0,"gold_gain":0,"player_choice":"Elegance","damage_taken":0,"max_hp_gain":0,"max_hp_loss":0,"event_name":"Back to Basics","floor":19,"gold_loss":0},{"damage_healed":0,"gold_gain":75,"player_choice":"Touch","damage_taken":7,"max_hp_gain":0,"max_hp_loss":0,"event_name":"FaceTrader","floor":21,"gold_loss":0}],"is_beta":false,"boss_relics":[{"not_picked":["Astrolabe","Coffee Dripper"],"picked":"VioletLotus"}],"items_purged_floors":[],"is_endless":false,"potions_floor_spawned":[1,2,4,18],"killed_by":"Book of Stabbing","ascension_level":0}}