{"host":"ry21r4wo281ufca3","time":1607820496,"event":{"mods":["BaseMod","Decade(王小明)","Dota2Spire","Downfall-Rebalance","Lobotomy","LobotomyExtend","Luminous","Marisa（F雨　魔理沙）","Minty Spire (QoL Compilation)","Relic Stats","Replay The Spire","Shop Mod","Spicy Shops","StSLib","The Bug Knight","The Gatherer","The Hierophant","【东方二次创作】八云紫mod","【遗物卡牌】REMEMod"],"gold_per_floor":[118,118,138,138,138,138,26,56,134,159,150,150,53,96,96,16,16],"floor_reached":16,"playtime":739,"items_purged":[],"score":108,"play_id":"c1268cb7-ccb6-47fb-9ee0-8abde1cb8ed6","local_time":"20201213084816","is_ascension_mode":false,"campfire_choices":[{"data":"hierophant:CursedGold","floor":6,"key":"SMITH"},{"data":"Luminous:Mirror_Force_Luminous","floor":15,"key":"SMITH"}],"circlet_count":0,"master_deck":["hierophant:Strike_Hierophant","hierophant:Strike_Hierophant","hierophant:Strike_Hierophant","hierophant:Strike_Hierophant","hierophant:Punish","hierophant:Defend_Hierophant","hierophant:Defend_Hierophant","hierophant:Defend_Hierophant","hierophant:Defend_Hierophant","hierophant:ChurchCoffers","Luminous:Mirror_Force_Luminous+1","hierophant:Doubloon","hierophant:CursedGold+1","hierophant:Doubloon","hierophant:Dazzle","Doubt","hierophant:SolarFlare","Guardian:WeakpointTargeting","CUTE","hierophant:FieryStrike","hierophant:SecretStash+1","HollowMod:PerfectDash+1"],"relics":["REME_ComplimentaryCards","Dota2Spire:Bloodstone","LetterFromLob","PrismaticShard","Snack Pack","Dota2Spire:MagicBottle","Dota2Spire:BlackKingBar","Onion Ring","Toxic Egg 2"],"acts_visited":["Exordium"],"potions_floor_usage":[16,16],"damage_taken":[{"damage":1,"enemies":"2 Louse","floor":1,"turns":2},{"damage":0,"enemies":"Small Slimes","floor":3,"turns":4},{"damage":27,"enemies":"3 Sentries","floor":8,"turns":5},{"damage":0,"enemies":"Cultist","floor":10,"turns":2},{"damage":13,"enemies":"Lagavulin","floor":11,"turns":4},{"damage":5,"enemies":"2 Fungi Beasts","floor":14,"turns":2},{"damage":39,"enemies":"Hexaghost","floor":16,"turns":12}],"seed_played":"-7865283947749306285","potions_obtained":[{"floor":10,"key":"Languid Potion"},{"floor":14,"key":"EssenceOfSteel"}],"is_trial":false,"path_per_floor":["M","?","M","?","?","R","$","E","T","M","E","T","$","M","R","B"],"character_chosen":"HIEROPHANT","items_purchased":["hierophant:SolarFlare","hierophant:SecretStash+1"],"campfire_rested":0,"item_purchase_floors":[7,13],"current_hp_per_floor":[75,75,75,75,72,72,72,45,45,45,44,44,44,39,39,0,0],"gold":16,"neow_bonus":"BOSS_RELIC","is_daily":false,"chose_seed":false,"campfire_upgraded":2,"win_rate":0.0,"timestamp":1607820496,"path_taken":["M","?","M","?","?","R","$","E","T","M","E","?","$","M","R","BOSS"],"items_purchased_type":["Card","Card"],"build_version":"2020-11-30","purchased_purges":0,"victory":false,"max_hp_per_floor":[75,75,75,75,75,75,75,75,75,75,75,75,75,75,75,75,75],"relic_stats":{"counters":[7,31],"obtain_stats":[{"Dota2Spire:MagicBottle":8,"Dota2Spire:BlackKingBar":9,"hierophant:PropheticMaskRelic":0,"Onion Ring":11,"Dota2Spire:Bloodstone":0,"LetterFromLob":1,"Snack Pack":5,"Toxic Egg 2":12,"PrismaticShard":4,"REME_ComplimentaryCards":0},{"Dota2Spire:MagicBottle":3,"Dota2Spire:BlackKingBar":3,"hierophant:PropheticMaskRelic":0,"Onion Ring":5,"Dota2Spire:Bloodstone":0,"LetterFromLob":1,"Snack Pack":2,"Toxic Egg 2":5,"PrismaticShard":2,"REME_ComplimentaryCards":0},{"Dota2Spire:MagicBottle":11,"Dota2Spire:BlackKingBar":11,"hierophant:PropheticMaskRelic":0,"Onion Ring":17,"Dota2Spire:Bloodstone":0,"LetterFromLob":2,"Snack Pack":6,"Toxic Egg 2":17,"PrismaticShard":6,"REME_ComplimentaryCards":0}]},"card_choices":[{"not_picked":["hierophant:Alms","hierophant:MirrorShield"],"picked":"hierophant:CursedGold","floor":1},{"not_picked":["hierophant:Purify","hierophant:FaithHealing"],"picked":"hierophant:Dazzle","floor":3},{"not_picked":["Luminous:Concentrate_Luminous","Replay:ManipulateFuture"],"picked":"Guardian:WeakpointTargeting","floor":8},{"not_picked":["sneckomod:UnknownWeak","Sucker Punch"],"picked":"CUTE","floor":10},{"not_picked":["Guardian:Harden","Guardian:Reroute"],"picked":"hierophant:FieryStrike","floor":11},{"not_picked":["Reverberation","expansioncontent:PolyBeam"],"picked":"HollowMod:PerfectDash+1","floor":14}],"player_experience":111874,"relics_obtained":[{"floor":1,"key":"LetterFromLob"},{"floor":8,"key":"Dota2Spire:MagicBottle"},{"floor":9,"key":"Dota2Spire:BlackKingBar"},{"floor":11,"key":"Onion Ring"},{"floor":12,"key":"Toxic Egg 2"}],"event_choices":[{"damage_healed":0,"gold_gain":0,"player_choice":"Leave","damage_taken":0,"max_hp_gain":0,"max_hp_loss":0,"event_name":"The Cleric","floor":2,"gold_loss":0},{"damage_healed":0,"gold_gain":0,"player_choice":"Success","damage_taken":3,"relics_obtained":["Snack Pack"],"max_hp_gain":0,"max_hp_loss":0,"event_name":"Scrap Ooze","floor":5,"gold_loss":0}],"is_beta":false,"boss_relics":[],"items_purged_floors":[],"is_endless":false,"potions_floor_spawned":[10,14],"killed_by":"Hexaghost","ascension_level":0}}