{"host":"migkglet3gdlgm9g","time":1607882966,"event":{"mods":["BaseMod","Colored Map","Highlight Path","Minty Spire (QoL Compilation)","Quick Restart","StSLib","SuperFastMode"],"gold_per_floor":[112,130,144,144,159,189,189,206,255,185,185,213,213,48,48,120,120,130,130,130,140,140,140,175,192,192,192,205,240,240,33,33,109,109,123,123,123,133,145,145,145],"floor_reached":40,"playtime":1431,"items_purged":["Decay"],"score":868,"play_id":"1313acaf-f178-4adf-8f64-7702f2c9c2a3","local_time":"20201213190926","is_ascension_mode":true,"campfire_choices":[{"floor":7.0,"key":"REST"},{"floor":11.0,"key":"REST"},{"data":"Blade Dance","floor":13.0,"key":"SMITH"},{"data":"Accuracy","floor":15.0,"key":"SMITH"},{"data":"After Image","floor":23.0,"key":"SMITH"},{"data":"Envenom","floor":27.0,"key":"SMITH"},{"floor":30.0,"key":"REST"},{"data":"Accuracy","floor":32.0,"key":"SMITH"}],"circlet_count":0,"master_deck":["AscendersBane","Defend_G","Defend_G","Defend_G","Defend_G","Survivor","Neutralize","Accuracy+1","Sucker Punch","Poisoned Stab","Blade Dance+1","Caltrops","All Out Attack","Infinite Blades","Blade Dance+1","After Image+1","Cloak And Dagger","Concentrate","Deadly Poison","Envenom+1","Accuracy+1","After Image"],"relics":["Ring of the Snake","Tiny Chest","Regal Pillow","Eternal Feather","ClockworkSouvenir","Cursed Key","Centennial Puzzle","Unceasing Top","WingedGreaves","Empty Cage"],"acts_visited":["Exordium","TheCity","TheBeyond"],"potions_floor_usage":[40],"damage_taken":[{"damage":18.0,"enemies":"Jaw Worm","floor":1.0,"turns":6.0},{"damage":2.0,"enemies":"Cultist","floor":2.0,"turns":5.0},{"damage":1.0,"enemies":"Small Slimes","floor":3.0,"turns":4.0},{"damage":7.0,"enemies":"Exordium Thugs","floor":5.0,"turns":4.0},{"damage":27.0,"enemies":"Gremlin Nob","floor":6.0,"turns":4.0},{"damage":0.0,"enemies":"Red Slaver","floor":8.0,"turns":3.0},{"damage":23.0,"enemies":"3 Sentries","floor":12.0,"turns":6.0},{"damage":33.0,"enemies":"Hexaghost","floor":16.0,"turns":7.0},{"damage":6.0,"enemies":"2 Thieves","floor":18.0,"turns":2.0},{"damage":1.0,"enemies":"3 Byrds","floor":21.0,"turns":5.0},{"damage":58.0,"enemies":"Gremlin Leader","floor":24.0,"turns":7.0},{"damage":0.0,"enemies":"Snecko","floor":25.0,"turns":4.0},{"damage":15.0,"enemies":"3 Cultists","floor":28.0,"turns":5.0},{"damage":4.0,"enemies":"Slavers","floor":29.0,"turns":4.0},{"damage":58.0,"enemies":"Champ","floor":33.0,"turns":6.0},{"damage":6.0,"enemies":"Orb Walker","floor":35.0,"turns":3.0},{"damage":34.0,"enemies":"3 Darklings","floor":38.0,"turns":4.0},{"damage":4,"enemies":"Jaw Worm Horde","floor":39,"turns":4},{"damage":33,"enemies":"Nemesis","floor":40,"turns":5}],"seed_played":"4756911877833731227","potions_obtained":[{"floor":2.0,"key":"ColorlessPotion"},{"floor":3.0,"key":"DistilledChaos"},{"floor":8.0,"key":"EssenceOfSteel"},{"floor":16.0,"key":"Fruit Juice"},{"floor":24.0,"key":"Explosive Potion"},{"floor":25.0,"key":"Block Potion"},{"floor":28.0,"key":"SteroidPotion"},{"floor":39,"key":"LiquidBronze"}],"is_trial":false,"path_per_floor":["M","M","M","?","M","E","R","M","T","?","R","E","R","$","R","B",null,"M","?","T","M","?","R","E","M","T","R","M","E","R","$","R","B",null,"M","?","T","M","M","E"],"character_chosen":"THE_SILENT","items_purchased":["ClockworkSouvenir","Accuracy","BlessingOfTheForge"],"campfire_rested":3,"item_purchase_floors":[14,31,31],"current_hp_per_floor":[41,39,38,38,31,4,23,23,23,23,57,34,46,46,58,25,61,55,55,55,54,54,66,8,8,8,20,5,1,49,49,61,3,54,48,48,48,14,10,0,0],"gold":145,"neow_bonus":"TRANSFORM_CARD","is_daily":false,"chose_seed":false,"campfire_upgraded":5,"win_rate":0.0,"timestamp":1607882966,"path_taken":["M","M","M","?","?","E","R","M","T","?","R","E","R","?","R","BOSS","M","?","?","?","?","R","E","M","T","R","M","E","R","$","R","BOSS","M","?","?","M","M","E"],"items_purchased_type":["Relic","Card","Potion"],"build_version":"2020-11-30","purchased_purges":1,"victory":false,"max_hp_per_floor":[66,66,66,66,66,66,66,66,66,66,66,66,66,66,66,66,71,71,71,71,71,71,71,71,71,71,71,71,71,71,71,71,71,71,71,71,71,71,71,71,71],"card_choices":[{"not_picked":["Acrobatics","Prepared"],"picked":"Sucker Punch","floor":1.0},{"not_picked":["Acrobatics","Outmaneuver"],"picked":"Poisoned Stab","floor":2.0},{"not_picked":["Expertise","Bouncing Flask"],"picked":"Blade Dance","floor":3.0},{"not_picked":["Prepared","Dagger Throw"],"picked":"Caltrops","floor":5.0},{"not_picked":["Caltrops","Dodge and Roll"],"picked":"All Out Attack","floor":6.0},{"not_picked":["Unload","Dodge and Roll"],"picked":"Infinite Blades","floor":8.0},{"not_picked":["Deadly Poison","Crippling Poison"],"picked":"Blade Dance","floor":12.0},{"not_picked":["Die Die Die","Adrenaline"],"picked":"After Image","floor":16.0},{"not_picked":["Dodge and Roll+1","Blade Dance"],"picked":"Cloak And Dagger","floor":18.0},{"not_picked":["Heel Hook","Slice+1","Sucker Punch"],"picked":"SKIP","floor":21.0},{"not_picked":["Quick Slash+1","Blade Dance","Deflect"],"picked":"SKIP","floor":24.0},{"not_picked":["Backflip","Bane"],"picked":"Envenom","floor":25.0},{"not_picked":["Slice","Deflect","Poisoned Stab"],"picked":"SKIP","floor":28.0},{"not_picked":["Escape Plan","Backflip","Slice+1"],"picked":"SKIP","floor":29.0},{"not_picked":["Envenom","Grand Finale"],"picked":"After Image","floor":33.0},{"not_picked":["Outmaneuver","Sucker Punch","Underhanded Strike"],"picked":"SKIP","floor":35.0},{"not_picked":["Reflex","Deflect+1","Flying Knee"],"picked":"SKIP","floor":38.0},{"not_picked":["Quick Slash","Masterful Stab","Flying Knee"],"picked":"SKIP","floor":39}],"player_experience":2053797,"relics_obtained":[{"floor":6.0,"key":"Tiny Chest"},{"floor":9.0,"key":"Regal Pillow"},{"floor":12.0,"key":"Eternal Feather"},{"floor":24.0,"key":"Centennial Puzzle"},{"floor":26.0,"key":"Unceasing Top"},{"floor":29.0,"key":"WingedGreaves"}],"event_choices":[{"damage_healed":0.0,"max_hp_gain":0.0,"max_hp_loss":0.0,"gold_gain":0.0,"event_name":"Upgrade Shrine","player_choice":"Upgraded","floor":4.0,"gold_loss":0.0,"damage_taken":0.0,"cards_upgraded":["Blade Dance"]},{"damage_healed":0.0,"max_hp_gain":0.0,"max_hp_loss":0.0,"gold_gain":0.0,"event_name":"World of Goop","player_choice":"Left Gold","floor":10.0,"gold_loss":70.0,"damage_taken":0.0},{"damage_healed":0.0,"max_hp_gain":0.0,"max_hp_loss":0.0,"gold_gain":0.0,"event_name":"Cursed Tome","player_choice":"Ignored","floor":19.0,"gold_loss":0.0,"damage_taken":0.0},{"damage_healed":0.0,"max_hp_gain":0.0,"max_hp_loss":0.0,"gold_gain":0.0,"cards_transformed":["Strike_G","Strike_G"],"event_name":"Drug Dealer","player_choice":"Became Test Subject","floor":22.0,"gold_loss":0.0,"damage_taken":0.0,"cards_obtained":["Concentrate","Deadly Poison"]},{"cards_removed":["Defend_G"],"damage_healed":0.0,"max_hp_gain":0.0,"max_hp_loss":0.0,"gold_gain":0.0,"event_name":"Wheel of Change","player_choice":"Card Removal","floor":36.0,"gold_loss":0.0,"damage_taken":0.0}],"is_beta":false,"boss_relics":[{"not_picked":["Calling Bell","SacredBark"],"picked":"Cursed Key"},{"not_picked":["Tiny House","Busted Crown"],"picked":"Empty Cage"}],"items_purged_floors":[31],"is_endless":false,"potions_floor_spawned":[2,3,8,16,24,25,28,39],"killed_by":"Nemesis","ascension_level":20}}