{"host":"gh8bojrcuxpq4x1t","time":1607834978,"event":{"mods":["10 clothes from DAL","Act Like it!","Ascension Reborn","BaseMod","CapriCore","FGO Abigail","Lobotomy","Minty Spire (QoL Compilation)","Pale of the Ancients","Replay The Spire","Spicy Shops","StSLib","TestMod","The Alterego","The Runesmith","Wizard Mod","[IsaacMod]以撒尖塔","【遗物卡牌】REMEMod","没有小屋子和绿帽子啦"],"gold_per_floor":[115,185,33,308,242,276,276,276,276,302,302,302,312,325,325,426,426,441,441,49,49,41,41,441,456,534,534,550,550,550,550,550,550,550],"floor_reached":33,"playtime":1953,"items_purged":["SpiderBud"],"score":299,"play_id":"b7cffca4-02db-437c-945f-3aff512b6546","local_time":"20201213124938","is_ascension_mode":true,"campfire_choices":[{"floor":7,"key":"REST"},{"floor":11,"key":"REST"},{"floor":15,"key":"REST"},{"floor":23,"key":"REST"},{"data":"Runesmith:BackupBattery","floor":27,"key":"SMITH"},{"data":"Runesmith:BackupBattery+1","floor":29,"key":"SMITH"},{"floor":32,"key":"RECALL"}],"circlet_count":0,"master_deck":["Runesmith:Strike_RS+1","Runesmith:Strike_RS+1","Runesmith:Strike_RS+1","Runesmith:Strike_RS+1","Runesmith:Defend_RS+1","Runesmith:Defend_RS+1","Runesmith:Defend_RS+1","Runesmith:Defend_RS+1","Runesmith:CraftFirestone","Runesmith:Fortify","SuicideKing","Runesmith:GrandSlam","Runesmith:GoWithTheFlow","Runesmith:FieryHammer","Wellcheers","Runesmith:Grindstone","LittleHelper","Runesmith:ElementalConversion","Runesmith:Firestorm","DespairKnight","Runesmith:CraftReservo","Runesmith:CreatorForm","Runesmith:ChiselStab+1","Runesmith:CraftVitae","DreamingCurrent","Runesmith:BackupBattery+2","Runesmith:HeatedChisel","Scorched","Runesmith:RuneHurl","Runesmith:EarthShield+1","OSAHOGD","Runesmith:OneForEveryone","Runesmith:CraftProtectio"],"relics":["Runesmith:BrokenRuby","testmod-TestBox","HushsDoor","testmod-CrystalShield","GuppysTail","CogitoBucket","SteamSale","testmod-DragonStarHat","Prayer Wheel","Replay:Ringing Soul","SacredBark","Iron Hammer","Mirror","Sling","Juzu Bracelet"],"acts_visited":["Exordium","TheCity"],"potions_floor_usage":[6,16,16,22,33],"damage_taken":[{"damage":0,"enemies":"Small Slimes","floor":1,"turns":2},{"damage":48,"enemies":"Gremlin Nob","floor":6,"turns":5},{"damage":28,"enemies":"3 Sentries","floor":10,"turns":7},{"damage":11,"enemies":"Jaw Worm","floor":13,"turns":2},{"damage":9,"enemies":"Cultist","floor":14,"turns":4},{"damage":30,"enemies":"Slime Boss","floor":16,"turns":9},{"damage":49,"enemies":"Chosen","floor":18,"turns":6},{"damage":24,"enemies":"2 Thieves","floor":22,"turns":5},{"damage":9,"enemies":"Snake Plant","floor":25,"turns":6},{"damage":22,"enemies":"Snecko","floor":28,"turns":5},{"damage":112,"enemies":"Automaton","floor":33,"turns":9}],"seed_played":"-7914433639379846982","potions_obtained":[{"floor":1,"key":"SteroidPotion"},{"floor":13,"key":"SteroidPotion"},{"floor":14,"key":"SkillPotion"},{"floor":18,"key":"Block Potion"},{"floor":25,"key":"SkillPotion"}],"is_trial":false,"path_per_floor":["M","?","$","?","$","E","R","?","T","E","R","?","M","M","R","B",null,"M","?","$","$","M","R","?","M","T","R","M","R","?","?","R","B"],"character_chosen":"RUNESMITH_CLASS","items_purchased":["SteamSale","testmod-DragonStarHat","Iron Hammer","Mirror","Sling","Runesmith:BackupBattery"],"campfire_rested":4,"item_purchase_floors":[3,5,20,20,20,20],"current_hp_per_floor":[70,70,70,70,70,22,43,43,43,24,45,45,37,31,54,30,82,36,36,39,39,51,78,78,85,85,85,87,87,87,87,87,0,0],"gold":550,"neow_bonus":"","is_daily":false,"chose_seed":false,"campfire_upgraded":2,"win_rate":0.0,"timestamp":1607834978,"path_taken":["M","?","$","?","$","E","R","?","T","E","R","?","M","M","R","BOSS","M","?","?","$","?","R","?","M","T","R","M","R","?","?","R","BOSS"],"items_purchased_type":["Relic","Relic","Relic","Relic","Relic","Card"],"build_version":"2020-11-30","purchased_purges":1,"victory":false,"max_hp_per_floor":[70,70,70,70,70,70,70,70,70,73,73,73,76,79,79,82,82,85,85,88,88,91,91,91,94,94,94,97,97,97,97,97,97,97],"card_choices":[{"not_picked":[],"picked":"SuicideKing","floor":0},{"not_picked":["CrumblingArmor","Murderer"],"picked":"SpiderBud","floor":1},{"not_picked":["Runesmith:Firestorm","Runesmith:CraftPrismatica"],"picked":"Runesmith:GoWithTheFlow","floor":1},{"not_picked":["Runesmith:EarthShield","Runesmith:Prism"],"picked":"Runesmith:FieryHammer","floor":6},{"not_picked":["ShyLook","BlackSwan"],"picked":"Wellcheers","floor":6},{"not_picked":["Runesmith:DuctTape","Runesmith:Retool"],"picked":"Runesmith:Grindstone","floor":10},{"not_picked":["SnowQueen","FairyFestival"],"picked":"LittleHelper","floor":10},{"not_picked":["Runesmith:Augment","Runesmith:Permafrost"],"picked":"Runesmith:ElementalConversion","floor":13},{"not_picked":["Runesmith:BackupBattery","Runesmith:DoubleUp"],"picked":"Runesmith:Firestorm","floor":13},{"not_picked":["MHz","FieryBird"],"picked":"DespairKnight","floor":13},{"not_picked":["Runesmith:Augment","Runesmith:MakeshiftArmor"],"picked":"Runesmith:CraftReservo","floor":14},{"not_picked":["Runesmith:StaticCage","Runesmith:ChiselStab","Runesmith:HeatExchange"],"picked":"SKIP","floor":14},{"not_picked":["Runesmith:CraftPrismatica","Runesmith:UnlimitedPower"],"picked":"Runesmith:CreatorForm","floor":16},{"not_picked":["Runesmith:CraftObretio","Runesmith:Repurpose"],"picked":"Runesmith:ChiselStab+1","floor":18},{"not_picked":["Runesmith:HammerThrow","Runesmith:MakeshiftArmor+1"],"picked":"Runesmith:CraftVitae","floor":18},{"not_picked":["WallGazer","LittlePrince"],"picked":"DreamingCurrent","floor":18},{"not_picked":["Runesmith:Malloc","Runesmith:Grindstone"],"picked":"Runesmith:HeatedChisel","floor":22},{"not_picked":["CENSORED","BigBadWolf"],"picked":"Scorched","floor":22},{"not_picked":["Runesmith:Repurpose","Runesmith:Prism+1","Runesmith:BackupBattery+1"],"picked":"SKIP","floor":22},{"not_picked":["Runesmith:Prism+1","Runesmith:HammerThrow"],"picked":"Runesmith:RuneHurl","floor":25},{"not_picked":["Runesmith:StaticCage","Runesmith:Reinforce+1"],"picked":"Runesmith:EarthShield+1","floor":25},{"not_picked":["Alriune","UniverseFragment","FieryBird"],"picked":"Singing Bowl","floor":25},{"not_picked":["Funeral","SpiderBud"],"picked":"OSAHOGD","floor":25},{"not_picked":["Runesmith:BackupBattery+1","Runesmith:CraftIncendium","Runesmith:HammerThrow+1"],"picked":"Runesmith:OneForEveryone","floor":28},{"not_picked":["Runesmith:UnstableHammer","Runesmith:EnergizedChisel","Runesmith:CraftReservo+1"],"picked":"Runesmith:CraftProtectio","floor":28}],"player_experience":16846,"relics_obtained":[{"floor":9,"key":"Prayer Wheel"},{"floor":10,"key":"Replay:Ringing Soul"},{"floor":26,"key":"Question Card"}],"event_choices":[{"damage_healed":0,"gold_gain":70,"player_choice":"Gained Gold","damage_taken":0,"max_hp_gain":0,"max_hp_loss":0,"event_name":"Golden Wing","floor":2,"gold_loss":0},{"damage_healed":0,"gold_gain":275,"player_choice":"Desecrate","damage_taken":0,"max_hp_gain":0,"max_hp_loss":0,"event_name":"Golden Shrine","floor":4,"gold_loss":0,"cards_obtained":["Regret"]},{"cards_removed":["Regret"],"damage_healed":0,"gold_gain":0,"player_choice":"Purged","damage_taken":0,"max_hp_gain":0,"max_hp_loss":0,"event_name":"Purifier","floor":12,"gold_loss":0},{"damage_healed":0,"gold_gain":0,"player_choice":"Simplicity","damage_taken":0,"max_hp_gain":0,"max_hp_loss":0,"event_name":"Back to Basics","floor":19,"gold_loss":0,"cards_upgraded":["Runesmith:Strike_RS","Runesmith:Strike_RS","Runesmith:Strike_RS","Runesmith:Strike_RS","Runesmith:Defend_RS","Runesmith:Defend_RS","Runesmith:Defend_RS","Runesmith:Defend_RS"]},{"damage_healed":0,"gold_gain":400,"player_choice":"Sell","damage_taken":0,"max_hp_gain":0,"max_hp_loss":0,"event_name":"恩洛斯的盘子","floor":24,"relics_lost":["REME_ComplimentaryCards"],"gold_loss":0},{"damage_healed":0,"gold_gain":0,"player_choice":"Swap Relic","damage_taken":0,"relics_obtained":["Juzu Bracelet"],"max_hp_gain":0,"max_hp_loss":0,"event_name":"给自己的盒子","floor":30,"relics_lost":["Question Card"],"gold_loss":0}],"is_beta":false,"boss_relics":[{"not_picked":["testmod-BloodSacrificeSpiritualization","Fusion Hammer"],"picked":"SacredBark"},{"not_picked":[]}],"items_purged_floors":[20],"is_endless":false,"potions_floor_spawned":[1,13,14,18,25],"killed_by":"Automaton","ascension_level":0}}