{"host":"p7j7o00jacnw7qzt","time":1607894769,"event":{"mods":["BaseMod","Colored Map","Colored Powertips","DeckTracker","Highlight Path","Minty Spire (QoL Compilation)","Relic Stats"],"gold_per_floor":[412,121,121,121,121,121,146,146,146],"floor_reached":8,"playtime":208,"items_purged":["Strike_R"],"score":88,"play_id":"d33ee222-cf7a-4d6f-9a45-f7f8f5245f9b","local_time":"20201213162609","is_ascension_mode":true,"campfire_choices":[{"floor":6,"key":"REST"}],"circlet_count":0,"master_deck":["AscendersBane","Strike_R","Strike_R","Strike_R","Defend_R","Defend_R","Defend_R","Defend_R","Bash","Body Slam","Sword Boomerang","Power Through","Dark Embrace"],"relics":["Burning Blood","Old Coin","Akabeko","Dream Catcher","Golden Idol"],"acts_visited":["Exordium"],"potions_floor_usage":[],"damage_taken":[{"damage":19.0,"enemies":"Jaw Worm","floor":1.0,"turns":5.0},{"damage":0,"enemies":"2 Louse","floor":7,"turns":2},{"damage":49,"enemies":"Gremlin Nob","floor":8,"turns":4}],"seed_played":"-6404946456814558192","potions_obtained":[],"is_trial":false,"path_per_floor":["M","$","?","?","?","R","M","E"],"character_chosen":"IRONCLAD","items_purchased":["Akabeko","Sword Boomerang"],"campfire_rested":1,"item_purchase_floors":[2,2],"current_hp_per_floor":[37,37,19,12,12,32,38,0,0],"gold":146,"neow_bonus":"ONE_RARE_RELIC","is_daily":false,"chose_seed":false,"campfire_upgraded":0,"win_rate":0.0,"timestamp":1607894769,"path_taken":["M","$","?","?","?","R","M","E"],"items_purchased_type":["Relic","Card"],"build_version":"2020-11-30","purchased_purges":1,"victory":false,"max_hp_per_floor":[75,75,75,75,68,68,68,68,68],"relic_stats":{"Dream Catcher":1,"counters":[3,11],"Golden Idol":5,"obtain_stats":[{"Dream Catcher":3,"Golden Idol":5,"Burning Blood":0,"Akabeko":2,"Old Coin":0},{"Dream Catcher":1,"Golden Idol":1,"Burning Blood":0,"Akabeko":1,"Old Coin":0},{"Dream Catcher":5,"Golden Idol":5,"Burning Blood":0,"Akabeko":5,"Old Coin":0}],"Burning Blood":12},"card_choices":[{"not_picked":["Headbutt","Iron Wave"],"picked":"Body Slam","floor":1.0},{"not_picked":["Fire Breathing","Clothesline"],"picked":"Power Through","floor":6},{"not_picked":["Body Slam","Uppercut"],"picked":"Dark Embrace","floor":7}],"player_experience":836708,"relics_obtained":[],"event_choices":[{"damage_healed":0,"gold_gain":0,"player_choice":"Success","damage_taken":18,"relics_obtained":["Dream Catcher"],"max_hp_gain":0,"max_hp_loss":0,"event_name":"Scrap Ooze","floor":3,"gold_loss":0},{"cards_removed":["Strike_R"],"damage_healed":0,"gold_gain":0,"player_choice":"Card Removal","damage_taken":7,"max_hp_gain":0,"max_hp_loss":0,"event_name":"Golden Wing","floor":4,"gold_loss":0},{"damage_healed":0,"gold_gain":0,"player_choice":"Lose Max HP","damage_taken":0,"relics_obtained":["Golden Idol"],"max_hp_gain":0,"max_hp_loss":7,"event_name":"Golden Idol","floor":5,"gold_loss":0}],"is_beta":false,"boss_relics":[],"items_purged_floors":[2],"is_endless":false,"potions_floor_spawned":[],"killed_by":"Gremlin Nob","ascension_level":20}}