{"host":"3a1sbpq1iuwiesnh","time":1607835690,"event":{"mods":["AchievementEnabler","BaseMod","Colored Map","Colored Powertips","KOR Keyword Fix","Minty Spire (QoL Compilation)","Rare Cards Sparkle","Relic Stats","SuperFastMode","everything is the same but u backflip on backflip"],"gold_per_floor":[112,123,134,134,149,149,165,181,181,181,106,127,143,154,154,249,249,238,249,71,85,85,85,85,85,85,97,109,128,156,174,174,269,269,285,285,298,208,43,43,72,86,86,86,113,125,141,160,160,262,262,262,262],"floor_reached":52,"playtime":2344,"items_purged":["Strike_R","Strike_R","Spot Weakness"],"score":932,"play_id":"17d00554-825e-4fe2-8a62-b0c2e73c3011","local_time":"20201213140130","is_ascension_mode":false,"campfire_choices":[{"data":"Body Slam","floor":6.0,"key":"SMITH"},{"data":"Shockwave","floor":10.0,"key":"SMITH"},{"data":"Entrench","floor":15.0,"key":"SMITH"},{"data":"Evolve","floor":25.0,"key":"SMITH"},{"data":"Burning Pact","floor":32,"key":"SMITH"},{"data":"Fire Breathing","floor":40,"key":"SMITH"},{"floor":44,"key":"REST"},{"floor":49,"key":"REST"}],"circlet_count":0,"master_deck":["Strike_R+1","Strike_R+1","Defend_R","Defend_R","Defend_R","Defend_R","Bash","Burning Pact+1","Body Slam+1","Feed","Shockwave+1","Entrench+1","Fiend Fire","Uppercut","Feel No Pain","Evolve+1","Fire Breathing+1","Pain","Wild Strike+1","Thinking Ahead","Dark Embrace","Warcry+1","Shrug It Off"],"relics":["Burning Blood","TungstenRod","Odd Mushroom","SlaversCollar","WarpedTongs","Gremlin Horn","Singing Bowl","Philosopher\u0027s Stone","Turnip","Lizard Tail","Self Forming Clay"],"acts_visited":["Exordium","TheCity","TheBeyond","Exordium"],"potions_floor_usage":[29,30,31,37,41,42,47,50],"damage_taken":[{"damage":6.0,"enemies":"Jaw Worm","floor":1.0,"turns":5.0},{"damage":0.0,"enemies":"Small Slimes","floor":2.0,"turns":3.0},{"damage":4.0,"enemies":"2 Louse","floor":3.0,"turns":3.0},{"damage":13.0,"enemies":"Lots of Slimes","floor":5.0,"turns":4.0},{"damage":20.0,"enemies":"Exordium Wildlife","floor":7.0,"turns":6.0},{"damage":5.0,"enemies":"3 Louse","floor":8.0,"turns":6.0},{"damage":17.0,"enemies":"The Mushroom Lair","floor":12.0,"turns":4.0},{"damage":0.0,"enemies":"Exordium Thugs","floor":13.0,"turns":4.0},{"damage":7.0,"enemies":"Blue Slaver","floor":14.0,"turns":6.0},{"damage":16.0,"enemies":"The Guardian","floor":16.0,"turns":13.0},{"damage":22.0,"enemies":"2 Thieves","floor":18.0,"turns":4.0},{"damage":16.0,"enemies":"3 Byrds","floor":19.0,"turns":6.0},{"damage":14.0,"enemies":"Centurion and Healer","floor":21.0,"turns":7.0},{"damage":13.0,"enemies":"Chosen and Byrds","floor":27.0,"turns":6.0},{"damage":10.0,"enemies":"Cultist and Chosen","floor":28.0,"turns":5.0},{"damage":3,"enemies":"Centurion and Healer","floor":29,"turns":6},{"damage":13,"enemies":"Gremlin Leader","floor":30,"turns":6},{"damage":17,"enemies":"3 Cultists","floor":31,"turns":6},{"damage":59,"enemies":"Automaton","floor":33,"turns":9},{"damage":24,"enemies":"Orb Walker","floor":35,"turns":4},{"damage":20,"enemies":"3 Darklings","floor":37,"turns":6},{"damage":57,"enemies":"Reptomancer","floor":41,"turns":5},{"damage":32,"enemies":"Writhing Mass","floor":42,"turns":14},{"damage":31,"enemies":"Nemesis","floor":45,"turns":7},{"damage":39,"enemies":"Spire Growth","floor":46,"turns":7},{"damage":26,"enemies":"Jaw Worm Horde","floor":47,"turns":4},{"damage":20,"enemies":"Sphere and 2 Shapes","floor":48,"turns":3},{"damage":52,"enemies":"Awakened One","floor":50,"turns":10},{"damage":0,"enemies":"2 Louse","floor":52,"turns":1}],"seed_played":"-2885889467506341947","potions_obtained":[{"floor":1.0,"key":"Energy Potion"},{"floor":8.0,"key":"SmokeBomb"},{"floor":13.0,"key":"DuplicationPotion"},{"floor":14.0,"key":"Swift Potion"},{"floor":16.0,"key":"Regen Potion"},{"floor":18.0,"key":"SkillPotion"},{"floor":19.0,"key":"Swift Potion"},{"floor":21.0,"key":"DistilledChaos"},{"floor":30,"key":"SpeedPotion"},{"floor":31,"key":"Weak Potion"},{"floor":33,"key":"Fire Potion"},{"floor":41,"key":"LiquidMemories"},{"floor":46,"key":"SpeedPotion"},{"floor":48,"key":"FearPotion"},{"floor":50,"key":"SkillPotion"}],"is_trial":true,"path_per_floor":["M","M","M","?","M","R","M","M","T","R","$","?","M","M","R","B",null,"M","M","$","M","?","?","$","R","T","M","M","M","E","M","R","B",null,"M","?","M","?","$","R","E","M","T","R","E","M","M","M","R","B",null,"M"],"character_chosen":"IRONCLAD","items_purchased":["Evolve","Dark Embrace"],"campfire_rested":2,"item_purchase_floors":[20,39],"current_hp_per_floor":[80,80,80,64,60,60,49,53,53,53,53,45,51,53,53,43,95,79,87,87,82,82,82,82,82,82,75,74,80,75,70,70,19,117,105,100,88,88,88,88,39,15,15,54,31,66,46,34,75,34,142,142,142],"gold":262,"neow_bonus":"","is_daily":false,"chose_seed":false,"campfire_upgraded":6,"win_rate":0.0,"timestamp":1607835690,"path_taken":["M","M","M","?","M","R","M","M","T","R","$","?","M","M","R","BOSS","M","M","$","M","?","?","$","R","T","M","?","M","E","M","R","BOSS","M","?","M","?","$","R","E","?","T","R","E","M","M","M","R","BOSS","M"],"items_purchased_type":["Card","Card"],"build_version":"2020-11-30","purchased_purges":3,"victory":false,"max_hp_per_floor":[80,80,80,80,83,83,86,89,89,89,89,92,92,95,95,95,95,95,98,98,101,101,101,101,101,101,101,104,107,109,115,115,117,117,123,127,129,129,129,129,131,133,133,133,135,135,135,137,137,142,142,142,142],"relic_stats":{"Lizard Tail":67,"Gremlin Horn":[22,23],"Singing Bowl":24,"counters":[29,170],"Self Forming Clay":[42],"Turnip":[5],"obtain_stats":[{"SlaversCollar":17,"Lizard Tail":43,"Gremlin Horn":26,"Singing Bowl":30,"Self Forming Clay":45,"Philosopher\u0027s Stone":34,"Turnip":41,"Odd Mushroom":12,"Burning Blood":0,"TungstenRod":9,"WarpedTongs":23},{"SlaversCollar":10,"Lizard Tail":23,"Gremlin Horn":13,"Singing Bowl":17,"Self Forming Clay":24,"Philosopher\u0027s Stone":19,"Turnip":22,"Odd Mushroom":7,"Burning Blood":0,"TungstenRod":6,"WarpedTongs":13},{"SlaversCollar":54,"Lizard Tail":138,"Gremlin Horn":71,"Singing Bowl":94,"Self Forming Clay":145,"Philosopher\u0027s Stone":109,"Turnip":124,"Odd Mushroom":31,"Burning Blood":0,"TungstenRod":27,"WarpedTongs":71}],"Burning Blood":160,"TungstenRod":232,"WarpedTongs":[85]},"card_choices":[{"not_picked":["Clash","True Grit"],"picked":"Burning Pact","floor":1.0},{"not_picked":["True Grit","Combust"],"picked":"Body Slam","floor":2.0},{"not_picked":["Reckless Charge","Pummel"],"picked":"Feed","floor":3.0},{"not_picked":["Iron Wave","Flex","Rage"],"picked":"SKIP","floor":5.0},{"not_picked":["Inflame","Whirlwind"],"picked":"Shockwave","floor":7.0},{"not_picked":["Flex","Twin Strike","Cleave"],"picked":"SKIP","floor":8.0},{"not_picked":["Pummel","Headbutt"],"picked":"Entrench","floor":13.0},{"not_picked":["Headbutt","Havoc"],"picked":"Spot Weakness","floor":14.0},{"not_picked":["Double Tap","Feed"],"picked":"Fiend Fire","floor":16.0},{"not_picked":["Heavy Blade","Combust"],"picked":"Uppercut","floor":18.0},{"not_picked":["True Grit+1","Twin Strike"],"picked":"Feel No Pain","floor":19.0},{"not_picked":["Sentinel","Iron Wave+1"],"picked":"Fire Breathing","floor":21.0},{"not_picked":["Seeing Red","Anger"],"picked":"Wild Strike","floor":27.0},{"not_picked":["Hemokinesis","Havoc","Rupture"],"picked":"SKIP","floor":28},{"not_picked":["Heavy Blade","Clash","Cleave"],"picked":"SKIP","floor":29},{"not_picked":["Wild Strike+1","Clothesline+1","Twin Strike+1"],"picked":"Singing Bowl","floor":30},{"not_picked":["Anger","Juggernaut","Sentinel"],"picked":"Singing Bowl","floor":31},{"not_picked":["Exhume","Reaper","Corruption"],"picked":"Singing Bowl","floor":33},{"not_picked":["Intimidate+1","Sword Boomerang+1","Seeing Red"],"picked":"Singing Bowl","floor":35},{"not_picked":["PanicButton","Discovery","Transmutation"],"picked":"Singing Bowl","floor":36},{"not_picked":["Transmutation","Discovery","Deep Breath"],"picked":"Singing Bowl","floor":36},{"not_picked":["The Bomb","Panache"],"picked":"Thinking Ahead","floor":36},{"not_picked":["Body Slam+1","Heavy Blade","Flame Barrier+1"],"picked":"Singing Bowl","floor":37},{"not_picked":["Pommel Strike+1","Exhume","Berserk"],"picked":"Singing Bowl","floor":41},{"not_picked":["Anger+1","Body Slam+1","Burning Pact"],"picked":"Singing Bowl","floor":42},{"not_picked":["Rage","Uppercut","Heavy Blade+1"],"picked":"Singing Bowl","floor":45},{"not_picked":["Perfected Strike+1","Iron Wave+1"],"picked":"Warcry+1","floor":46},{"not_picked":["Iron Wave","Body Slam+1"],"picked":"Shrug It Off","floor":47},{"not_picked":["Infernal Blade+1","Combust+1","Pummel+1"],"picked":"Singing Bowl","floor":48},{"not_picked":["Juggernaut","Fiend Fire","Demon Form"],"picked":"Singing Bowl","floor":50}],"player_experience":545302,"relics_obtained":[{"floor":9.0,"key":"TungstenRod"},{"floor":12.0,"key":"Odd Mushroom"},{"floor":26.0,"key":"Gremlin Horn"},{"floor":30,"key":"Singing Bowl"},{"floor":41,"key":"Turnip"},{"floor":43,"key":"Lizard Tail"},{"floor":45,"key":"Self Forming Clay"}],"event_choices":[{"damage_healed":0.0,"max_hp_gain":0.0,"max_hp_loss":0.0,"gold_gain":0.0,"event_name":"Shining Light","player_choice":"Entered Light","floor":4.0,"gold_loss":0.0,"damage_taken":16.0,"cards_upgraded":["Strike_R","Strike_R"]},{"damage_healed":0.0,"max_hp_gain":0.0,"max_hp_loss":0.0,"gold_gain":0.0,"event_name":"Mushrooms","player_choice":"Fought Mushrooms","floor":12.0,"gold_loss":0.0,"damage_taken":0.0},{"damage_healed":0.0,"max_hp_gain":0.0,"max_hp_loss":0.0,"gold_gain":0.0,"event_name":"Ghosts","player_choice":"Ignored","floor":22.0,"gold_loss":0.0,"damage_taken":0.0},{"damage_healed":0.0,"max_hp_gain":0.0,"max_hp_loss":0.0,"gold_gain":0.0,"event_name":"Accursed Blacksmith","player_choice":"Rummage","floor":23.0,"gold_loss":0.0,"damage_taken":0.0,"relics_obtained":["WarpedTongs"],"cards_obtained":["Pain"]},{"damage_healed":0,"gold_gain":0,"player_choice":"Memory 3","damage_taken":10,"max_hp_gain":0,"max_hp_loss":0,"event_name":"SensoryStone","floor":36,"gold_loss":0},{"cards_removed":["Strike_R"],"damage_healed":0,"gold_gain":0,"player_choice":"Upgrade and Remove","damage_taken":0,"max_hp_gain":0,"max_hp_loss":0,"event_name":"Designer","floor":38,"gold_loss":90,"cards_upgraded":["Wild Strike"]}],"is_beta":false,"boss_relics":[{"not_picked":["Tiny House","Ectoplasm"],"picked":"SlaversCollar"},{"not_picked":["Busted Crown","Black Blood"],"picked":"Philosopher\u0027s Stone"},{"not_picked":["Fusion Hammer","Snecko Eye","Velvet Choker"]}],"items_purged_floors":[11,20,39],"is_endless":true,"potions_floor_spawned":[1,8,13,14,16,18,19,21,30,31,33,41,46,48,50],"killed_by":"2 Louse","ascension_level":0}}