{"host":"qgru5siit3fz0wh9","time":1607859616,"event":{"mods":["AchievementEnabler","BaseMod","Highlight Path","Minty Spire (QoL Compilation)"],"gold_per_floor":[115,128,203,203,223,264,264,302,328,363,363,142,163,190,190,190,190],"floor_reached":16,"playtime":611,"items_purged":["True Grit"],"score":126,"play_id":"735b94e0-9b0d-41a1-83ad-461213ea3a62","local_time":"20201213124016","is_ascension_mode":true,"campfire_choices":[{"floor":7,"key":"REST"},{"floor":11,"key":"REST"},{"data":"Shockwave","floor":15,"key":"SMITH"}],"circlet_count":0,"master_deck":["Strike_R","Strike_R","Strike_R","Strike_R","Strike_R","Defend_R","Defend_R","Defend_R","Defend_R","Bash","Heavy Blade+1","Anger","Infernal Blade","Shrug It Off","Shockwave+1","Iron Wave"],"relics":["Burning Blood","NeowsBlessing","CeramicFish","MealTicket","Blood Vial","Singing Bowl","Brimstone"],"acts_visited":["Exordium"],"potions_floor_usage":[10,16],"damage_taken":[{"damage":0,"enemies":"Small Slimes","floor":1,"turns":1},{"damage":0,"enemies":"Jaw Worm","floor":2,"turns":1},{"damage":0,"enemies":"2 Louse","floor":5,"turns":1},{"damage":45,"enemies":"Lagavulin","floor":6,"turns":8},{"damage":28,"enemies":"Gremlin Nob","floor":8,"turns":4},{"damage":34,"enemies":"3 Sentries","floor":10,"turns":9},{"damage":16,"enemies":"Lots of Slimes","floor":13,"turns":4},{"damage":6,"enemies":"Looter","floor":14,"turns":2},{"damage":49,"enemies":"The Guardian","floor":16,"turns":7}],"seed_played":"1332160725855271282","potions_obtained":[{"floor":6,"key":"ElixirPotion"},{"floor":10,"key":"LiquidBronze"},{"floor":14,"key":"Fire Potion"}],"is_trial":false,"path_per_floor":["M","M","?","?","M","E","R","E","T","E","R","$","M","M","R","B"],"character_chosen":"IRONCLAD","items_purchased":["Brimstone"],"campfire_rested":2,"item_purchase_floors":[12],"current_hp_per_floor":[80,80,69,69,75,36,60,38,38,12,36,51,43,45,45,0,0],"gold":190,"neow_bonus":"THREE_ENEMY_KILL","is_daily":false,"chose_seed":false,"campfire_upgraded":1,"win_rate":0.0,"timestamp":1607859616,"path_taken":["M","M","?","?","M","E","R","E","T","E","R","$","M","M","R","BOSS"],"items_purchased_type":["Relic"],"build_version":"2020-11-30","purchased_purges":1,"victory":false,"max_hp_per_floor":[80,80,80,80,80,80,80,80,80,80,80,80,80,80,80,80,80],"card_choices":[{"not_picked":["Headbutt","Heavy Blade","Twin Strike"],"picked":"SKIP","floor":1},{"not_picked":["Heavy Blade","Clothesline","Havoc"],"picked":"SKIP","floor":2},{"not_picked":["Clothesline","Havoc"],"picked":"Heavy Blade","floor":2},{"not_picked":["Headbutt","Iron Wave"],"picked":"Anger","floor":5},{"not_picked":["Sword Boomerang","Juggernaut"],"picked":"Infernal Blade","floor":6},{"not_picked":["Headbutt","Combust"],"picked":"True Grit","floor":8},{"not_picked":["Pummel","Sever Soul"],"picked":"Shrug It Off","floor":10},{"not_picked":["Flex","Heavy Blade"],"picked":"Shockwave","floor":13},{"not_picked":["Entrench","Heavy Blade"],"picked":"Iron Wave","floor":14}],"player_experience":340347,"relics_obtained":[{"floor":6,"key":"CeramicFish"},{"floor":8,"key":"MealTicket"},{"floor":9,"key":"Blood Vial"},{"floor":10,"key":"Singing Bowl"}],"event_choices":[{"damage_healed":0,"gold_gain":75,"player_choice":"Gather Gold","damage_taken":11,"max_hp_gain":0,"max_hp_loss":0,"event_name":"World of Goop","floor":3,"gold_loss":0},{"damage_healed":0,"gold_gain":0,"player_choice":"Grow","damage_taken":0,"max_hp_gain":0,"max_hp_loss":0,"event_name":"Living Wall","floor":4,"gold_loss":0,"cards_upgraded":["Heavy Blade"]}],"is_beta":false,"boss_relics":[],"items_purged_floors":[12],"is_endless":false,"potions_floor_spawned":[6,10,14],"killed_by":"The Guardian","ascension_level":1}}