{"host":"ow9msrs9p2ctkx99","time":1607833160,"event":{"mods":["AchievementEnabler","BaseMod","Colored Map","Colored Powertips","Minty Spire (QoL Compilation)","Permanent Neow","Quick Restart","SuperFastMode"],"gold_per_floor":[14,29,45,59,59,59,59,59,59,78,78,78,103,115,115,212,212,227,227,427,446,10,10,37,37,64,96,112,126,153,170,170,265,265,285,117,127,127,145,145,157,189,189,207,257,257,257,277,277,277,277,277,9,37,37,37],"floor_reached":55,"playtime":1034,"items_purged":["Strike_B","Zap","Strike_B"],"score":1089,"play_id":"0637ef58-b075-467f-892d-e7bbff710d6a","local_time":"20201213051920","is_ascension_mode":true,"campfire_choices":[{"data":"Electrodynamics","floor":6.0,"key":"SMITH"},{"data":"Genetic Algorithm","floor":8.0,"key":"SMITH"},{"floor":12.0,"key":"REST"},{"data":"Dualcast","floor":15.0,"key":"SMITH"},{"floor":23.0,"key":"RECALL"},{"floor":25.0,"key":"REST"},{"floor":32.0,"key":"REST"},{"floor":40.0,"key":"REST"},{"floor":46.0,"key":"REST"},{"floor":49.0,"key":"REST"},{"floor":52.0,"key":"REST"}],"circlet_count":0,"master_deck":["AscendersBane","Strike_B","Strike_B","Defend_B","Defend_B","Defend_B","Defend_B","Dualcast+1","Electrodynamics+1","Genetic Algorithm+1","Sweeping Beam","Cold Snap","Ball Lightning","Rebound+1","All For One+1","Streamline+1","Seek","Loop+1","Hologram","Beam Cell+1","Melter+1","Turbo+1","Double Energy+1","Sunder+1","Gash+1","Core Surge+1","Gash+1","FTL+1","Chill","Reprogram+1","Go for the Eyes+1","Leap","Stack","Biased Cognition","Aggregate","Apotheosis","Compile Driver+1"],"relics":["Cracked Core","Molten Egg 2","Kunai","Meat on the Bone","Fusion Hammer","Pantograph","Membership Card","Shuriken","PreservedInsect","FossilizedHelix","Pen Nib","Sundial","Gremlin Horn","Philosopher\u0027s Stone","ClockworkSouvenir","Symbiotic Virus","Unceasing Top","Medical Kit","White Beast Statue"],"acts_visited":["Exordium","TheCity","TheBeyond","TheEnding"],"potions_floor_usage":[],"damage_taken":[{"damage":0.0,"enemies":"Cultist","floor":1.0,"turns":4.0},{"damage":15.0,"enemies":"Jaw Worm","floor":2.0,"turns":4.0},{"damage":22.0,"enemies":"Small Slimes","floor":3.0,"turns":4.0},{"damage":5.0,"enemies":"Gremlin Gang","floor":4.0,"turns":3.0},{"damage":2.0,"enemies":"3 Louse","floor":10.0,"turns":3.0},{"damage":22.0,"enemies":"Gremlin Nob","floor":13.0,"turns":4.0},{"damage":0.0,"enemies":"Looter","floor":14.0,"turns":2.0},{"damage":33.0,"enemies":"The Guardian","floor":16.0,"turns":10.0},{"damage":12.0,"enemies":"Chosen","floor":18.0,"turns":4.0},{"damage":0.0,"enemies":"Spheric Guardian","floor":21.0,"turns":2.0},{"damage":23.0,"enemies":"Slavers","floor":24.0,"turns":3.0},{"damage":20.0,"enemies":"Gremlin Leader","floor":27.0,"turns":3.0},{"damage":0.0,"enemies":"Shelled Parasite and Fungi","floor":28.0,"turns":2.0},{"damage":6.0,"enemies":"Chosen and Byrds","floor":29.0,"turns":3.0},{"damage":7.0,"enemies":"Book of Stabbing","floor":30.0,"turns":3.0},{"damage":40.0,"enemies":"Snake Plant","floor":31.0,"turns":3.0},{"damage":21.0,"enemies":"Collector","floor":33.0,"turns":4.0},{"damage":9.0,"enemies":"Orb Walker","floor":35.0,"turns":3.0},{"damage":0.0,"enemies":"3 Darklings","floor":37.0,"turns":2.0},{"damage":0.0,"enemies":"Jaw Worm Horde","floor":39.0,"turns":3.0},{"damage":0.0,"enemies":"Transient","floor":41.0,"turns":5.0},{"damage":8.0,"enemies":"Nemesis","floor":42.0,"turns":3.0},{"damage":17.0,"enemies":"Spire Growth","floor":44.0,"turns":5.0},{"damage":24.0,"enemies":"Mind Bloom Boss Battle","floor":45.0,"turns":5.0},{"damage":0.0,"enemies":"4 Shapes","floor":48.0,"turns":1.0},{"damage":64.0,"enemies":"Awakened One","floor":50.0,"turns":7.0},{"damage":49.0,"enemies":"Shield and Spear","floor":54.0,"turns":6.0},{"damage":67,"enemies":"The Heart","floor":55,"turns":2}],"seed_played":"-5078890007549028833","potions_obtained":[{"floor":1.0,"key":"Explosive Potion"},{"floor":2.0,"key":"Block Potion"},{"floor":14.0,"key":"DistilledChaos"},{"floor":16.0,"key":"EssenceOfSteel"},{"floor":18.0,"key":"SteroidPotion"},{"floor":28.0,"key":"Fire Potion"},{"floor":29.0,"key":"FearPotion"},{"floor":30.0,"key":"FocusPotion"},{"floor":35.0,"key":"Block Potion"},{"floor":37.0,"key":"Weak Potion"},{"floor":44.0,"key":"Energy Potion"}],"is_trial":false,"path_per_floor":["M","M","M","M","$","R","$","R","T","M","T","R","E","M","R","B",null,"M","?","?","M","$","R","E","R","T","E","M","M","E","M","R","B",null,"M","$","M","?","M","R","M","E","T","M","?","R","?","M","R","B",null,"R","$","E","B"],"character_chosen":"DEFECT","items_purchased":["Membership Card","Shuriken","PreservedInsect","Fruit Juice","ClockworkSouvenir","FTL+1","Medical Kit","Aggregate","Apotheosis"],"campfire_rested":7,"item_purchase_floors":[22,22,22,22,36,36,53,53,53],"current_hp_per_floor":[68,53,31,26,26,26,26,26,26,24,24,46,24,36,36,15,60,48,48,48,48,53,53,42,66,66,46,46,52,45,17,41,45,71,62,62,62,62,62,76,76,68,68,51,52,74,74,74,76,24,63,76,76,39,0,0],"gold":37,"neow_bonus":"THREE_RARE_CARDS","is_daily":false,"chose_seed":false,"campfire_upgraded":3,"win_rate":0.0,"timestamp":1607833160,"path_taken":["M","M","M","?","?","R","?","R","T","M","?","R","E","M","R","BOSS","M","?","?","?","$","R","E","R","T","E","M","M","E","M","R","BOSS","M","$","?","?","M","R","M","E","T","M","?","R","?","M","R","BOSS","R","$","E","BOSS"],"items_purchased_type":["Relic","Relic","Relic","Potion","Relic","Card","Relic","Card","Card"],"build_version":"2020-11-30","purchased_purges":3,"victory":false,"max_hp_per_floor":[75,75,75,75,75,75,75,75,75,75,75,75,75,75,75,75,75,75,75,75,75,80,80,80,80,80,80,80,80,80,80,80,80,80,80,80,80,76,76,76,76,76,76,76,76,76,76,76,76,76,76,76,76,76,76,76],"card_choices":[{"not_picked":["Buffer","Fission"],"picked":"Electrodynamics","floor":0.0},{"not_picked":["Coolheaded","Go for the Eyes"],"picked":"Genetic Algorithm","floor":1.0},{"not_picked":["Coolheaded","Capacitor"],"picked":"Sweeping Beam","floor":2.0},{"not_picked":["Stack","Hologram"],"picked":"Cold Snap","floor":3.0},{"not_picked":["Cold Snap","Scrape"],"picked":"Ball Lightning","floor":4.0},{"not_picked":["Gash+1","Genetic Algorithm"],"picked":"Rebound+1","floor":10.0},{"not_picked":["Defragment","Reinforced Body"],"picked":"All For One+1","floor":13.0},{"not_picked":["Hologram","Sweeping Beam+1"],"picked":"Streamline+1","floor":14.0},{"not_picked":["Machine Learning","Buffer"],"picked":"Seek","floor":16.0},{"not_picked":["Hologram","Scrape+1"],"picked":"Loop+1","floor":18.0},{"not_picked":["Sweeping Beam+1","Aggregate"],"picked":"Hologram","floor":21.0},{"not_picked":["BootSequence+1","Fission"],"picked":"Beam Cell+1","floor":24.0},{"not_picked":["Compile Driver+1","Auto Shields"],"picked":"Melter+1","floor":27.0},{"not_picked":["Rebound+1","Capacitor+1"],"picked":"Turbo+1","floor":28.0},{"not_picked":["Coolheaded","Darkness"],"picked":"Double Energy+1","floor":29.0},{"not_picked":["Streamline+1","Barrage+1"],"picked":"Sunder+1","floor":30.0},{"not_picked":["Blizzard+1","Barrage+1"],"picked":"Gash+1","floor":31.0},{"not_picked":["Biased Cognition","Meteor Strike+1"],"picked":"Core Surge+1","floor":33.0},{"not_picked":["Aggregate+1","Ball Lightning+1"],"picked":"Gash+1","floor":35.0},{"not_picked":["Coolheaded","Redo","Chaos"],"picked":"SKIP","floor":37.0},{"not_picked":["Redo","Hello World+1"],"picked":"Chill","floor":39.0},{"not_picked":["Compile Driver+1","Auto Shields"],"picked":"Reprogram+1","floor":41.0},{"not_picked":["Storm","Barrage+1"],"picked":"Go for the Eyes+1","floor":42.0},{"not_picked":["Capacitor","Static Discharge"],"picked":"Leap","floor":44.0},{"not_picked":["Melter+1","Coolheaded+1"],"picked":"Stack","floor":45.0},{"not_picked":["Glacier+1","Streamline+1"],"picked":"Biased Cognition","floor":48.0},{"not_picked":["Go for the Eyes+1","Sweeping Beam+1"],"picked":"Compile Driver+1","floor":54.0}],"player_experience":986440,"relics_obtained":[{"floor":9.0,"key":"Molten Egg 2"},{"floor":11.0,"key":"Kunai"},{"floor":13.0,"key":"Meat on the Bone"},{"floor":24.0,"key":"FossilizedHelix"},{"floor":26.0,"key":"Pen Nib"},{"floor":27.0,"key":"Sundial"},{"floor":30.0,"key":"Gremlin Horn"},{"floor":42.0,"key":"Symbiotic Virus"},{"floor":45.0,"key":"Unceasing Top"},{"floor":54.0,"key":"White Beast Statue"}],"event_choices":[{"damage_healed":0.0,"max_hp_gain":0.0,"max_hp_loss":0.0,"gold_gain":0.0,"event_name":"The Mausoleum","player_choice":"Opened","floor":19.0,"gold_loss":0.0,"damage_taken":0.0,"relics_obtained":["Pantograph"]},{"damage_healed":0.0,"max_hp_gain":0.0,"max_hp_loss":0.0,"gold_gain":250.0,"event_name":"The Joust","player_choice":"Bet on Owner","floor":20.0,"gold_loss":50.0,"damage_taken":0.0},{"damage_healed":0.0,"max_hp_gain":0.0,"max_hp_loss":4.0,"gold_gain":0.0,"event_name":"Winding Halls","player_choice":"Max HP","floor":38.0,"gold_loss":0.0,"damage_taken":0.0},{"damage_healed":0.0,"max_hp_gain":0.0,"max_hp_loss":0.0,"gold_gain":0.0,"event_name":"MindBloom","player_choice":"Fight","floor":45.0,"gold_loss":0.0,"damage_taken":0.0},{"damage_healed":0.0,"max_hp_gain":0.0,"max_hp_loss":0.0,"gold_gain":0.0,"event_name":"Tomb of Lord Red Mask","player_choice":"Ignored","floor":47.0,"gold_loss":0.0,"damage_taken":0.0}],"is_beta":false,"boss_relics":[{"not_picked":["SacredBark","Black Star"],"picked":"Fusion Hammer"},{"not_picked":["Velvet Choker","SlaversCollar"],"picked":"Philosopher\u0027s Stone"}],"items_purged_floors":[22,36,53],"is_endless":false,"potions_floor_spawned":[1,2,14,16,18,28,29,30,35,37,42,44],"killed_by":"The Heart","ascension_level":10}}