{"host":"q387i5o1hp66091u","time":1607852728,"event":{"mods":["2.2 Compatiblity","BaseMod","Minty Spire (QoL Compilation)","Rare Cards Sparkle"],"gold_per_floor":[116,135,150,169,184,210,210,285,285,312,326,291,102,136,136,236,236,255,268,268,268],"floor_reached":20,"playtime":979,"items_purged":[],"score":258,"play_id":"44481a80-1b58-4323-8276-dd66f762ab52","local_time":"20201213184528","is_ascension_mode":true,"campfire_choices":[{"data":"Eruption","floor":7.0,"key":"SMITH"},{"floor":15.0,"key":"REST"}],"circlet_count":0,"master_deck":["Strike_P","Strike_P","Strike_P","Strike_P","Defend_P","Defend_P","Defend_P","Defend_P","Eruption+1","Vigilance","Vengeance","Wallop","FlurryOfBlows","EmptyFist","Prostrate","Meditate","Normality","Tantrum","EmptyMind","Halt","DevaForm","Brilliance","EmptyFist+1","BattleHymn"],"relics":["Cursed Key","Anchor","Pen Nib","Bag of Marbles","Medical Kit","Toxic Egg 2","Velvet Choker"],"acts_visited":["Exordium","TheCity"],"potions_floor_usage":[20],"damage_taken":[{"damage":1.0,"enemies":"2 Louse","floor":1.0,"turns":3.0},{"damage":0.0,"enemies":"Small Slimes","floor":2.0,"turns":3.0},{"damage":2.0,"enemies":"Cultist","floor":3.0,"turns":3.0},{"damage":0.0,"enemies":"Exordium Thugs","floor":4.0,"turns":2.0},{"damage":0.0,"enemies":"2 Fungi Beasts","floor":5.0,"turns":2.0},{"damage":4.0,"enemies":"Lagavulin","floor":6.0,"turns":7.0},{"damage":24.0,"enemies":"Gremlin Nob","floor":10.0,"turns":5.0},{"damage":0.0,"enemies":"Looter","floor":11.0,"turns":2.0},{"damage":12.0,"enemies":"3 Sentries","floor":14.0,"turns":6.0},{"damage":0.0,"enemies":"Slime Boss","floor":16.0,"turns":5.0},{"damage":0.0,"enemies":"Chosen","floor":18.0,"turns":3.0},{"damage":17.0,"enemies":"Spheric Guardian","floor":19.0,"turns":4.0},{"damage":20,"enemies":"Chosen and Byrds","floor":20,"turns":4}],"seed_played":"4451338198913270060","potions_obtained":[{"floor":2.0,"key":"Swift Potion"},{"floor":4.0,"key":"Dexterity Potion"},{"floor":11.0,"key":"DistilledChaos"},{"floor":16.0,"key":"Ancient Potion"}],"is_trial":false,"path_per_floor":["M","M","M","M","M","E","R","?","T","E","M","?","$","E","R","B",null,"M","M","M"],"character_chosen":"WATCHER","items_purchased":["Medical Kit","Halt"],"campfire_rested":1,"item_purchase_floors":[13,13],"current_hp_per_floor":[71,71,69,69,69,65,65,54,54,30,30,48,48,36,57,57,72,72,55,35,35],"gold":268,"neow_bonus":"BOSS_RELIC","is_daily":false,"chose_seed":false,"campfire_upgraded":1,"win_rate":0.0,"timestamp":1607852728,"path_taken":["M","M","M","M","M","E","R","?","T","E","M","?","$","E","R","BOSS","M","M","M"],"items_purchased_type":["Relic","Card"],"build_version":"2020-11-30","purchased_purges":0,"victory":false,"max_hp_per_floor":[72,72,72,72,72,72,72,72,72,72,72,72,72,72,72,72,72,72,72,72,72],"card_choices":[{"not_picked":["Crescendo","FlyingSleeves"],"picked":"Vengeance","floor":1.0},{"not_picked":["ThirdEye","JustLucky"],"picked":"Wallop","floor":2.0},{"not_picked":["TalkToTheHand","BowlingBash"],"picked":"FlurryOfBlows","floor":3.0},{"not_picked":["CutThroughFate","SashWhip"],"picked":"EmptyFist","floor":4.0},{"not_picked":["Worship","SashWhip"],"picked":"Prostrate","floor":5.0},{"not_picked":["JustLucky","SashWhip"],"picked":"Meditate","floor":6.0},{"not_picked":["TalkToTheHand","Meditate"],"picked":"Tantrum","floor":10.0},{"not_picked":["Sanctity","JustLucky"],"picked":"EmptyMind","floor":11.0},{"not_picked":["Prostrate+1","ReachHeaven"],"picked":"DevaForm","floor":14.0},{"not_picked":["ConjureBlade+1","Ragnarok"],"picked":"Brilliance","floor":16.0},{"not_picked":["CrushJoints","Vengeance+1"],"picked":"EmptyFist+1","floor":18.0},{"not_picked":["FollowUp+1","Crescendo+1"],"picked":"BattleHymn","floor":19.0}],"player_experience":552933,"relics_obtained":[{"floor":6.0,"key":"Anchor"},{"floor":9.0,"key":"Pen Nib"},{"floor":10.0,"key":"Bag of Marbles"},{"floor":14.0,"key":"Toxic Egg 2"}],"event_choices":[{"damage_healed":0.0,"max_hp_gain":0.0,"max_hp_loss":0.0,"gold_gain":75.0,"event_name":"World of Goop","player_choice":"Gather Gold","floor":8.0,"gold_loss":0.0,"damage_taken":11.0},{"damage_healed":18.0,"max_hp_gain":0.0,"max_hp_loss":0.0,"gold_gain":0.0,"event_name":"The Cleric","player_choice":"Healed","floor":12.0,"gold_loss":35.0,"damage_taken":0.0}],"is_beta":false,"boss_relics":[{"not_picked":["Runic Dome","Fusion Hammer"],"picked":"Velvet Choker"}],"items_purged_floors":[],"is_endless":false,"potions_floor_spawned":[2,4,11,16],"killed_by":"Chosen and Byrds","ascension_level":1}}