{"host":"dntw6kil9p09eemm","time":1607891542,"event":{"mods":["BaseMod","Colored Powertips","Downfall","Minty Spire (QoL Compilation)","StSLib"],"gold_per_floor":[99,110,127,52,64,64,64,64,364,289,304,304,304,319,335,437,437,437,450,468,482,501,501,501,527,537,462,474,486,486,486,506,611,611,611,611,611,611,628,647,671,671,689,689,689,689,689,689,689,689,689,722,722,722,722],"floor_reached":56,"playtime":403,"items_purged":[],"score":1565,"play_id":"0b4eb3c5-82f6-4740-b51f-febc8c6a6211","local_time":"20201214053222","is_ascension_mode":false,"campfire_choices":[{"floor":1.0,"key":"RECALL"},{"floor":4.0,"key":"REST"},{"floor":8.0,"key":"REST"},{"floor":10.0,"key":"REST"},{"floor":18.0,"key":"REST"},{"floor":27.0,"key":"REST"},{"floor":35.0,"key":"REST"},{"floor":42.0,"key":"REST"},{"floor":44.0,"key":"REST"},{"floor":54.0,"key":"REST"}],"circlet_count":0,"master_deck":["sneckomod:Strike+1","sneckomod:Strike+1","sneckomod:Defend+1","sneckomod:Defend+1","sneckomod:Defend+1","sneckomod:TailWhip+1","sneckomod:SnekBite+1","sneckomod:Unknown+1","sneckomod:Unknown+1"],"relics":["sneckomod:SneckoSoul","Velvet Choker","Smiling Mask","hexamod:BolsterEngine","Black Star","Anchor"],"acts_visited":["Exordium","TheCity","TheBeyond","TheEnding"],"potions_floor_usage":[],"damage_taken":[{"damage":0.0,"enemies":"Cultist","floor":2.0,"turns":1.0},{"damage":0.0,"enemies":"Small Slimes","floor":3.0,"turns":1.0},{"damage":0.0,"enemies":"Jaw Worm","floor":5.0,"turns":1.0},{"damage":0.0,"enemies":"downfall:FleeingMerchant","floor":9.0,"turns":1.0},{"damage":0.0,"enemies":"Gremlin Gang","floor":11.0,"turns":1.0},{"damage":0.0,"enemies":"Large Slime","floor":14.0,"turns":1.0},{"damage":0.0,"enemies":"2 Fungi Beasts","floor":15.0,"turns":1.0},{"damage":0.0,"enemies":"downfall:Ironclad","floor":16.0,"turns":1.0},{"damage":0.0,"enemies":"Chosen","floor":19.0,"turns":1.0},{"damage":0.0,"enemies":"Shell Parasite","floor":20.0,"turns":1.0},{"damage":0.0,"enemies":"3 Cultists","floor":21.0,"turns":1.0},{"damage":0.0,"enemies":"Snake Plant","floor":22.0,"turns":1.0},{"damage":0.0,"enemies":"Slavers","floor":25.0,"turns":1.0},{"damage":0.0,"enemies":"Cultist and Chosen","floor":26.0,"turns":1.0},{"damage":0.0,"enemies":"Sentry and Sphere","floor":28.0,"turns":1.0},{"damage":0.0,"enemies":"Snecko","floor":29.0,"turns":1.0},{"damage":0.0,"enemies":"Snake Plant","floor":32.0,"turns":1.0},{"damage":0.0,"enemies":"downfall:Defect","floor":33.0,"turns":1.0},{"damage":0.0,"enemies":"Orb Walker","floor":39.0,"turns":1.0},{"damage":0.0,"enemies":"3 Darklings","floor":40.0,"turns":1.0},{"damage":0.0,"enemies":"Writhing Mass","floor":43.0,"turns":1.0},{"damage":0.0,"enemies":"4 Shapes","floor":45.0,"turns":1.0},{"damage":0.0,"enemies":"3 Darklings","floor":46.0,"turns":1.0},{"damage":0.0,"enemies":"Writhing Mass","floor":49.0,"turns":1.0},{"damage":0.0,"enemies":"downfall:Silent","floor":50.0,"turns":1.0},{"damage":0.0,"enemies":"downfall:CharBossMerchant","floor":52.0,"turns":1.0},{"damage":0,"enemies":"downfall:NeowBoss","floor":55,"turns":7}],"seed_played":"-5819858152363302361","potions_obtained":[{"floor":16.0,"key":"FairyPotion"}],"is_trial":false,"path_per_floor":["R","M","M","R","M","?","T","R","$","R","M","?","$","M","M","B",null,"R","M","M","M","M","?","T","E","M","R","M","M","$","$","M","B",null,"R","?","$","?","M","M","T","R","M","R","M","M","?","$","M","B",null,"E","$","R","B",null],"character_chosen":"THE_SNECKO","items_purchased":[],"campfire_rested":9,"item_purchase_floors":[],"current_hp_per_floor":[90,90,90,90,90,90,90,90,90,100,100,100,100,100,100,100,100,100,100,100,100,100,100,100,100,100,100,100,100,100,100,100,100,100,100,100,100,100,100,100,100,100,100,100,100,100,100,100,100,100,100,100,100,100,100],"gold":722,"neow_bonus":"THREE_SMALL_POTIONS","is_daily":false,"chose_seed":false,"campfire_upgraded":0,"win_rate":0.0,"timestamp":1607891542,"path_taken":["R","M","M","R","M","?","T","R","$","R","M","?","?","?","M","BOSS","R","M","M","M","?","?","T","E","M","R","M","M","$","$","M","BOSS","R","?","$","?","?","M","T","R","M","R","M","M","?","$","M","BOSS","E","$","R","BOSS"],"items_purchased_type":[],"build_version":"2020-11-30","purchased_purges":0,"victory":true,"max_hp_per_floor":[90,90,90,90,90,90,90,90,90,100,100,100,100,100,100,100,100,100,100,100,100,100,100,100,100,100,100,100,100,100,100,100,100,100,100,100,100,100,100,100,100,100,100,100,100,100,100,100,100,100,100,100,100,100,100],"card_choices":[{"not_picked":["sneckomod:SnekBeam","sneckomod:DiceBlock","sneckomod:Mudshield"],"picked":"SKIP","floor":2.0},{"not_picked":["sneckomod:DiceBoulder","sneckomod:SnekBeam","sneckomod:Nope"],"picked":"SKIP","floor":3.0},{"not_picked":["sneckomod:UnknownStrike","sneckomod:UnknownCommonAttack","sneckomod:UnknownUncommonSkill"],"picked":"SKIP","floor":5.0},{"not_picked":["sneckomod:UnknownClassRED","sneckomod:UnknownStrike","sneckomod:UnknownCommonAttack"],"picked":"SKIP","floor":9.0},{"not_picked":["sneckomod:Nope","sneckomod:UnknownCommonAttack","sneckomod:SoulDraw"],"picked":"SKIP","floor":11.0},{"not_picked":["sneckomod:Unknown2Cost","sneckomod:MasterEye","sneckomod:SoulCleanse"],"picked":"SKIP","floor":14.0},{"not_picked":["sneckomod:Unknown2Cost","sneckomod:UnknownVulnerable","sneckomod:UnknownCommonAttack"],"picked":"SKIP","floor":15.0},{"not_picked":["sneckomod:UnknownCommonSkill","sneckomod:UnknownX","sneckomod:QuickBite"],"picked":"SKIP","floor":19.0},{"not_picked":["sneckomod:UnknownClassBLUE","sneckomod:UnknownClassPURPLE","sneckomod:UnknownX"],"picked":"SKIP","floor":20.0},{"not_picked":["sneckomod:UnknownCommonSkill","sneckomod:RainOfDice","sneckomod:SoulRoll+1"],"picked":"SKIP","floor":21.0},{"not_picked":["sneckomod:QuickMove","sneckomod:DefensiveFlair+1","sneckomod:UnknownStrike"],"picked":"SKIP","floor":22.0},{"not_picked":["sneckomod:SoulDraw","sneckomod:UnknownBlock","sneckomod:UnlimitedRolls"],"picked":"SKIP","floor":25.0},{"not_picked":["sneckomod:DiceCrush","sneckomod:Unknown1Cost","sneckomod:QuickBite"],"picked":"SKIP","floor":26.0},{"not_picked":["sneckomod:SerpentMind","sneckomod:UnknownVulnerable+1","sneckomod:UnknownClassBLUE"],"picked":"SKIP","floor":28.0},{"not_picked":["sneckomod:IronFang+1","sneckomod:UnknownUncommonPower","sneckomod:UnknownCommonSkill"],"picked":"SKIP","floor":29.0},{"not_picked":["sneckomod:WideSting","sneckomod:UnknownBlock","sneckomod:UnknownWeak"],"picked":"SKIP","floor":32.0},{"not_picked":["sneckomod:WideSting+1","sneckomod:UnknownStrike+1","sneckomod:UnknownClassHEXA_GHOST_PURPLE+1"],"picked":"SKIP","floor":39.0},{"not_picked":["sneckomod:UnknownClassGREEN","sneckomod:UnknownCommonSkill","sneckomod:WideSting"],"picked":"SKIP","floor":40.0},{"not_picked":["sneckomod:Unknown0Cost+1","sneckomod:UnknownUncommonAttack","sneckomod:UnknownBlock"],"picked":"SKIP","floor":43.0},{"not_picked":["sneckomod:WideSting","sneckomod:SoulRoll","sneckomod:UnknownCommonAttack+1"],"picked":"SKIP","floor":45.0},{"not_picked":["sneckomod:DiceCrush+1","sneckomod:UnknownVulnerable+1","sneckomod:UnknownClassSLIMEBOUND"],"picked":"SKIP","floor":46.0},{"not_picked":["sneckomod:WideSting","sneckomod:UnlimitedRolls","sneckomod:UnknownStrike+1"],"picked":"SKIP","floor":49.0},{"not_picked":["sneckomod:SoulRoll+1","sneckomod:UnknownVulnerable","sneckomod:UnknownExhaust+1"],"picked":"SKIP","floor":52.0}],"player_experience":295408,"relics_obtained":[{"floor":24.0,"key":"Smiling Mask"},{"floor":25.0,"key":"hexamod:BolsterEngine"},{"floor":41.0,"key":"Anchor"}],"event_choices":[{"damage_healed":0.0,"max_hp_gain":0.0,"max_hp_loss":0.0,"gold_gain":0.0,"event_name":"Scrap Ooze","player_choice":"Fled","floor":12.0,"gold_loss":0.0,"damage_taken":0.0},{"damage_healed":0.0,"max_hp_gain":0.0,"max_hp_loss":0.0,"gold_gain":0.0,"event_name":"Ghosts","player_choice":"Ignored","floor":23.0,"gold_loss":0.0,"damage_taken":0.0},{"cards_removed":["sneckomod:Strike"],"damage_healed":0.0,"max_hp_gain":0.0,"max_hp_loss":0.0,"gold_gain":0.0,"event_name":"Falling","player_choice":"Removed Attack","floor":47.0,"gold_loss":0.0,"damage_taken":0.0}],"is_beta":false,"boss_relics":[{"not_picked":["Cursed Key","Calling Bell"],"picked":"Velvet Choker"},{"not_picked":["Philosopher\u0027s Stone","Runic Dome"],"picked":"Black Star"}],"items_purged_floors":[],"is_endless":false,"potions_floor_spawned":[3,14,15,16,20,26,28,29,39,43,46],"ascension_level":0}}