{"host":"st1kg310ms6sytc5","time":1607858422,"event":{"mods":["Act Like it!","BaseMod","CapriCore","Downfall","Friendly Minions","Minty Spire (QoL Compilation)","Relic Stats","StSLib","SuperFastMode"],"gold_per_floor":[99,199,199,229,246,246,246,246,275,275,291,306,291,309,327,327,327],"floor_reached":16,"playtime":1078,"items_purged":[],"score":110,"play_id":"4342a381-a62b-445e-98ed-f2dc18cb1f32","local_time":"20201213192022","is_ascension_mode":false,"campfire_choices":[{"data":"champ:Taunt","floor":1.0,"key":"SMITH"},{"data":"champ:StrikeOfGenius","floor":6.0,"key":"SMITH"},{"data":"champ:Backstep","floor":8.0,"key":"SMITH"},{"data":"champ:ViciousMockery","floor":10.0,"key":"SMITH"}],"circlet_count":0,"master_deck":["champ:Strike","champ:Strike","champ:Strike","champ:Defend","champ:Defend","champ:Defend","champ:Execute","champ:Taunt+1","champ:FaceSlap","champ:Backstep+1","champ:CalledShot","champ:StrikeOfGenius+1","champ:BladeFlurry","champ:ViciousMockery+1","champ:BerserkersShout"],"relics":["champ:ChampionCrown","CloakClasp","MealTicket","Eternal Feather","champ:FightingForDummies"],"acts_visited":["Exordium"],"potions_floor_usage":[16],"damage_taken":[{"damage":44.0,"enemies":"downfall:Defect","floor":2.0,"turns":9.0},{"damage":36.0,"enemies":"Lagavulin","floor":4.0,"turns":9.0},{"damage":7.0,"enemies":"Jaw Worm","floor":5.0,"turns":5.0},{"damage":23.0,"enemies":"Gremlin Nob","floor":9.0,"turns":5.0},{"damage":6.0,"enemies":"Cultist","floor":11.0,"turns":4.0},{"damage":1.0,"enemies":"2 Louse","floor":12.0,"turns":4.0},{"damage":5.0,"enemies":"downfall:FleeingMerchant","floor":13.0,"turns":4.0},{"damage":22,"enemies":"Exordium Wildlife","floor":14,"turns":6},{"damage":5,"enemies":"Large Slime","floor":15,"turns":7},{"damage":59,"enemies":"downfall:Ironclad","floor":16,"turns":7}],"seed_played":"-2754631140897522999","potions_obtained":[{"floor":2.0,"key":"Ancient Potion"},{"floor":4.0,"key":"Regen Potion"},{"floor":11.0,"key":"SteroidPotion"}],"is_trial":false,"path_per_floor":["R","?","?","E","M","R","T","R","E","R","M","M","$","M","M","B"],"character_chosen":"THE_CHAMP","items_purchased":[],"campfire_rested":0,"item_purchase_floors":[],"current_hp_per_floor":[81,62,62,36,34,34,34,40,17,23,23,22,37,25,25,0,0],"gold":327,"neow_bonus":"TRANSFORM_TWO_CARDS","is_daily":false,"chose_seed":false,"campfire_upgraded":4,"win_rate":0.0,"timestamp":1607858422,"path_taken":["R","?","?","E","M","R","T","R","E","R","M","?","$","M","M","BOSS"],"items_purchased_type":[],"build_version":"2020-11-30","purchased_purges":0,"victory":false,"max_hp_per_floor":[81,81,81,81,81,81,81,81,81,81,81,81,81,81,81,81,81],"relic_stats":{"counters":[10,60],"MealTicket":15,"Eternal Feather":12,"CloakClasp":[107],"obtain_stats":[{"champ:ChampionCrown":0,"MealTicket":4,"Eternal Feather":7,"CloakClasp":2,"champ:FightingForDummies":9},{"champ:ChampionCrown":0,"MealTicket":2,"Eternal Feather":3,"CloakClasp":1,"champ:FightingForDummies":4},{"champ:ChampionCrown":0,"MealTicket":18,"Eternal Feather":23,"CloakClasp":9,"champ:FightingForDummies":28}]},"card_choices":[{"not_picked":["champ:ShieldWall","champ:Encircle"],"picked":"champ:CalledShot","floor":2.0},{"not_picked":["champ:DefensiveShout","champ:CrookedStrike"],"picked":"champ:StrikeOfGenius","floor":4.0},{"not_picked":["champ:Haymaker","champ:GutPunch"],"picked":"champ:BladeFlurry","floor":5.0},{"not_picked":["champ:BringItOn","champ:Haymaker"],"picked":"champ:ViciousMockery","floor":9.0},{"not_picked":["champ:Duel","champ:EnragedBash","champ:AdrenalArmor"],"picked":"SKIP","floor":11.0},{"not_picked":["champ:TornadoPunch","champ:GladiatorsShout","champ:DancingMaster"],"picked":"SKIP","floor":12.0},{"not_picked":["champ:GladiatorsShout","champ:ViciousMockery","champ:FaceSlap"],"picked":"SKIP","floor":13},{"not_picked":["champ:GladiatorsShout","champ:ViciousMockery","champ:FaceSlap"],"picked":"SKIP","floor":13},{"not_picked":["champ:GladiatorsShout","champ:ViciousMockery","champ:FaceSlap"],"picked":"SKIP","floor":13},{"not_picked":["champ:GladiatorsShout","champ:FlashCut","champ:TornadoPunch"],"picked":"SKIP","floor":14},{"not_picked":["champ:PerfectedStrike","champ:TornadoPunch"],"picked":"champ:BerserkersShout","floor":15}],"player_experience":1469734,"relics_obtained":[{"floor":2.0,"key":"CloakClasp"},{"floor":4.0,"key":"MealTicket"},{"floor":7.0,"key":"Eternal Feather"},{"floor":9.0,"key":"champ:FightingForDummies"}],"event_choices":[{"damage_healed":0.0,"max_hp_gain":0.0,"max_hp_loss":0.0,"gold_gain":0.0,"event_name":"NoteForYourself","player_choice":"Ignored","floor":3.0,"gold_loss":0.0,"damage_taken":0.0}],"is_beta":false,"boss_relics":[],"items_purged_floors":[],"is_endless":false,"potions_floor_spawned":[2,4,11],"killed_by":"downfall:Ironclad","ascension_level":0}}