{"host":"8go86nc4uvfs5029","time":1607871697,"event":{"mods":["BaseMod","KOR Keyword Fix","Minty Spire (QoL Compilation)","StSLib"],"gold_per_floor":[99999,99999,99217,99236,99254,99254,99280,99280,99280,99280,99310,99260,99294,98248,98248,98350,98350,98370,98370,97106,97106,96549,96561,96561,96571,96571,96590,96600,96525,96525,96525,96525,96628,96628,96638,96638,96638,96688,96688,96688,96700,96748,96748,96760,96382,96413,96413,96104,96104,96104],"floor_reached":51,"playtime":1484,"items_purged":["Strike_B","Strike_B","Strike_B","Defend_B"],"score":852,"play_id":"2347a381-6f38-4e9e-bcf7-cbb68adb045f","local_time":"20201214000137","is_ascension_mode":false,"campfire_choices":[{"data":"Zap","floor":6,"key":"SMITH"},{"data":"Conserve Battery","floor":8,"key":"SMITH"},{"data":"Dualcast","floor":10,"key":"SMITH"},{"data":"Fission","floor":15,"key":"SMITH"},{"data":"Apotheosis","floor":30,"key":"SMITH"},{"floor":32,"key":"REST"},{"floor":40,"key":"REST"},{"floor":49,"key":"REST"}],"circlet_count":0,"master_deck":["Zap+1","Ball Lightning+1","Capacitor+1","Conserve Battery+1","Static Discharge+1","Beam Cell+1","Fission+1","Thinking Ahead","Lockon+1","Force Field","Buffer+1","Storm+1","Apotheosis+1","Finesse","Compile Driver+1","Biased Cognition+1","Blizzard+1","Deep Breath","Auto Shields","Chill","Hologram","Defragment+1","Go for the Eyes+1","Reboot","Coolheaded","Heatsinks+1","Genetic Algorithm+1","Conserve Battery+1","Loop+1","Storm+1"],"relics":["Cracked Core","NeowsBlessing","ClockworkSouvenir","Frozen Egg 2","Bag of Marbles","Odd Mushroom","Dream Catcher","Oddly Smooth Stone","Bottled Flame","Toolbox","Juzu Bracelet","Molten Egg 2","SlaversCollar","Sling","Letter Opener","Kunai","Membership Card","Ancient Tea Set","Torii","Matryoshka","Nuclear Battery","TungstenRod","Ice Cream","Happy Flower","Regal Pillow","Pocketwatch","Ornamental Fan","Strange Spoon","Bag of Preparation","HandDrill","Mango","Whetstone"],"acts_visited":["Exordium","TheCity","TheBeyond"],"potions_floor_usage":[7,13,23,33,50,50,50,50,50,50],"damage_taken":[{"damage":0,"enemies":"Jaw Worm","floor":1,"turns":1},{"damage":0,"enemies":"2 Louse","floor":4,"turns":1},{"damage":0,"enemies":"Small Slimes","floor":5,"turns":1},{"damage":0,"enemies":"The Mushroom Lair","floor":7,"turns":3},{"damage":11,"enemies":"Lagavulin","floor":11,"turns":7},{"damage":9,"enemies":"3 Sentries","floor":13,"turns":5},{"damage":17,"enemies":"Slime Boss","floor":16,"turns":8},{"damage":5,"enemies":"2 Thieves","floor":18,"turns":4},{"damage":5,"enemies":"3 Byrds","floor":23,"turns":1},{"damage":0,"enemies":"Snecko","floor":25,"turns":4},{"damage":1,"enemies":"Cultist and Chosen","floor":27,"turns":4},{"damage":16,"enemies":"Centurion and Healer","floor":28,"turns":4},{"damage":0,"enemies":"Collector","floor":33,"turns":6},{"damage":10,"enemies":"Orb Walker","floor":35,"turns":2},{"damage":0,"enemies":"Mind Bloom Boss Battle","floor":38,"turns":3},{"damage":0,"enemies":"3 Shapes","floor":41,"turns":2},{"damage":24,"enemies":"2 Orb Walkers","floor":42,"turns":4},{"damage":6,"enemies":"Writhing Mass","floor":44,"turns":3},{"damage":16,"enemies":"Nemesis","floor":46,"turns":3},{"damage":0,"enemies":"Time Eater","floor":50,"turns":3}],"seed_played":"-1336837558145503223","potions_obtained":[{"floor":5,"key":"LiquidMemories"},{"floor":7,"key":"FearPotion"},{"floor":25,"key":"Regen Potion"},{"floor":35,"key":"EntropicBrew"}],"is_trial":false,"path_per_floor":["M","?","$","M","M","R","?","R","T","R","E","?","E","$","R","B",null,"M","?","$","?","$","M","?","M","T","M","M","?","R","?","R","B",null,"M","?","?","?","?","R","M","?","T","M","$","E","?","$","R","B",null],"character_chosen":"DEFECT","items_purchased":["ClockworkSouvenir","Frozen Egg 2","Bag of Marbles","Block Potion","Energy Potion","Dexterity Potion","Toolbox","Juzu Bracelet","Molten Egg 2","Thinking Ahead","Lockon+1","Force Field","LiquidMemories","Sling","Letter Opener","Kunai","Apotheosis","Finesse","Compile Driver+1","Biased Cognition+1","Membership Card","Ancient Tea Set","Torii","Deep Breath","Auto Shields","LiquidMemories","Pocketwatch","Ornamental Fan","Strange Spoon","FocusPotion","HandDrill","Mango","Whetstone"],"campfire_rested":3,"item_purchase_floors":[3,3,3,3,3,3,14,14,14,14,14,14,14,20,20,20,20,20,20,20,22,22,22,22,22,22,45,45,45,45,48,48,48],"current_hp_per_floor":[75,80,80,80,80,80,80,80,80,80,69,69,60,60,60,43,80,75,60,60,60,60,55,55,55,55,54,38,38,38,38,63,78,85,75,75,75,75,75,81,81,57,57,51,51,35,35,49,92,92],"gold":96104,"neow_bonus":"THREE_ENEMY_KILL","is_daily":false,"chose_seed":false,"campfire_upgraded":5,"win_rate":0.0,"timestamp":1607871697,"path_taken":["M","?","$","M","M","R","?","R","T","R","E","?","E","$","R","BOSS","M","?","$","?","$","M","?","M","T","M","M","?","R","?","R","BOSS","M","?","?","?","?","R","M","?","T","M","$","E","?","$","R","BOSS"],"items_purchased_type":["Relic","Relic","Relic","Potion","Potion","Potion","Relic","Relic","Relic","Card","Card","Card","Potion","Relic","Relic","Relic","Card","Card","Card","Card","Relic","Relic","Relic","Card","Card","Potion","Relic","Relic","Relic","Potion","Relic","Relic","Relic"],"build_version":"2020-11-30","purchased_purges":4,"victory":true,"max_hp_per_floor":[75,80,80,80,80,80,80,80,80,80,80,80,80,80,80,80,80,80,85,85,85,85,85,85,85,85,85,85,85,85,85,85,85,85,85,85,81,81,81,81,81,81,81,81,81,81,81,95,95,95],"card_choices":[{"not_picked":["Go for the Eyes","Glacier"],"picked":"Ball Lightning","floor":1},{"not_picked":["Heatsinks+1","Gash"],"picked":"Capacitor+1","floor":4},{"not_picked":["Gash","Compile Driver"],"picked":"Conserve Battery","floor":5},{"not_picked":["Go for the Eyes","Steam"],"picked":"Static Discharge+1","floor":7},{"not_picked":["Consume","Melter"],"picked":"Beam Cell","floor":11},{"not_picked":["Coolheaded","Conserve Battery"],"picked":"Fission","floor":13},{"not_picked":["Thunder Strike+1","Rainbow"],"picked":"Buffer+1","floor":16},{"not_picked":["Reprogram+1","Beam Cell+1"],"picked":"Storm+1","floor":18},{"not_picked":["Conserve Battery","Leap"],"picked":"Chill","floor":23},{"not_picked":["Lockon+1","Redo"],"picked":"Hologram","floor":25},{"not_picked":["Redo+1","Conserve Battery"],"picked":"Defragment+1","floor":27},{"not_picked":["Static Discharge+1","Ball Lightning+1"],"picked":"Go for the Eyes+1","floor":28},{"not_picked":["Fission","Multi-Cast"],"picked":"Reboot","floor":33},{"not_picked":["Sweeping Beam+1","Consume"],"picked":"Coolheaded","floor":35},{"not_picked":["Darkness","Gash+1"],"picked":"Heatsinks+1","floor":38},{"not_picked":["Sweeping Beam+1","Capacitor+1"],"picked":"Genetic Algorithm+1","floor":40},{"not_picked":["Force Field","Fusion","Melter+1"],"picked":"SKIP","floor":41},{"not_picked":["Genetic Algorithm","Redo"],"picked":"Conserve Battery+1","floor":42},{"not_picked":["Leap+1","Skim+1"],"picked":"Loop+1","floor":44},{"not_picked":["Fission","Auto Shields+1"],"picked":"Storm+1","floor":46}],"player_experience":4923,"relics_obtained":[{"floor":7,"key":"Odd Mushroom"},{"floor":9,"key":"Dream Catcher"},{"floor":11,"key":"Oddly Smooth Stone"},{"floor":13,"key":"Bottled Flame"},{"floor":26,"key":"Matryoshka"},{"floor":38,"key":"TungstenRod"},{"floor":42,"key":"Ice Cream"},{"floor":43,"key":"Happy Flower"},{"floor":43,"key":"Regal Pillow"},{"floor":46,"key":"Bag of Preparation"}],"event_choices":[{"damage_healed":0,"gold_gain":0,"player_choice":"Donut","damage_taken":0,"max_hp_gain":5,"max_hp_loss":0,"event_name":"Big Fish","floor":2,"gold_loss":0},{"damage_healed":0,"gold_gain":0,"player_choice":"Fought Mushrooms","damage_taken":0,"max_hp_gain":0,"max_hp_loss":0,"event_name":"Mushrooms","floor":7,"gold_loss":0},{"cards_removed":["Strike_B"],"damage_healed":0,"gold_gain":0,"player_choice":"Card Removal","damage_taken":0,"max_hp_gain":0,"max_hp_loss":0,"event_name":"The Cleric","floor":12,"gold_loss":50},{"damage_healed":0,"gold_gain":0,"player_choice":"Shed Blood","damage_taken":20,"max_hp_gain":5,"max_hp_loss":0,"event_name":"Forgotten Altar","floor":19,"gold_loss":0},{"damage_healed":0,"gold_gain":0,"cards_transformed":["Defend_B"],"player_choice":"Transformed","damage_taken":0,"max_hp_gain":0,"max_hp_loss":0,"event_name":"Transmorgrifier","floor":21,"gold_loss":0,"cards_obtained":["Blizzard"]},{"damage_healed":0,"gold_gain":0,"player_choice":"Ignored","damage_taken":0,"max_hp_gain":0,"max_hp_loss":0,"event_name":"Vampires","floor":24,"gold_loss":0},{"cards_removed":["Defend_B"],"damage_healed":0,"gold_gain":0,"player_choice":"Gave Gold","damage_taken":0,"max_hp_gain":0,"max_hp_loss":0,"event_name":"Beggar","floor":29,"gold_loss":75},{"damage_healed":0,"gold_gain":0,"player_choice":"Ignored","damage_taken":0,"max_hp_gain":0,"max_hp_loss":0,"event_name":"Ghosts","floor":31,"gold_loss":0},{"cards_removed":["Dualcast"],"damage_healed":0,"gold_gain":0,"player_choice":"Removed Skill","damage_taken":0,"max_hp_gain":0,"max_hp_loss":0,"event_name":"Falling","floor":36,"gold_loss":0},{"damage_healed":0,"gold_gain":0,"player_choice":"Max HP","damage_taken":0,"max_hp_gain":0,"max_hp_loss":4,"event_name":"Winding Halls","floor":37,"gold_loss":0},{"damage_healed":0,"gold_gain":0,"player_choice":"Fight","damage_taken":0,"max_hp_gain":0,"max_hp_loss":0,"event_name":"MindBloom","floor":38,"gold_loss":0},{"cards_removed":["Defend_B"],"damage_healed":0,"gold_gain":0,"player_choice":"Offered Basic","damage_taken":0,"max_hp_gain":0,"max_hp_loss":0,"event_name":"Bonfire Elementals","floor":39,"gold_loss":0},{"damage_healed":0,"gold_gain":0,"player_choice":"Fight","damage_taken":0,"max_hp_gain":0,"max_hp_loss":0,"event_name":"Mysterious Sphere","floor":42,"gold_loss":0},{"damage_healed":0,"gold_gain":0,"player_choice":"Memory 1","damage_taken":0,"max_hp_gain":0,"max_hp_loss":0,"event_name":"SensoryStone","floor":47,"gold_loss":0}],"is_beta":false,"boss_relics":[{"not_picked":["Fusion Hammer","Sozu"],"picked":"SlaversCollar"},{"not_picked":["Velvet Choker","Philosopher\u0027s Stone"],"picked":"Nuclear Battery"}],"items_purged_floors":[3,14,20,22],"is_endless":false,"potions_floor_spawned":[5,7,11,25,27,35,38],"ascension_level":0}}