{"host":"5f8ute538gzudddu","time":1607834640,"event":{"mods":["BaseMod","Highlight Path","Minty Spire (QoL Compilation)","Relic Stats","StSLib"],"gold_per_floor":[117,136,136,151,151,192,192,206,206,237,253,253,297,340,340,431,431,485,485,52,32,82,145,188,241,289,322,322,212,212,243,243,243,243],"floor_reached":33,"playtime":1196,"items_purged":[],"score":875,"play_id":"89688182-b3b0-46fb-8d04-e92ef3c388c2","local_time":"20201212204400","is_ascension_mode":true,"campfire_choices":[{"data":"Blasphemy","floor":7.0,"key":"SMITH"},{"data":"Scrawl","floor":12.0,"key":"SMITH"},{"data":"Wish","floor":15.0,"key":"SMITH"},{"data":"WaveOfTheHand","floor":30.0,"key":"SMITH"},{"data":"Scrawl","floor":32.0,"key":"SMITH"}],"circlet_count":0,"master_deck":["AscendersBane","Defend_P","Defend_P","Eruption+1","Vigilance","Blasphemy+1","ReachHeaven","FlyingSleeves","WaveOfTheHand+1","Scrawl+1","DeusExMachina","Wish+1","Scrawl+1","CutThroughFate+1","Wallop+1","Consecrate+1","BowlingBash+1","Bite+1","Bite+1","Bite+1","Bite+1","Bite+1"],"relics":["PureWater","Golden Idol","Blue Candle","Unceasing Top","Ice Cream","White Beast Statue","Black Star","Lee\u0027s Waffle","Meat on the Bone","Molten Egg 2","Regal Pillow","Oddly Smooth Stone","Lantern","HornCleat","Bottled Flame"],"acts_visited":["Exordium","TheCity"],"potions_floor_usage":[33],"damage_taken":[{"damage":4.0,"enemies":"Small Slimes","floor":1.0,"turns":5.0},{"damage":0.0,"enemies":"2 Louse","floor":2.0,"turns":2.0},{"damage":0.0,"enemies":"Cultist","floor":4.0,"turns":2.0},{"damage":16.0,"enemies":"Gremlin Nob","floor":6.0,"turns":3.0},{"damage":0.0,"enemies":"3 Louse","floor":8.0,"turns":2.0},{"damage":0.0,"enemies":"3 Sentries","floor":10.0,"turns":2.0},{"damage":0.0,"enemies":"Large Slime","floor":11.0,"turns":2.0},{"damage":3.0,"enemies":"Gremlin Nob","floor":13.0,"turns":3.0},{"damage":10.0,"enemies":"Exordium Thugs","floor":14.0,"turns":3.0},{"damage":0.0,"enemies":"Slime Boss","floor":16.0,"turns":4.0},{"damage":11.0,"enemies":"Chosen","floor":18.0,"turns":5.0},{"damage":16.0,"enemies":"Shell Parasite","floor":22.0,"turns":3.0},{"damage":0.0,"enemies":"Gremlin Leader","floor":23.0,"turns":3.0},{"damage":20.0,"enemies":"Snecko","floor":24.0,"turns":5.0},{"damage":10.0,"enemies":"Centurion and Healer","floor":25.0,"turns":4.0},{"damage":25.0,"enemies":"Book of Stabbing","floor":27.0,"turns":6.0},{"damage":28.0,"enemies":"Slavers","floor":31.0,"turns":3.0},{"damage":100037,"enemies":"Collector","floor":33,"turns":7}],"seed_played":"8980170898388565018","potions_obtained":[{"floor":2.0,"key":"ColorlessPotion"},{"floor":10.0,"key":"SpeedPotion"},{"floor":13.0,"key":"Dexterity Potion"},{"floor":16.0,"key":"Energy Potion"},{"floor":18.0,"key":"Regen Potion"},{"floor":22.0,"key":"DuplicationPotion"},{"floor":24.0,"key":"GamblersBrew"},{"floor":31.0,"key":"AttackPotion"}],"is_trial":false,"path_per_floor":["M","M","?","M","?","E","R","M","T","E","M","R","E","M","R","B",null,"M","?","$","?","M","E","M","M","T","E","?","?","R","E","R","B"],"character_chosen":"WATCHER","items_purchased":["Lee\u0027s Waffle","Meat on the Bone"],"campfire_rested":0,"item_purchase_floors":[20,20],"current_hp_per_floor":[57,57,56,56,56,40,40,40,40,40,40,40,37,27,27,27,49,38,38,63,63,47,47,39,41,41,28,28,28,28,27,27,0,0],"gold":243,"neow_bonus":"THREE_RARE_CARDS","is_daily":false,"chose_seed":false,"campfire_upgraded":5,"win_rate":0.0,"timestamp":1607834640,"path_taken":["M","M","?","M","?","E","R","M","T","E","?","R","E","M","R","BOSS","M","?","$","?","M","E","M","?","T","E","?","?","R","E","R","BOSS"],"items_purchased_type":["Relic","Relic"],"build_version":"2020-11-30","purchased_purges":0,"victory":false,"max_hp_per_floor":[62,62,56,56,56,56,56,56,56,56,56,56,56,56,56,56,56,56,56,63,63,63,63,63,63,63,63,63,63,63,63,63,63,63],"relic_stats":{"Lee\u0027s Waffle":25,"Regal Pillow":0,"counters":[18,63],"Golden Idol":91,"Blue Candle":[1],"Black Star":3,"obtain_stats":[{"Ice Cream":10,"Lee\u0027s Waffle":20,"Regal Pillow":23,"Lantern":27,"Golden Idol":3,"Blue Candle":6,"Oddly Smooth Stone":26,"White Beast Statue":13,"Blood Vial":27,"Bottled Flame":31,"HornCleat":31,"Molten Egg 2":23,"Black Star":17,"PureWater":0,"Unceasing Top":9,"Meat on the Bone":20},{"Ice Cream":6,"Lee\u0027s Waffle":11,"Regal Pillow":13,"Lantern":16,"Golden Idol":2,"Blue Candle":4,"Oddly Smooth Stone":15,"White Beast Statue":8,"Blood Vial":16,"Bottled Flame":17,"HornCleat":17,"Molten Egg 2":13,"Black Star":10,"PureWater":0,"Unceasing Top":5,"Meat on the Bone":11},{"Ice Cream":16,"Lee\u0027s Waffle":33,"Regal Pillow":39,"Lantern":54,"Golden Idol":7,"Blue Candle":12,"Oddly Smooth Stone":48,"White Beast Statue":21,"Blood Vial":54,"Bottled Flame":57,"HornCleat":57,"Molten Egg 2":39,"Black Star":28,"PureWater":0,"Unceasing Top":14,"Meat on the Bone":33}],"Unceasing Top":[6],"Meat on the Bone":48},"card_choices":[{"not_picked":["Alpha","Omniscience"],"picked":"Blasphemy","floor":0.0},{"not_picked":["JustLucky","EmptyFist"],"picked":"ReachHeaven","floor":1.0},{"not_picked":["Study","ThirdEye"],"picked":"FlyingSleeves","floor":2.0},{"not_picked":["Consecrate","Perseverance"],"picked":"WaveOfTheHand","floor":4.0},{"not_picked":["Crescendo","FearNoEvil"],"picked":"Scrawl","floor":6.0},{"not_picked":["Crescendo","PathToVictory","WaveOfTheHand"],"picked":"SKIP","floor":8.0},{"not_picked":["Pray","JustLucky"],"picked":"DeusExMachina","floor":10.0},{"not_picked":["FollowUp","Weave","Prostrate"],"picked":"SKIP","floor":11.0},{"not_picked":["Prostrate","LikeWater"],"picked":"Wish","floor":13.0},{"not_picked":["FollowUp","ForeignInfluence","SashWhip"],"picked":"SKIP","floor":14.0},{"not_picked":["Blasphemy","SpiritShield"],"picked":"Scrawl","floor":16.0},{"not_picked":["SandsOfTime","FollowUp"],"picked":"CutThroughFate+1","floor":18.0},{"not_picked":["Wireheading","EmptyFist","Crescendo"],"picked":"SKIP","floor":22.0},{"not_picked":["BowlingBash+1","CutThroughFate+1"],"picked":"Wallop+1","floor":23.0},{"not_picked":["CrushJoints+1","Perseverance","FlurryOfBlows+1"],"picked":"SKIP","floor":24.0},{"not_picked":["MentalFortress","Crescendo"],"picked":"Consecrate+1","floor":25.0},{"not_picked":["WheelKick+1","Evaluate"],"picked":"BowlingBash+1","floor":27.0},{"not_picked":["WaveOfTheHand","Conclude+1","Perseverance"],"picked":"SKIP","floor":31.0}],"player_experience":871643,"relics_obtained":[{"floor":6.0,"key":"Blue Candle"},{"floor":9.0,"key":"Unceasing Top"},{"floor":10.0,"key":"Ice Cream"},{"floor":13.0,"key":"White Beast Statue"},{"floor":23.0,"key":"Molten Egg 2"},{"floor":23.0,"key":"Regal Pillow"},{"floor":26.0,"key":"Oddly Smooth Stone"},{"floor":27.0,"key":"Blood Vial"},{"floor":27.0,"key":"Lantern"},{"floor":31.0,"key":"HornCleat"},{"floor":31.0,"key":"Bottled Flame"}],"event_choices":[{"damage_healed":0.0,"max_hp_gain":0.0,"max_hp_loss":6.0,"gold_gain":0.0,"event_name":"Golden Idol","player_choice":"Lose Max HP","floor":3.0,"gold_loss":0.0,"damage_taken":0.0,"relics_obtained":["Golden Idol"]},{"cards_removed":["Defend_P"],"damage_healed":0.0,"max_hp_gain":0.0,"max_hp_loss":0.0,"gold_gain":0.0,"event_name":"Purifier","player_choice":"Purged","floor":5.0,"gold_loss":0.0,"damage_taken":0.0},{"damage_healed":0.0,"max_hp_gain":0.0,"max_hp_loss":0.0,"gold_gain":0.0,"event_name":"Ghosts","player_choice":"Ignored","floor":19.0,"gold_loss":0.0,"damage_taken":0.0},{"damage_healed":0.0,"max_hp_gain":0.0,"max_hp_loss":0.0,"gold_gain":0.0,"event_name":"The Woman in Blue","player_choice":"Bought 1 Potion","floor":21.0,"gold_loss":0.0,"damage_taken":0.0},{"damage_healed":0.0,"max_hp_gain":0.0,"max_hp_loss":0.0,"gold_gain":0.0,"event_name":"Vampires","player_choice":"Became a vampire (Vial)","floor":28.0,"relics_lost":["Blood Vial"],"gold_loss":0.0,"damage_taken":0.0,"cards_obtained":["Bite","Bite","Bite","Bite","Bite"]},{"cards_removed":["Defend_P"],"damage_healed":0.0,"max_hp_gain":0.0,"max_hp_loss":0.0,"gold_gain":0.0,"event_name":"Designer","player_choice":"Upgrade and Remove","floor":29.0,"gold_loss":110.0,"damage_taken":0.0,"cards_upgraded":["Eruption"]}],"is_beta":false,"boss_relics":[{"not_picked":["Snecko Eye","Coffee Dripper"],"picked":"Black Star"}],"items_purged_floors":[],"is_endless":false,"potions_floor_spawned":[2,10,13,14,16,18,22,23,24,25,27,31],"killed_by":"Collector","ascension_level":20}}