{"host":"jt62yzdgnrkmwwqv","time":1607874350,"event":{"mods":["AchievementEnabler","BaseMod","CapriCore","Colored Map","Colored Powertips","GungeonMod","Lobotomy","LobotomyExtend","Minty Spire (QoL Compilation)","StSLib","The Animator","The Construct","The Immortal"],"gold_per_floor":[114,131,147,135,135,160,173,173,199,45,45,45,45],"floor_reached":12,"playtime":409,"items_purged":[],"score":88,"play_id":"2bebd622-27e7-4c51-adab-b7cae937f015","local_time":"20201214004550","is_ascension_mode":true,"campfire_choices":[{"floor":8,"key":"REST"}],"circlet_count":0,"master_deck":["SpecialBullet","SpecialBullet","SpecialBullet","SpecialBullet","SpecialBullet","SpecialBullet","SpecialBullet","SpecialBullet","ExtractionCode","ControlCode","CentralCode","ParadiseLost","OldLady","Adoration+1","WristCuter","MeatLantern","GrinderMk4","InformationCode","QueenOfHatred","MagicBullet","CrumblingArmor","Discord","ParadiseLost"],"relics":["CogitoBucket","RabbitCall","LetterFromLob","Darkstone Periapt","BackwardClock","Anchor","DollysMirror"],"acts_visited":["Exordium"],"potions_floor_usage":[],"damage_taken":[{"damage":8,"enemies":"2 Louse","floor":1,"turns":2},{"damage":0,"enemies":"Cultist","floor":2,"turns":3},{"damage":7,"enemies":"Jaw Worm","floor":3,"turns":4},{"damage":12,"enemies":"Looter","floor":4,"turns":3},{"damage":24,"enemies":"3 Sentries","floor":6,"turns":7},{"damage":10,"enemies":"2 Fungi Beasts","floor":7,"turns":3},{"damage":30,"enemies":"Lagavulin","floor":12,"turns":3}],"seed_played":"-9185681205578778520","potions_obtained":[],"is_trial":false,"path_per_floor":["M","M","M","M","?","E","M","R","T","$","M","E"],"character_chosen":"Angela","items_purchased":["DollysMirror"],"campfire_rested":1,"item_purchase_floors":[10],"current_hp_per_floor":[55,55,48,36,36,21,11,29,29,29,29,0,0],"gold":45,"neow_bonus":"THREE_RARE_CARDS","is_daily":false,"chose_seed":false,"campfire_upgraded":0,"win_rate":0.0,"timestamp":1607874350,"path_taken":["M","M","M","M","?","E","?","R","T","$","M","E"],"items_purchased_type":["Relic"],"build_version":"2020-11-30","purchased_purges":0,"victory":false,"max_hp_per_floor":[63,63,63,63,63,63,63,63,63,63,63,63,63],"card_choices":[{"not_picked":["Mimicry","TheSmile"],"picked":"ParadiseLost","floor":0},{"not_picked":["BeautyBeast","PunishingBird"],"picked":"OldLady","floor":1},{"not_picked":["Hypocrisy"],"picked":"Adoration","floor":1},{"not_picked":["Penitence","Lantern"],"picked":"SKIP","floor":1},{"not_picked":["FrostShard"],"picked":"WristCuter","floor":2},{"not_picked":["WallGazer","BeautyBeast"],"picked":"MeatLantern","floor":2},{"not_picked":["Heaven"],"picked":"GrinderMk4","floor":2},{"not_picked":["LittleHelper","Scarecrow"],"picked":"QueenOfHatred","floor":3},{"not_picked":["WristCuter"],"picked":"MagicBullet","floor":3},{"not_picked":["WristCuter","RapturousDream"],"picked":"SKIP","floor":3},{"not_picked":["UniverseFragment","Murderer"],"picked":"CrumblingArmor","floor":4},{"not_picked":["WristCuter","CUTE"],"picked":"SKIP","floor":4},{"not_picked":["WristCuter","Hypocrisy"],"picked":"SKIP","floor":4},{"not_picked":["Penitence"],"picked":"Discord","floor":6},{"not_picked":["RapturousDream","RedEyes"],"picked":"SKIP","floor":6},{"not_picked":["Beak","TheSmile"],"picked":"SKIP","floor":7},{"not_picked":["Amita","WristCuter"],"picked":"SKIP","floor":7}],"player_experience":216216,"relics_obtained":[{"floor":1,"key":"LetterFromLob"},{"floor":6,"key":"Darkstone Periapt"},{"floor":9,"key":"Anchor"}],"event_choices":[{"damage_healed":0,"gold_gain":0,"player_choice":"Upgraded","damage_taken":0,"max_hp_gain":0,"max_hp_loss":0,"event_name":"Upgrade Shrine","floor":5,"gold_loss":0,"cards_upgraded":["Adoration"]}],"is_beta":false,"boss_relics":[],"items_purged_floors":[],"is_endless":false,"potions_floor_spawned":[],"killed_by":"Lagavulin","ascension_level":2}}