{"host":"otf1z5955ddlv5pq","time":1607831782,"event":{"mods":["BaseMod","Beaked The Cultist","Better Altar","Better Match","Better Note","Better Sensory Stone","Better Skull","Better Third Choice","Colored Map","Colored Powertips","Downfall","Minty Spire (QoL Compilation)","Rare Cards Sparkle","Replay The Spire","StSLib"],"gold_per_floor":[113,180,180,194,214,214,248,248,248,266,144,144,169,169,169,271,271,182,182,197,197,197,211,211,211,235,235,235,250,275,291,291,396,396,408,408,420,420,164,164,39,39,39,66,139,139,157,175,202,221,221,221],"floor_reached":53,"playtime":3685,"items_purged":["Strike_B","Strike_B+1","Decay"],"score":773,"play_id":"84ce869e-8dc0-4222-9c09-7b5109d564a7","local_time":"20201212195622","is_ascension_mode":false,"campfire_choices":[{"data":"Dualcast","floor":6,"key":"SMITH"},{"data":"Streamline","floor":8,"key":"SMITH"},{"floor":15,"key":"REST"},{"floor":24,"key":"REST"},{"data":"ReplayGash","floor":28,"key":"SMITH"},{"floor":32,"key":"REST"},{"data":"Self Repair","floor":40,"key":"SMITH"},{"floor":51,"key":"REST"}],"circlet_count":0,"master_deck":["Strike_B+2","Defend_B+2","Defend_B+1","Defend_B+2","Defend_B+1","Zap+1","Dualcast+1","FTL","Beam Cell","Streamline+1","Go for the Eyes+1","Leap","Seek+1","CommonCold","Conserve Battery+1","Self Repair+1","Sunder+1","ReplayGash+1","Gash+1","Reboot+1","AbeCurse"],"relics":["Cracked Core","Simple Rune","Bottled Flame","Pondfish Scales","DataDisk","Replay:Ancient Bell","Tiny Chest","Shuriken","Prayer Wheel","Blood Vial","Counterbalance","ReplayTheSpireMod:Lightbulb","Bottled Tornado","Abe\u0027s Treasure","Guide Book","Chameleon Ring","Blood Vial"],"acts_visited":["Exordium","TheCity","TheBeyond"],"potions_floor_usage":[7,20,30,33,50,52],"damage_taken":[{"damage":0,"enemies":"Small Slimes","floor":1,"turns":4},{"damage":0,"enemies":"2 Louse","floor":4,"turns":2},{"damage":0,"enemies":"Cultist","floor":5,"turns":2},{"damage":22,"enemies":"3 Sentries","floor":7,"turns":6},{"damage":0,"enemies":"Blue Slaver","floor":10,"turns":2},{"damage":36,"enemies":"Slime Boss","floor":16,"turns":8},{"damage":2,"enemies":"Chosen","floor":18,"turns":3},{"damage":0,"enemies":"Shell Parasite","floor":20,"turns":8},{"damage":34,"enemies":"Shelled Parasite and Fungi","floor":23,"turns":6},{"damage":8,"enemies":"Snake Plant","floor":29,"turns":4},{"damage":6,"enemies":"Gremlin Leader","floor":30,"turns":5},{"damage":0,"enemies":"Snecko","floor":31,"turns":5},{"damage":82,"enemies":"Collector","floor":33,"turns":9},{"damage":0,"enemies":"Orb Walker","floor":35,"turns":3},{"damage":5,"enemies":"3 Shapes","floor":37,"turns":3},{"damage":23,"enemies":"Jaw Worm Horde","floor":47,"turns":4},{"damage":26,"enemies":"Spire Growth","floor":48,"turns":5},{"damage":5,"enemies":"3 Darklings","floor":50,"turns":4},{"damage":22,"enemies":"Time Eater","floor":52,"turns":8}],"seed_played":"-4789313714074055366","potions_obtained":[{"floor":1,"key":"AttackPotion"},{"floor":2,"key":"LifebloodPotion"},{"floor":2,"key":"FairyPotion"},{"floor":10,"key":"Explosive Potion"},{"floor":20,"key":"Strength Potion"},{"floor":47,"key":"Ancient Potion"},{"floor":48,"key":"DistilledChaos"},{"floor":50,"key":"Doom Potion"}],"is_trial":false,"path_per_floor":["M","?","?","M","M","R","E","R","T","M","$","?","T","?","R","B",null,"M","?","M","?","?","M","R","T","T","?","R","M","E","M","R","B",null,"M","?","M","?","$","R","$","PTL","PTL","T","T","$","M","M","T","M","R","B",null],"character_chosen":"DEFECT","items_purchased":["Leap","Guide Book"],"campfire_rested":4,"item_purchase_floors":[11,39],"current_hp_per_floor":[75,75,75,75,75,75,53,53,53,53,53,53,53,38,60,24,75,73,73,75,75,55,30,52,52,52,52,52,46,49,58,75,29,75,75,75,75,75,75,75,75,75,75,75,75,75,62,48,48,57,75,63],"gold":221,"neow_bonus":"REMOVE_CARD","is_daily":false,"chose_seed":false,"campfire_upgraded":4,"win_rate":0.0,"timestamp":1607831782,"path_taken":["M","?","?","M","?","R","E","R","T","M","$","?","?","?","R","BOSS","M","?","M","?","?","M","R","?","T","?","R","M","E","M","R","BOSS","M","?","M","?","$","R","$","PTL","PTL","?","T","$","?","M","?","M","R","BOSS"],"items_purchased_type":["Card","Relic"],"build_version":"2020-11-30","purchased_purges":3,"victory":true,"max_hp_per_floor":[75,75,75,75,75,75,75,75,75,75,75,75,75,75,75,75,75,75,75,75,75,75,75,75,75,75,75,75,75,75,75,75,75,75,75,75,75,75,75,75,75,75,75,75,75,75,75,75,75,75,75,75],"card_choices":[{"not_picked":["BasicCrystalCard","Rebound"],"picked":"FTL","floor":1},{"not_picked":["Glacier","ReplayTheSpireMod:Calculation Training"],"picked":"Beam Cell","floor":2},{"not_picked":["Barrage","Beam Cell"],"picked":"Streamline","floor":4},{"not_picked":["Undo","Genetic Algorithm","Static Discharge"],"picked":"SKIP","floor":5},{"not_picked":["Undo","FIFO Queue"],"picked":"Go for the Eyes","floor":7},{"not_picked":["Lockon","Stack","Streamline"],"picked":"SKIP","floor":10},{"not_picked":["Meteor Strike","Hyperbeam"],"picked":"Seek","floor":16},{"not_picked":["Overencumbered","betterMatch:CurseCard"],"picked":"CommonCold","floor":17},{"not_picked":["hexamod:Haunted","Languid"],"picked":"Decay","floor":17},{"not_picked":["Slimebound:Icky","Delirium"],"picked":"ReplayTheSpireMod:IOU","floor":17},{"not_picked":["Static Discharge","Go for the Eyes"],"picked":"Conserve Battery+1","floor":18},{"not_picked":["White Noise","Undo","Steam"],"picked":"SKIP","floor":18},{"not_picked":["Ball Lightning","Capacitor"],"picked":"Sunder+1","floor":20},{"not_picked":["ReplayTheSpireMod:Reroute Power+1","ReplaySort","Hologram+1"],"picked":"SKIP","floor":20},{"not_picked":["Force Field","Cold Snap","Steam+1"],"picked":"SKIP","floor":23},{"not_picked":["Barrage+1","Sweeping Beam+1","Go for the Eyes"],"picked":"SKIP","floor":23},{"not_picked":["Capacitor","Beam Cell"],"picked":"Gash+1","floor":29},{"not_picked":["Hologram+1","White Noise","Recycle"],"picked":"SKIP","floor":29},{"not_picked":["Loop","Thunder Strike","Biased Cognition"],"picked":"SKIP","floor":30},{"not_picked":["Fusion","Sunder","Redo"],"picked":"SKIP","floor":31},{"not_picked":["Streamline","Compile Driver","Turbo"],"picked":"SKIP","floor":31},{"not_picked":["Echo Form","Core Surge"],"picked":"Reboot","floor":33},{"not_picked":["Steam+1","Streamline+1","Loop"],"picked":"SKIP","floor":35},{"not_picked":["Go for the Eyes","Glacier+1","Core Surge"],"picked":"SKIP","floor":35},{"not_picked":["Hologram","Panic Button","Heatsinks+1"],"picked":"SKIP","floor":37},{"not_picked":["Compile Driver","FIFO Queue+1","Coolheaded"],"picked":"SKIP","floor":37},{"not_picked":["ReplaySolidLightProjector+1","Coolheaded+1","Sunder+1"],"picked":"SKIP","floor":47},{"not_picked":["Compile Driver","Aggregate","Storm"],"picked":"SKIP","floor":47},{"not_picked":["Coolheaded+1","Streamline","Beam Cell"],"picked":"SKIP","floor":48},{"not_picked":["Echo Form","Turbo+1","Blizzard+1"],"picked":"SKIP","floor":48},{"not_picked":["ReplayTheSpireMod:Calculation Training+1","Beam Cell","Reprogram+1"],"picked":"SKIP","floor":50},{"not_picked":["Conserve Battery","Hologram","Static Discharge"],"picked":"SKIP","floor":50}],"player_experience":868216,"relics_obtained":[{"floor":2,"key":"Simple Rune"},{"floor":7,"key":"Bottled Flame"},{"floor":9,"key":"Pondfish Scales"},{"floor":13,"key":"DataDisk"},{"floor":25,"key":"Counterbalance"},{"floor":26,"key":"ReplayTheSpireMod:Lightbulb"},{"floor":30,"key":"Bottled Tornado"},{"floor":45,"key":"Chameleon Ring"},{"floor":49,"key":"Blood Vial"}],"event_choices":[{"damage_healed":0,"gold_gain":0,"player_choice":"Upgraded","damage_taken":0,"max_hp_gain":0,"max_hp_loss":0,"event_name":"Upgrade Shrine","floor":3,"gold_loss":0,"cards_upgraded":["Zap"]},{"damage_healed":0,"gold_gain":0,"player_choice":"Ignored","damage_taken":144,"max_hp_gain":0,"max_hp_loss":0,"event_name":"betterThird:BetterSerpent","floor":12,"gold_loss":0},{"damage_healed":53,"gold_gain":0,"player_choice":"Upgrade","damage_taken":15,"max_hp_gain":0,"max_hp_loss":75,"event_name":"betterThird:BetterShining","floor":14,"gold_loss":0,"cards_upgraded":["Go for the Eyes","Strike_B"]},{"cards_removed":["Seek"],"damage_healed":0,"gold_gain":0,"player_choice":"Take \u0026 Give","damage_taken":0,"max_hp_gain":0,"max_hp_loss":0,"event_name":"betterNote:BetterNote","floor":19,"gold_loss":0,"cards_obtained":["Self Repair"]},{"damage_healed":0,"gold_gain":0,"player_choice":"Read","damage_taken":0,"max_hp_gain":0,"max_hp_loss":0,"event_name":"The Library","floor":21,"gold_loss":0,"cards_obtained":["ReplayGash"]},{"damage_healed":0,"gold_gain":0,"player_choice":" Vial ","damage_taken":20,"relics_obtained":["Blood Vial"],"max_hp_gain":75,"max_hp_loss":55,"event_name":"betterAltar:BetterAltar","floor":22,"potions_obtained":[],"relics_lost":[],"gold_loss":0},{"damage_healed":0,"gold_gain":0,"player_choice":"Simplicity","damage_taken":0,"max_hp_gain":0,"max_hp_loss":6,"event_name":"betterThird:BetterWriting","floor":27,"gold_loss":0},{"damage_healed":0,"gold_gain":0,"player_choice":"Ignored","damage_taken":0,"max_hp_gain":0,"max_hp_loss":0,"event_name":"Tomb of Lord Red Mask","floor":36,"gold_loss":0},{"damage_healed":0,"gold_gain":0,"player_choice":"3","damage_taken":0,"max_hp_gain":0,"max_hp_loss":0,"event_name":"betterMatch:BetterMatch","floor":38,"gold_loss":0,"cards_obtained":[]}],"is_beta":false,"boss_relics":[{"not_picked":["Snecko Eye","Inserter"],"picked":"Replay:Ancient Bell"},{"not_picked":["PreservedInsect","Potion Belt"],"picked":"Tiny Chest"},{"not_picked":["Garlic","Toxic Egg 2"],"picked":"Shuriken"},{"not_picked":["Mango","StoneCalendar"],"picked":"Prayer Wheel"},{"not_picked":["Sozu","Philosopher\u0027s Stone"],"picked":"Abe\u0027s Treasure"}],"items_purged_floors":[11,39,41],"is_endless":false,"potions_floor_spawned":[1,5,10,16,20,23,47,48,50],"ascension_level":0}}