{"host":"irtkyucquvte0m2t","time":1607820402,"event":{"mods":["BaseMod","Better Note","BetterRewards","Colored Map","Colored Powertips","Minty Spire (QoL Compilation)","Quick Restart","Rare Cards Sparkle","StSLib","everything is the same but u backflip on backflip"],"gold_per_floor":[116,116,134,134,134,134,151,50,131,148,49,49,49,65,65,162,162,172,172,172,190,190,190,33,49,49,49,49,60,60,93,93,196,196,214,214,227,239,59,59,59,59],"floor_reached":41,"playtime":1165,"items_purged":[],"score":549,"play_id":"c5a90e79-b8a6-43cf-b981-a7dc20ebafbb","local_time":"20201212194642","is_ascension_mode":false,"campfire_choices":[{"data":"Eruption","floor":6,"key":"SMITH"},{"floor":13,"key":"REST"},{"data":"ConjureBlade","floor":15,"key":"SMITH"},{"data":"Vault","floor":23,"key":"SMITH"},{"data":"1","floor":28,"key":"LIFT"},{"floor":30,"key":"REST"},{"floor":32,"key":"REST"},{"data":"2","floor":40,"key":"LIFT"}],"circlet_count":0,"master_deck":["Strike_P","Strike_P","Defend_P+1","Defend_P","Eruption+1","Vigilance","CutThroughFate","Prostrate+1","ConjureBlade+1","WindmillStrike","Worship","Collect","Vault+1","FlurryOfBlows+1","FollowUp+1","Devotion","DeusExMachina","Protect","SandsOfTime","Alpha","Prostrate"],"relics":["HolyWater","Oddly Smooth Stone","Matryoshka","TeardropLocket","Anchor","Singing Bowl","Girya","Prayer Wheel","Empty Cage","HandDrill"],"acts_visited":["Exordium","TheCity","TheBeyond"],"potions_floor_usage":[16,17,31,38],"damage_taken":[{"damage":0,"enemies":"Jaw Worm","floor":1,"turns":5},{"damage":0,"enemies":"2 Louse","floor":3,"turns":2},{"damage":0,"enemies":"Small Slimes","floor":7,"turns":2},{"damage":0,"enemies":"Exordium Thugs","floor":10,"turns":3},{"damage":0,"enemies":"3 Louse","floor":14,"turns":3},{"damage":49,"enemies":"The Guardian","floor":16,"turns":6},{"damage":1,"enemies":"Spheric Guardian","floor":18,"turns":4},{"damage":16,"enemies":"2 Thieves","floor":21,"turns":4},{"damage":3,"enemies":"Centurion and Healer","floor":25,"turns":5},{"damage":14,"enemies":"Snake Plant","floor":29,"turns":5},{"damage":16,"enemies":"Book of Stabbing","floor":31,"turns":4},{"damage":23,"enemies":"Champ","floor":33,"turns":5},{"damage":0,"enemies":"3 Shapes","floor":35,"turns":6},{"damage":7,"enemies":"Orb Walker","floor":37,"turns":3},{"damage":3,"enemies":"Spire Growth","floor":38,"turns":4},{"damage":54,"enemies":"Reptomancer","floor":41,"turns":3}],"seed_played":"8994326459337706418","potions_obtained":[{"floor":10,"key":"BlessingOfTheForge"},{"floor":16,"key":"Fruit Juice"},{"floor":21,"key":"ColorlessPotion"},{"floor":31,"key":"DistilledChaos"},{"floor":33,"key":"FearPotion"}],"is_trial":false,"path_per_floor":["M","?","M","?","?","R","M","$","T","M","$","?","R","M","R","B",null,"M","?","?","M","?","R","$","M","T","$","R","M","R","E","R","B",null,"M","?","M","M","$","R","E"],"character_chosen":"WATCHER","items_purchased":["Oddly Smooth Stone","FairyPotion","Collect","BowlingBash","Anchor","HandDrill","Prostrate"],"campfire_rested":3,"item_purchase_floors":[0,8,11,11,24,39,39],"current_hp_per_floor":[72,65,65,51,51,51,51,51,51,51,51,39,60,60,60,11,77,76,76,76,60,53,53,53,50,50,50,50,38,61,45,68,45,79,81,81,76,75,75,75,21,21],"gold":59,"neow_bonus":"","is_daily":false,"chose_seed":false,"campfire_upgraded":3,"win_rate":0.0,"timestamp":1607820402,"path_taken":["M","?","M","?","?","R","M","$","T","?","$","?","R","M","R","BOSS","M","?","?","M","?","R","$","?","T","$","R","M","R","E","R","BOSS","M","?","M","M","$","R","E"],"items_purchased_type":["Relic","Potion","Card","Card","Relic","Relic","Card"],"build_version":"2020-11-30","purchased_purges":0,"victory":false,"max_hp_per_floor":[72,72,72,72,72,72,72,72,72,72,72,72,72,72,72,72,77,77,77,77,77,77,77,77,77,77,77,77,79,79,79,79,79,79,81,81,83,85,85,85,85,85],"card_choices":[{"not_picked":["InnerPeace","PathToVictory"],"picked":"CutThroughFate","floor":1},{"not_picked":["SignatureMove","Sanctity"],"picked":"Prostrate","floor":3},{"not_picked":["EmptyFist","TalkToTheHand"],"picked":"WindmillStrike","floor":7},{"not_picked":["Nirvana","Collect"],"picked":"Worship","floor":10},{"not_picked":["ThirdEye","Fasting2","Halt"],"picked":"SKIP","floor":14},{"not_picked":["ConjureBlade","SpiritShield"],"picked":"Vault","floor":16},{"not_picked":["ClearTheMind","ForeignInfluence"],"picked":"FlurryOfBlows+1","floor":18},{"not_picked":["SashWhip","CrushJoints","JustLucky+1"],"picked":"SKIP","floor":21},{"not_picked":["Nirvana","FlyingSleeves"],"picked":"FollowUp+1","floor":25},{"not_picked":["CarveReality","EmptyFist","CutThroughFate"],"picked":"Singing Bowl","floor":29},{"not_picked":["BattleHymn","SandsOfTime+1"],"picked":"Devotion","floor":31},{"not_picked":["ConjureBlade","Blasphemy"],"picked":"DeusExMachina","floor":33},{"not_picked":["FlurryOfBlows","FearNoEvil+1","EmptyFist"],"picked":"Singing Bowl","floor":35},{"not_picked":["Vengeance+1","FollowUp"],"picked":"Protect","floor":35},{"not_picked":["JustLucky+1","FlurryOfBlows"],"picked":"SandsOfTime","floor":37},{"not_picked":["WreathOfFlame+1","Wallop","Protect+1"],"picked":"Singing Bowl","floor":37},{"not_picked":["PathToVictory+1","MentalFortress+1","CutThroughFate"],"picked":"Singing Bowl","floor":38},{"not_picked":["ThirdEye","CrushJoints+1"],"picked":"Alpha","floor":38}],"player_experience":1252253,"relics_obtained":[{"floor":9,"key":"Matryoshka"},{"floor":26,"key":"Singing Bowl"},{"floor":26,"key":"Girya"},{"floor":31,"key":"Prayer Wheel"}],"event_choices":[{"cards_removed":["Strike_P"],"damage_healed":0,"gold_gain":0,"player_choice":"Card Removal","damage_taken":7,"max_hp_gain":0,"max_hp_loss":0,"event_name":"Golden Wing","floor":2,"gold_loss":0},{"damage_healed":0,"gold_gain":0,"player_choice":"Entered Light","damage_taken":14,"max_hp_gain":0,"max_hp_loss":0,"event_name":"Shining Light","floor":4,"gold_loss":0,"cards_upgraded":["Defend_P","Prostrate"]},{"damage_healed":0,"gold_gain":0,"cards_transformed":["Defend_P"],"player_choice":"Change","damage_taken":0,"max_hp_gain":0,"max_hp_loss":0,"event_name":"Living Wall","floor":5,"gold_loss":0,"cards_obtained":["ConjureBlade"]},{"damage_healed":0,"gold_gain":0,"player_choice":"Success","damage_taken":12,"relics_obtained":["TeardropLocket"],"max_hp_gain":0,"max_hp_loss":0,"event_name":"Scrap Ooze","floor":12,"gold_loss":0},{"damage_healed":0,"gold_gain":0,"cards_transformed":["Strike_P"],"player_choice":"Transformed","damage_taken":0,"max_hp_gain":0,"max_hp_loss":0,"event_name":"Transmorgrifier","floor":19,"gold_loss":0,"cards_obtained":["Conclude"]},{"damage_healed":0,"gold_gain":0,"player_choice":"Leave","damage_taken":0,"max_hp_gain":0,"max_hp_loss":0,"event_name":"FaceTrader","floor":20,"gold_loss":0},{"damage_healed":0,"gold_gain":0,"player_choice":"Damaged","damage_taken":7,"max_hp_gain":0,"max_hp_loss":0,"event_name":"Wheel of Change","floor":22,"gold_loss":0},{"cards_removed":["Conclude"],"damage_healed":0,"gold_gain":0,"player_choice":"Purged","damage_taken":0,"max_hp_gain":0,"max_hp_loss":0,"event_name":"Purifier","floor":36,"gold_loss":0}],"is_beta":false,"boss_relics":[{"not_picked":["Astrolabe","Snecko Eye"],"picked":"HolyWater"},{"not_picked":["Tiny House","Cursed Key"],"picked":"Empty Cage"}],"items_purged_floors":[],"is_endless":false,"potions_floor_spawned":[10,16,21,31,33,35,37],"killed_by":"Reptomancer","ascension_level":0}}