{"host":"dth8fvkfiulu86fi","time":1607859264,"event":{"mods":["2.2 Compatiblity","AchievementEnabler","BaseMod","Better Third Choice","Colored Map","Colored Powertips","Minty Spire (QoL Compilation)","Rare Cards Sparkle","StSLib","SuperFastMode","Synergy Search"],"gold_per_floor":[114,114,129,129,38,68,83,83,108,108,59,6,21,36,36,136,136,151,1,16,31,31,31,31,46,96,96,96],"floor_reached":27,"playtime":1278,"items_purged":[],"score":238,"play_id":"643e65bd-85b8-4675-a41e-30d1d2b7081d","local_time":"20201213123424","daily_mods":["Specialized","Colorless Cards","Binary"],"is_ascension_mode":false,"campfire_choices":[{"floor":8,"key":"REST"},{"data":"Eruption","floor":15,"key":"SMITH"},{"floor":24,"key":"REST"}],"circlet_count":0,"master_deck":["Strike_P","Strike_P","Strike_P","Strike_P","Eruption+1","Vigilance","ThirdEye","ThirdEye","ThirdEye","ThirdEye","Flash of Steel","Finesse","SashWhip","Eruption+1","FlurryOfBlows","EmptyBody","Consecrate+1","Prostrate","Devotion"],"relics":["PureWater","Strawberry","Akabeko","Empty Cage","Damaru","Pantograph","Dream Catcher"],"acts_visited":["Exordium","TheCity"],"potions_floor_usage":[6,16,21,27],"damage_taken":[{"damage":0.0,"enemies":"Small Slimes","floor":1.0,"turns":4.0},{"damage":6.0,"enemies":"Cultist","floor":3.0,"turns":4.0},{"damage":27,"enemies":"Lagavulin","floor":6,"turns":8},{"damage":0,"enemies":"2 Louse","floor":7,"turns":2},{"damage":12,"enemies":"Exordium Thugs","floor":13,"turns":5},{"damage":1,"enemies":"Lots of Slimes","floor":14,"turns":3},{"damage":48,"enemies":"Slime Boss","floor":16,"turns":9},{"damage":12,"enemies":"Chosen","floor":18,"turns":3},{"damage":15,"enemies":"Shell Parasite","floor":20,"turns":4},{"damage":49,"enemies":"Shelled Parasite and Fungi","floor":21,"turns":10},{"damage":16,"enemies":"Chosen and Byrds","floor":25,"turns":5},{"damage":34,"enemies":"Centurion and Healer","floor":27,"turns":8}],"seed_played":"4834798368356638827","potions_obtained":[{"floor":1.0,"key":"Weak Potion"},{"floor":13,"key":"FairyPotion"},{"floor":14,"key":"ColorlessPotion"},{"floor":16,"key":"FearPotion"},{"floor":20,"key":"SpeedPotion"}],"is_trial":false,"path_per_floor":["M","?","M","?","$","E","M","R","T","?","$","$","M","M","R","B",null,"M","$","M","M","?","?","R","M","T","M"],"character_chosen":"WATCHER","items_purchased":["Flash of Steel","FlurryOfBlows","EmptyBody","Damaru"],"campfire_rested":2,"item_purchase_floors":[5,11,12,19],"current_hp_per_floor":[72,72,66,66,66,46,46,69,69,69,69,69,57,56,56,8,79,67,67,52,3,3,3,26,10,10,0,0],"gold":96,"neow_bonus":"","is_daily":true,"chose_seed":false,"campfire_upgraded":1,"win_rate":0.0,"timestamp":1607859264,"path_taken":["M","?","?","?","?","E","?","R","T","?","?","$","M","M","R","BOSS","M","$","M","M","?","?","R","M","T","M"],"items_purchased_type":["Card","Card","Card","Relic"],"build_version":"2020-11-30","purchased_purges":0,"victory":false,"max_hp_per_floor":[72,72,72,72,72,79,79,79,79,79,79,79,79,79,79,79,79,79,79,79,79,79,79,79,79,79,79,79],"card_choices":[{"not_picked":["EmptyFist","Halt"],"picked":"SKIP","floor":1.0},{"not_picked":["CrushJoints","FollowUp"],"picked":"SKIP","floor":3.0},{"not_picked":["Flash of Steel"],"picked":"Finesse","floor":6},{"not_picked":["SashWhip","PathToVictory"],"picked":"SKIP","floor":7},{"not_picked":["JustLucky","BowlingBash"],"picked":"SKIP","floor":13},{"not_picked":["FearNoEvil","ThirdEye"],"picked":"SKIP","floor":14},{"not_picked":["Evaluate+1"],"picked":"Consecrate+1","floor":18},{"not_picked":["ClearTheMind","Blind"],"picked":"SKIP","floor":20},{"not_picked":["Crescendo","SashWhip+1"],"picked":"SKIP","floor":21},{"not_picked":["CutThroughFate","FlyingSleeves"],"picked":"SKIP","floor":25}],"player_experience":1101405,"relics_obtained":[{"floor":6,"key":"Strawberry"},{"floor":9,"key":"Akabeko"},{"floor":26,"key":"Dream Catcher"}],"event_choices":[{"cards_removed":["ThirdEye"],"damage_healed":5.0,"max_hp_gain":0.0,"max_hp_loss":0.0,"gold_gain":0.0,"event_name":"Bonfire Elementals","player_choice":"Offered Common","floor":2.0,"gold_loss":0.0,"damage_taken":0.0},{"cards_removed":["ThirdEye"],"damage_healed":5.0,"max_hp_gain":0.0,"max_hp_loss":0.0,"gold_gain":0.0,"event_name":"Bonfire Elementals","player_choice":"Offered Special","floor":2.0,"gold_loss":0.0,"damage_taken":0.0},{"damage_healed":0,"gold_gain":0,"player_choice":"Forge","damage_taken":0,"max_hp_gain":0,"max_hp_loss":0,"event_name":"Accursed Blacksmith","floor":4,"gold_loss":0,"cards_upgraded":["Eruption"]},{"damage_healed":0,"gold_gain":0,"player_choice":"2 cards matched","damage_taken":0,"max_hp_gain":0,"max_hp_loss":0,"event_name":"Match and Keep!","floor":10,"gold_loss":0,"cards_obtained":["SashWhip","Eruption"]},{"damage_healed":0,"gold_gain":0,"player_choice":"Opened","damage_taken":0,"relics_obtained":["Pantograph"],"max_hp_gain":0,"max_hp_loss":0,"event_name":"The Mausoleum","floor":22,"gold_loss":0},{"damage_healed":0,"gold_gain":0,"cards_transformed":["Defend_P","Defend_P"],"player_choice":"Became Test Subject","damage_taken":0,"max_hp_gain":0,"max_hp_loss":0,"event_name":"Drug Dealer","floor":23,"gold_loss":0,"cards_obtained":["Prostrate","Devotion"]}],"is_beta":false,"boss_relics":[{"not_picked":["HolyWater","Tiny House"],"picked":"Empty Cage"}],"items_purged_floors":[],"is_endless":false,"potions_floor_spawned":[1,13,14,16,20],"killed_by":"Centurion and Healer","ascension_level":0}}