{"host":"uceopoba4zvqsgiy","time":1607848947,"event":{"mods":["Act Like it!","BaseMod","Better Skull","Better Third Choice","Elementarium","GifTheSpireLib","Hermit","Humility","Infinite Spire","Jorbs\u0027s Wanderer Trilogy","Marked Mod","Minty Spire (QoL Compilation)","Potionbrewer","Replay The Spire","Robot Space Explorer","Shade Mod","Spicy Shops","StSLib","Stuff the Spire","The Blue Laboratory","The Cursed","The Dragon Tamer","The Hierophant","The Judge","The Jungle","Wandering Minibosses"],"gold_per_floor":[117,131,144,144,38,38,38],"floor_reached":6,"playtime":225,"items_purged":[],"score":52,"play_id":"1d9bd1fb-b0fc-4e98-8759-86b94416c004","local_time":"20201213191227","is_ascension_mode":true,"campfire_choices":[],"circlet_count":0,"master_deck":["Strike_B","Strike_B","Strike_B","Strike_B","Defend_B","Defend_B","Defend_B","Defend_B","Zap","Dualcast","Ball Lightning","ReplayTheSpireMod:GoodbyeWorld","Pain","BasicCrystalCard"],"relics":["Cracked Core","NeowsBlessing","WarpedTongs","StuffTheSpire:Saxophone"],"acts_visited":["Exordium"],"potions_floor_usage":[],"damage_taken":[{"damage":0,"enemies":"Jaw Worm","floor":1,"turns":1},{"damage":0,"enemies":"Cultist","floor":2,"turns":1},{"damage":0,"enemies":"Small Slimes","floor":3,"turns":1},{"damage":68,"enemies":"Gremlin Nob","floor":6,"turns":4}],"seed_played":"1041441069349030204","potions_obtained":[],"is_trial":false,"path_per_floor":["M","M","M","?","$","E"],"character_chosen":"DEFECT","items_purchased":["StuffTheSpire:Saxophone","BasicCrystalCard"],"campfire_rested":0,"item_purchase_floors":[5,5],"current_hp_per_floor":[68,68,68,68,68,0,0],"gold":38,"neow_bonus":"THREE_ENEMY_KILL","is_daily":false,"chose_seed":false,"campfire_upgraded":0,"win_rate":0.0,"timestamp":1607848947,"path_taken":["M","M","M","?","?","E"],"items_purchased_type":["Relic","Card"],"build_version":"2020-11-30","purchased_purges":0,"victory":false,"max_hp_per_floor":[75,75,75,75,75,75,75],"card_choices":[{"not_picked":["Panic Button","Double Energy","Go for the Eyes"],"picked":"SKIP","floor":1},{"not_picked":["ReplayTheSpireMod:Reroute Power","Rebound"],"picked":"Ball Lightning","floor":2},{"not_picked":["Blizzard","Cold Snap"],"picked":"ReplayTheSpireMod:GoodbyeWorld","floor":3}],"player_experience":1494986,"relics_obtained":[],"event_choices":[{"damage_healed":0,"gold_gain":0,"player_choice":"Rummage","damage_taken":0,"relics_obtained":["WarpedTongs"],"max_hp_gain":0,"max_hp_loss":0,"event_name":"Accursed Blacksmith","floor":4,"gold_loss":0,"cards_obtained":["Pain"]}],"is_beta":false,"boss_relics":[],"items_purged_floors":[],"is_endless":false,"potions_floor_spawned":[],"killed_by":"Gremlin Nob","ascension_level":9}}