{"host":"lhth1efayex2023z","time":1607902794,"event":{"mods":["BaseMod","Colored Map","Googly Eyes","Minty Spire (QoL Compilation)","StSLib"],"gold_per_floor":[117,117,117,48,59,94,94,122,122,122,140,156,171,188,188,289,289,304,322,332,431,431,466,466,501,501,501,511,544,568,594,594,691,691,709,723,737,737,340,375,48,61,87,87,113,124,459,473,473,473,473,473,114,142,142],"floor_reached":56,"playtime":2198,"items_purged":["Strike_B","Strike_B","Strike_B"],"score":2291,"play_id":"883ba2d7-65db-4c54-a31c-4fb1b57fb1f8","local_time":"20201213163954","is_ascension_mode":true,"campfire_choices":[{"data":"Loop","floor":7,"key":"SMITH"},{"data":"Seek","floor":15,"key":"SMITH"},{"data":"Fission","floor":24,"key":"SMITH"},{"data":"Defragment","floor":27,"key":"SMITH"},{"data":"Defragment","floor":32,"key":"SMITH"},{"floor":44,"key":"RECALL"},{"data":"Machine Learning","floor":49,"key":"SMITH"},{"data":"Storm","floor":52,"key":"SMITH"}],"circlet_count":0,"master_deck":["AscendersBane","Defend_B","Defend_B","Defend_B","Defend_B","Zap","Dualcast","Loop+1","Sweeping Beam","Storm+1","Storm","White Noise","Machine Learning","Self Repair","Undo","Seek+1","Fission+1","Capacitor","Static Discharge+1","Ghostly","Ghostly","Ghostly","Ghostly","Ghostly","Defragment+1","Capacitor","Defragment+1","Machine Learning+1","Echo Form","Capacitor","Storm+1","Echo Form","Clumsy","Consume+1","Defragment+1","Consume+1","Lockon","Master of Strategy","Fission"],"relics":["Cracked Core","NeowsBlessing","Dead Branch","Cables","CaptainsWheel","Shuriken","Bronze Scales","Coffee Dripper","Pocketwatch","Happy Flower","Mummified Hand","Bag of Preparation","Oddly Smooth Stone","Strawberry","Cursed Key","Bottled Tornado","Gremlin Horn","Potion Belt","Torii","Old Coin","Kunai"],"acts_visited":["Exordium","TheCity","TheBeyond","TheEnding"],"potions_floor_usage":[14,35,55],"damage_taken":[{"damage":0,"enemies":"2 Louse","floor":1,"turns":1},{"damage":0,"enemies":"Small Slimes","floor":5,"turns":1},{"damage":0,"enemies":"3 Sentries","floor":6,"turns":1},{"damage":35,"enemies":"Gremlin Nob","floor":8,"turns":4},{"damage":6,"enemies":"Cultist","floor":11,"turns":3},{"damage":13,"enemies":"Blue Slaver","floor":12,"turns":2},{"damage":8,"enemies":"Red Slaver","floor":13,"turns":3},{"damage":0,"enemies":"2 Fungi Beasts","floor":14,"turns":1},{"damage":0,"enemies":"Slime Boss","floor":16,"turns":5},{"damage":0,"enemies":"Spheric Guardian","floor":18,"turns":4},{"damage":7,"enemies":"Chosen","floor":19,"turns":2},{"damage":13,"enemies":"Centurion and Healer","floor":20,"turns":4},{"damage":2,"enemies":"Book of Stabbing","floor":23,"turns":4},{"damage":5,"enemies":"Slavers","floor":25,"turns":2},{"damage":0,"enemies":"Snecko","floor":28,"turns":2},{"damage":0,"enemies":"Gremlin Leader","floor":29,"turns":3},{"damage":2,"enemies":"Slavers","floor":31,"turns":2},{"damage":0,"enemies":"Automaton","floor":33,"turns":4},{"damage":8,"enemies":"3 Shapes","floor":35,"turns":3},{"damage":0,"enemies":"3 Darklings","floor":36,"turns":2},{"damage":0,"enemies":"Jaw Worm Horde","floor":37,"turns":4},{"damage":0,"enemies":"Giant Head","floor":40,"turns":4},{"damage":1,"enemies":"4 Shapes","floor":42,"turns":2},{"damage":0,"enemies":"Reptomancer","floor":45,"turns":1},{"damage":0,"enemies":"Writhing Mass","floor":46,"turns":2},{"damage":0,"enemies":"Giant Head","floor":47,"turns":3},{"damage":0,"enemies":"Transient","floor":48,"turns":4},{"damage":1,"enemies":"Awakened One","floor":50,"turns":4},{"damage":0,"enemies":"Shield and Spear","floor":54,"turns":3},{"damage":13,"enemies":"The Heart","floor":55,"turns":4}],"seed_played":"3516799685923928816","potions_obtained":[{"floor":1,"key":"LiquidBronze"},{"floor":5,"key":"LiquidMemories"},{"floor":12,"key":"Explosive Potion"},{"floor":13,"key":"FairyPotion"},{"floor":18,"key":"SneckoOil"},{"floor":19,"key":"EssenceOfSteel"},{"floor":20,"key":"ColorlessPotion"},{"floor":31,"key":"Regen Potion"},{"floor":35,"key":"Fruit Juice"},{"floor":40,"key":"LiquidMemories"},{"floor":45,"key":"Energy Potion"},{"floor":48,"key":"Regen Potion"}],"is_trial":false,"path_per_floor":["M","?","?","$","M","E","R","E","T","?","M","M","M","M","R","B",null,"M","M","M","?","?","E","R","E","T","R","M","E","T","E","R","B",null,"M","M","M","?","$","E","$","M","T","R","E","M","E","M","R","B",null,"R","$","E","B",null],"character_chosen":"DEFECT","items_purchased":["Storm","Bottled Tornado","Capacitor","Echo Form","Potion Belt","Lockon","Master of Strategy"],"campfire_rested":0,"item_purchase_floors":[4,39,39,41,41,53,53],"current_hp_per_floor":[68,65,65,65,65,65,65,30,30,30,24,11,10,17,17,24,62,69,69,63,63,37,37,37,32,32,32,37,37,37,44,44,44,44,48,48,49,49,49,49,49,48,48,48,48,48,49,49,49,48,49,49,49,49,49],"gold":142,"neow_bonus":"THREE_ENEMY_KILL","is_daily":false,"chose_seed":false,"campfire_upgraded":7,"win_rate":0.0,"timestamp":1607902794,"path_taken":["M","?","?","$","?","E","R","E","T","?","M","M","M","M","R","BOSS","M","M","M","?","?","E","R","E","T","R","M","E","?","E","R","BOSS","M","?","M","?","$","E","?","M","T","R","E","M","E","M","R","BOSS","R","$","E","BOSS"],"items_purchased_type":["Card","Relic","Card","Card","Relic","Card","Card"],"build_version":"2020-11-30","purchased_purges":3,"victory":true,"max_hp_per_floor":[75,75,75,75,75,75,75,75,75,75,75,75,75,75,75,75,75,75,75,75,75,37,37,37,37,37,37,37,37,37,44,44,44,44,49,49,49,49,49,49,49,49,49,49,49,49,49,49,49,49,49,49,49,49,49],"card_choices":[{"not_picked":["Melter","Gash"],"picked":"Loop","floor":1},{"not_picked":["Steam Power","Hologram"],"picked":"Storm","floor":5},{"not_picked":["Leap","Compile Driver","Streamline"],"picked":"SKIP","floor":6},{"not_picked":["Chill","Steam"],"picked":"White Noise","floor":8},{"not_picked":["Conserve Battery","Rebound"],"picked":"Machine Learning","floor":11},{"not_picked":["BootSequence","Reinforced Body"],"picked":"Self Repair","floor":12},{"not_picked":["Undo","Steam","Leap"],"picked":"SKIP","floor":13},{"not_picked":["Steam","Leap"],"picked":"Undo","floor":13},{"not_picked":["Go for the Eyes","Barrage"],"picked":"Seek","floor":14},{"not_picked":["Electrodynamics","Reboot"],"picked":"Fission","floor":16},{"not_picked":["Gash","Cold Snap","Sweeping Beam+1"],"picked":"SKIP","floor":18},{"not_picked":["Rebound","Ball Lightning"],"picked":"Capacitor","floor":19},{"not_picked":["Rebound","Barrage"],"picked":"Static Discharge+1","floor":20},{"not_picked":["Beam Cell+1","BootSequence","Turbo"],"picked":"SKIP","floor":23},{"not_picked":["Barrage","Buffer"],"picked":"Defragment","floor":25},{"not_picked":["Cold Snap","Leap"],"picked":"Capacitor","floor":28},{"not_picked":["Go for the Eyes","Compile Driver"],"picked":"Defragment","floor":29},{"not_picked":["Barrage","Steam","Conserve Battery"],"picked":"SKIP","floor":31},{"not_picked":["Seek","Buffer"],"picked":"Machine Learning","floor":33},{"not_picked":["Hologram","Conserve Battery","Redo"],"picked":"SKIP","floor":35},{"not_picked":["Hologram+1","FTL","Turbo"],"picked":"SKIP","floor":36},{"not_picked":["Cold Snap","Aggregate"],"picked":"Echo Form","floor":37},{"not_picked":["Rebound","Go for the Eyes"],"picked":"Storm+1","floor":40},{"not_picked":["Conserve Battery","Sweeping Beam+1","Redo"],"picked":"SKIP","floor":42},{"not_picked":["Beam Cell+1","Steam+1"],"picked":"Consume+1","floor":45},{"not_picked":["Stack","Coolheaded+1","Doom and Gloom"],"picked":"SKIP","floor":46},{"not_picked":["BootSequence","Stack"],"picked":"Defragment+1","floor":47},{"not_picked":["Rebound","Leap+1"],"picked":"Consume+1","floor":48},{"not_picked":["Coolheaded","Ball Lightning"],"picked":"Fission","floor":54}],"player_experience":353427,"relics_obtained":[{"floor":6,"key":"Cables"},{"floor":8,"key":"CaptainsWheel"},{"floor":9,"key":"Shuriken"},{"floor":23,"key":"Pocketwatch"},{"floor":25,"key":"Happy Flower"},{"floor":26,"key":"Mummified Hand"},{"floor":29,"key":"Bag of Preparation"},{"floor":30,"key":"Oddly Smooth Stone"},{"floor":31,"key":"Strawberry"},{"floor":40,"key":"Gremlin Horn"},{"floor":45,"key":"Torii"},{"floor":47,"key":"Old Coin"},{"floor":54,"key":"Kunai"}],"event_choices":[{"damage_healed":0,"gold_gain":0,"player_choice":"Success","damage_taken":3,"relics_obtained":["Dead Branch"],"max_hp_gain":0,"max_hp_loss":0,"event_name":"Scrap Ooze","floor":2,"gold_loss":0},{"damage_healed":0,"gold_gain":0,"cards_transformed":["Strike_B"],"player_choice":"Transformed","damage_taken":0,"max_hp_gain":0,"max_hp_loss":0,"event_name":"Transmorgrifier","floor":3,"gold_loss":0,"cards_obtained":["Sweeping Beam"]},{"damage_healed":0,"gold_gain":0,"player_choice":"Gave Potion","damage_taken":0,"relics_obtained":["Bronze Scales"],"max_hp_gain":0,"max_hp_loss":0,"event_name":"WeMeetAgain","floor":10,"gold_loss":0},{"damage_healed":0,"gold_gain":99,"player_choice":"Stole From Cult","damage_taken":0,"max_hp_gain":0,"max_hp_loss":0,"event_name":"Nest","floor":21,"gold_loss":0},{"damage_healed":0,"gold_gain":0,"player_choice":"Became a Ghost","damage_taken":0,"max_hp_gain":0,"max_hp_loss":38,"event_name":"Ghosts","floor":22,"gold_loss":0,"cards_obtained":["Ghostly","Ghostly","Ghostly","Ghostly","Ghostly"]},{"damage_healed":0,"gold_gain":0,"player_choice":"Bought 0 Potions","damage_taken":0,"max_hp_gain":0,"max_hp_loss":0,"event_name":"The Woman in Blue","floor":38,"gold_loss":0}],"is_beta":false,"boss_relics":[{"not_picked":["Velvet Choker","Nuclear Battery"],"picked":"Coffee Dripper"},{"not_picked":["Astrolabe","Busted Crown"],"picked":"Cursed Key"}],"items_purged_floors":[39,41,53],"is_endless":false,"potions_floor_spawned":[1,5,12,13,18,19,20,31,33,35,40,45,48],"ascension_level":10}}