{"host":"htqwg582tjjtn9p7","time":1607861828,"event":{"mods":["2.2 Compatiblity","AchievementEnabler","Act Like it!","Aspiration","BaseMod","Better Third Choice","Colored Map","Conspire","Curses Come First","Displayed Cursed Tome","Energized Spire","Force Act Four","GifTheSpireLib","Hermit","Highlight Path","JesterMod","Mad Scientist","Minty Spire (QoL Compilation)","Pale of the Ancients","Permanent Neow","Random Character Button","Relic Stats","Replay The Spire","Robot Space Explorer","Somnambulant","Spicy Shops","Spikes Relics","StSLib","Stuff the Spire","The Blue Laboratory","The Disciple","The Dragon Tamer","The Forsaken","The Gatherer","The Judge","The Jungle","The Runesmith","The Servant 0.9.4"],"gold_per_floor":[113,127,141,155,155,190,202,228,252,267,267,283,283,318,318,421,421,436,452,465,465,465],"floor_reached":21,"playtime":3912,"items_purged":[],"score":328,"play_id":"80865183-7567-4af1-960c-b1e66e7ae9b8","local_time":"20201213131708","is_ascension_mode":true,"campfire_choices":[{"data":"theForsaken:BountifulSunlight","floor":11,"key":"SMITH"},{"data":"theForsaken:StoreUp","floor":13,"key":"SMITH"},{"floor":15,"key":"DIG"}],"circlet_count":0,"master_deck":["AscendersBane","theForsaken:TheForsaken_Strike","theForsaken:TheForsaken_Strike","theForsaken:TheForsaken_Strike","theForsaken:TheForsaken_Strike","theForsaken:TheForsaken_Defend","theForsaken:TheForsaken_Defend","theForsaken:TheForsaken_Defend","theForsaken:TheForsaken_Defend","theForsaken:Smite+1","theForsaken:Penitence","theForsaken:ShieldBash","Decay","theForsaken:Devotion","theForsaken:BountifulSunlight+1","theForsaken:StoreUp+1","theForsaken:WrathOfGod","theForsaken:StoreUp"],"relics":["theForsaken:JudgementScales","ReplayTheSpireMod:TigerMarble","Letter Opener","SnailShell","Torii","StuffTheSpire:HeavyRock","StuffTheSpire:ModemDavis"],"acts_visited":["Exordium","TheCity"],"potions_floor_usage":[6,8,14,18],"damage_taken":[{"damage":4,"enemies":"Jaw Worm","floor":1,"turns":5},{"damage":4,"enemies":"Cultist","floor":2,"turns":4},{"damage":3,"enemies":"conspire:RoseBush","floor":3,"turns":4},{"damage":12,"enemies":"3 Louse","floor":4,"turns":6},{"damage":29,"enemies":"3 Sentries","floor":6,"turns":16},{"damage":32,"enemies":"Exordium Thugs","floor":7,"turns":11},{"damage":39,"enemies":"Gremlin Nob","floor":8,"turns":6},{"damage":13,"enemies":"conspire:2 RoseBushes","floor":10,"turns":11},{"damage":28,"enemies":"Gremlin Gang","floor":12,"turns":9},{"damage":76,"enemies":"3 Sentries","floor":14,"turns":12},{"damage":104,"enemies":"Fading Forest","floor":16,"turns":11},{"damage":86,"enemies":"3 Byrds","floor":18,"turns":13},{"damage":72,"enemies":"Chosen","floor":19,"turns":10},{"damage":60,"enemies":"Snake Plant","floor":20,"turns":10},{"damage":106,"enemies":"3 Cultists","floor":21,"turns":7}],"seed_played":"-3382162745931323033","potions_obtained":[{"floor":4,"key":"SkillPotion"},{"floor":6,"key":"blueLaboratory:BottledHope"},{"floor":10,"key":"blueLaboratory:RecallPotion"},{"floor":12,"key":"FearPotion"},{"floor":16,"key":"blueLaboratory:BubblePotion"}],"is_trial":false,"path_per_floor":["M","M","M","M","?","E","M","E","T","M","R","M","R","E","R_BF","B",null,"M","M","M","M"],"character_chosen":"THE_FORSAKEN","items_purchased":[],"campfire_rested":0,"item_purchase_floors":[],"current_hp_per_floor":[65,61,62,65,65,60,51,26,26,34,34,65,65,65,65,56,63,65,53,65,0,0],"gold":465,"neow_bonus":"UPGRADE_CARD","is_daily":false,"chose_seed":false,"campfire_upgraded":2,"win_rate":0.0,"timestamp":1607861828,"path_taken":["M","M","M","M","?","E","M","E","T","M","R","M","R","E","R_BF","BOSS","M","M","?","M"],"items_purchased_type":[],"build_version":"2020-11-30","purchased_purges":0,"victory":false,"max_hp_per_floor":[65,65,65,65,65,65,65,65,65,65,65,65,65,65,65,65,65,65,65,65,65,65],"relic_stats":{"Torii":39,"counters":[15,135],"Letter Opener":[99],"obtain_stats":[{"StuffTheSpire:ModemDavis":17,"SnailShell":9,"Torii":14,"StuffTheSpire:HeavyRock":15,"ReplayTheSpireMod:TigerMarble":6,"Letter Opener":8,"theForsaken:JudgementScales":0},{"StuffTheSpire:ModemDavis":11,"SnailShell":7,"Torii":10,"StuffTheSpire:HeavyRock":10,"ReplayTheSpireMod:TigerMarble":5,"Letter Opener":7,"theForsaken:JudgementScales":0},{"StuffTheSpire:ModemDavis":95,"SnailShell":52,"Torii":84,"StuffTheSpire:HeavyRock":84,"ReplayTheSpireMod:TigerMarble":35,"Letter Opener":52,"theForsaken:JudgementScales":0}]},"card_choices":[{"not_picked":["theForsaken:ScorchingSunlight","theForsaken:Parry","theForsaken:HorrifyingStrike"],"picked":"SKIP","floor":1},{"not_picked":["theForsaken:CreepingInfection","theForsaken:WordsOfPestilence"],"picked":"theForsaken:ShieldBash","floor":2},{"not_picked":["theForsaken:PanicDive","theForsaken:RainingSunlight","theForsaken:CreepingInfection"],"picked":"SKIP","floor":3},{"not_picked":["theForsaken:SiphonStrike","theForsaken:CleansingLight","theForsaken:HymnOfRest"],"picked":"SKIP","floor":4},{"not_picked":["theForsaken:Preservation","theForsaken:Purification","theForsaken:HorrifyingStrike"],"picked":"SKIP","floor":6},{"not_picked":["theForsaken:Preservation","theForsaken:FuryStrikes"],"picked":"theForsaken:Devotion","floor":7},{"not_picked":["theForsaken:HymnOfRest","theForsaken:FuryStrikes","theForsaken:Eulogy"],"picked":"SKIP","floor":8},{"not_picked":["theForsaken:DivineGuidance","theForsaken:BlessedWeapon"],"picked":"theForsaken:BountifulSunlight","floor":10},{"not_picked":["theForsaken:BlightOfFamine","theForsaken:PanicDive"],"picked":"theForsaken:StoreUp","floor":12},{"not_picked":["theForsaken:WordsOfPestilence","theForsaken:ShieldCharge","theForsaken:CreepingInfection"],"picked":"SKIP","floor":14},{"not_picked":["theForsaken:Eulogy","theForsaken:Backlash"],"picked":"theForsaken:WrathOfGod","floor":18},{"not_picked":["theForsaken:SacrificeSoul","theForsaken:PanicDive"],"picked":"theForsaken:StoreUp","floor":19},{"not_picked":["theForsaken:ShieldCharge","theForsaken:CorruptedWord","theForsaken:FatRoll"],"picked":"SKIP","floor":20}],"player_experience":1667700,"relics_obtained":[{"floor":6,"key":"ReplayTheSpireMod:TigerMarble"},{"floor":8,"key":"Letter Opener"},{"floor":9,"key":"SnailShell"},{"floor":14,"key":"Torii"},{"floor":15,"key":"StuffTheSpire:HeavyRock"}],"event_choices":[{"damage_healed":0,"gold_gain":0,"player_choice":"Cursed","damage_taken":0,"max_hp_gain":0,"max_hp_loss":0,"event_name":"Wheel of Change","floor":5,"gold_loss":0,"cards_obtained":["Decay"]}],"is_beta":false,"boss_relics":[{"not_picked":["Ectoplasm","energizedSpire:HugeHouse"],"picked":"StuffTheSpire:ModemDavis"}],"items_purged_floors":[],"is_endless":false,"potions_floor_spawned":[4,6,10,12,16],"killed_by":"3 Cultists","ascension_level":12}}