{"host":"sv2o2io561l6x04h","time":1607897189,"event":{"mods":["BaseMod","Bestiary","Better Altar","Better Match","Better Note","Better Sensory Stone","Colored Map","Conspire","Custom Start","DeckTracker","Highlight Path","Hubris","Minty Spire (QoL Compilation)","Replay The Spire","Shop Mod","StSLib","The Hierophant","The Necromancer","The Runesmith"],"gold_per_floor":[115,40,40,51,1,27,41,41,67,67,67,67,86,98,98,201,201,218,118,118,137,157,157,82,92,92,24,38,0,0,10,10,115,115,126,1,1,17,0,34,34,49,49,69,69,34,34,34,34,34,34],"floor_reached":50,"playtime":3014,"items_purged":["Strike_W","Strike_W","Defend_W"],"score":495,"play_id":"ae6c221b-c828-459b-83d2-3c1a6f5c1689","local_time":"20201213170629","is_ascension_mode":false,"campfire_choices":[{"data":"Bone_Bullets","floor":8,"key":"SMITH"},{"data":"Bone_Bullets","floor":10,"key":"SMITH"},{"data":"Death_March_Dance","floor":12,"key":"SMITH"},{"data":"Consume_Illness","floor":15,"key":"SMITH"},{"data":"Bone_Armor","floor":23,"key":"SMITH"},{"data":"Summon_Undead_Army","floor":30,"key":"SMITH"},{"floor":32,"key":"REST"},{"floor":41,"key":"REST"},{"floor":45,"key":"REST"},{"floor":49,"key":"RECALL"}],"circlet_count":0,"master_deck":["Defend_W","Defend_W+1","Negative_Energy_Arrows","Bone_Wall","Death_March_Dance+1","Vampiric_Strike","Bone_Bullets+1","Bone_Bullets+1","Bone_Armor+1","Consume_Illness+1","CurseOfTheBell","Bone_Bullets+1","Finger_Of_Death+1","Summon_Undead_Army+1","Bone_Armory","Consume_Illness+1","Negative_Energy_Shield","Skeleton_Dragon","Bone_Spikes","Bone_Prison+1","Shackles_Of_Pain","Finger_Of_Death+1","Uncharnel","Whirlwind_of_Bones"],"relics":["Vampire_Amulet","NeowsBlessing","Darkstone Periapt","Calling Bell","Regal Pillow","Mercury Hourglass","Turnip","Pantograph","hubris:Stopwatch","Red Mask","ReplayTheSpireMod:Ninjato","Eternal Feather"],"acts_visited":["Exordium","TheCity","TheBeyond"],"potions_floor_usage":[16,16,21,21,28,38,40,42],"damage_taken":[{"damage":0,"enemies":"Cultist","floor":1,"turns":1},{"damage":0,"enemies":"Jaw Worm","floor":4,"turns":1},{"damage":0,"enemies":"3 Sentries","floor":6,"turns":2},{"damage":0,"enemies":"Small Slimes","floor":7,"turns":3},{"damage":0,"enemies":"Exordium Wildlife","floor":13,"turns":4},{"damage":9,"enemies":"2 Fungi Beasts","floor":14,"turns":4},{"damage":51,"enemies":"Fading Forest","floor":16,"turns":11},{"damage":11,"enemies":"Spheric Guardian","floor":18,"turns":6},{"damage":12,"enemies":"2 Thieves","floor":21,"turns":4},{"damage":22,"enemies":"3 Cultists","floor":22,"turns":6},{"damage":18,"enemies":"Shelled Parasite and Fungi","floor":25,"turns":7},{"damage":18,"enemies":"Sentry and Sphere","floor":28,"turns":6},{"damage":25,"enemies":"Centurion and Healer","floor":31,"turns":5},{"damage":66,"enemies":"Champ","floor":33,"turns":15},{"damage":30,"enemies":"3 Darklings","floor":35,"turns":7},{"damage":14,"enemies":"3 Shapes","floor":38,"turns":4},{"damage":30,"enemies":"R_Hoarder","floor":40,"turns":9},{"damage":22,"enemies":"Transient","floor":42,"turns":5},{"damage":56,"enemies":"Maw","floor":44,"turns":9},{"damage":98,"enemies":"Donu and Deca","floor":50,"turns":5}],"seed_played":"-1896777095554184070","potions_obtained":[{"floor":1,"key":"LiquidMemories"},{"floor":13,"key":"Languid Potion"},{"floor":14,"key":"DistilledChaos"},{"floor":18,"key":"EssenceOfSteel"},{"floor":22,"key":"Dexterity Potion"},{"floor":35,"key":"GamblersBrew"},{"floor":38,"key":"GamblersBrew"},{"floor":42,"key":"Fruit Juice"}],"is_trial":false,"path_per_floor":["M","$","?","M","?","E","M","R","T","R","?","R","M","M","R","B",null,"M","$","?","M","M","R","?","M","T","$","M","?","R","M","R","B",null,"M","$","?","M","?","E","R","M","T","M","R","$","?","$","R","B"],"character_chosen":"NECROMANCER","items_purchased":["Bone_Armory","Whirlwind_of_Bones"],"campfire_rested":3,"item_purchase_floors":[27,46],"current_hp_per_floor":[75,75,75,75,75,75,75,75,75,75,60,60,68,65,65,38,81,72,72,72,64,50,50,50,39,39,39,25,25,25,6,45,17,81,53,53,53,45,45,27,66,53,53,4,56,56,56,56,68,0,0],"gold":34,"neow_bonus":"THREE_ENEMY_KILL","is_daily":false,"chose_seed":false,"campfire_upgraded":6,"win_rate":0.0,"timestamp":1607897189,"path_taken":["M","$","?","M","?","E","M","R","T","R","?","R","?","M","R","BOSS","M","$","?","M","M","R","?","M","T","?","?","?","R","M","R","BOSS","M","$","?","?","?","E","R","M","T","M","R","$","?","$","R","BOSS"],"items_purchased_type":["Card","Card"],"build_version":"2020-11-30","purchased_purges":3,"victory":false,"max_hp_per_floor":[75,75,75,75,75,75,75,75,75,75,75,75,75,75,75,75,81,81,81,81,81,81,81,81,81,81,81,81,81,81,81,81,81,81,81,81,81,81,81,81,81,86,86,86,86,86,86,86,86,86,86],"card_choices":[{"not_picked":["Strike_from_Beyond","Negative_Energy_Shield"],"picked":"Death_March_Dance","floor":1},{"not_picked":["Death_March_Dance","Negative_Energy_Mist"],"picked":"Vampiric_Strike","floor":4},{"not_picked":["Acid_Javelin","Chill_Blood"],"picked":"Bone_Bullets","floor":6},{"not_picked":["Shade_Step","Summon_Undead"],"picked":"Bone_Bullets","floor":7},{"not_picked":["Epidemic","Bone_Shift"],"picked":"Bone_Armor","floor":13},{"not_picked":["Negative_Energy_Sphere","Acid_Javelin"],"picked":"Consume_Illness","floor":14},{"not_picked":["Shade_Step","Flesh_Made_Foul+1"],"picked":"Bone_Bullets+1","floor":18},{"not_picked":["Exploit","Blood_Curse"],"picked":"Finger_Of_Death+1","floor":21},{"not_picked":["Deaths_Shadow","Bone_Bullets","Blood_Curse+1"],"picked":"SKIP","floor":22},{"not_picked":["Whirlwind_of_Bones+1","Negative_Energy_Sphere+1"],"picked":"Summon_Undead_Army","floor":25},{"not_picked":["Flesh_Made_Foul+1","Cloudkill"],"picked":"Consume_Illness+1","floor":28},{"not_picked":["Bone_Shift+1","Spectral_Armor"],"picked":"Negative_Energy_Shield","floor":31},{"not_picked":["Grasp_Heart","Negative_Energy_Bomb"],"picked":"Skeleton_Dragon","floor":33},{"not_picked":["Finger_Of_Death+1","Bone_Bullets"],"picked":"Bone_Spikes","floor":35},{"not_picked":["Bone_Bullets+1","Finger_Of_Death"],"picked":"Bone_Prison+1","floor":38},{"not_picked":["Bone_Shift+1","Death_Coil"],"picked":"Shackles_Of_Pain","floor":40},{"not_picked":["Death_Knell","Negative_Energy_Mist"],"picked":"Finger_Of_Death+1","floor":42},{"not_picked":["Epidemic+1","Blood_Magic"],"picked":"Uncharnel","floor":44}],"player_experience":173945,"relics_obtained":[{"floor":6,"key":"Darkstone Periapt"},{"floor":17,"key":"Regal Pillow"},{"floor":17,"key":"Mercury Hourglass"},{"floor":17,"key":"Turnip"},{"floor":26,"key":"Pantograph"},{"floor":40,"key":"ReplayTheSpireMod:Ninjato"},{"floor":43,"key":"Eternal Feather"}],"event_choices":[{"damage_healed":0,"gold_gain":0,"player_choice":"Leave","damage_taken":0,"max_hp_gain":0,"max_hp_loss":0,"event_name":"conspire:Investor","floor":3,"gold_loss":0},{"cards_removed":["Strike_W"],"damage_healed":0,"gold_gain":0,"player_choice":"Card Removal","damage_taken":0,"max_hp_gain":0,"max_hp_loss":0,"event_name":"The Cleric","floor":5,"gold_loss":50},{"damage_healed":0,"gold_gain":0,"player_choice":"Entered Light","damage_taken":15,"max_hp_gain":0,"max_hp_loss":0,"event_name":"Shining Light","floor":11,"gold_loss":0,"cards_upgraded":["Defend_W","Defend_W"]},{"cards_removed":["Negative_Energy_Arrows"],"damage_healed":0,"gold_gain":0,"player_choice":"Give","damage_taken":0,"max_hp_gain":0,"max_hp_loss":0,"event_name":"betterNote:BetterNote","floor":20,"gold_loss":0,"cards_obtained":["None"]},{"cards_removed":["Strike_W"],"damage_healed":0,"gold_gain":0,"player_choice":"Gave Gold","damage_taken":0,"max_hp_gain":0,"max_hp_loss":0,"event_name":"Beggar","floor":24,"gold_loss":75},{"damage_healed":0,"gold_gain":0,"player_choice":"Paid Fearfully","damage_taken":0,"max_hp_gain":0,"max_hp_loss":0,"event_name":"Masked Bandits","floor":29,"gold_loss":38},{"damage_healed":0,"gold_gain":0,"player_choice":"Ignored","damage_taken":0,"max_hp_gain":0,"max_hp_loss":0,"event_name":"SecretPortal","floor":37,"gold_loss":0},{"damage_healed":0,"gold_gain":0,"player_choice":"Paid","damage_taken":0,"relics_obtained":["Red Mask"],"max_hp_gain":0,"max_hp_loss":0,"event_name":"Tomb of Lord Red Mask","floor":39,"gold_loss":17},{"cards_removed":["Defend_W"],"damage_healed":0,"gold_gain":0,"player_choice":"Removed Skill","damage_taken":0,"max_hp_gain":0,"max_hp_loss":0,"event_name":"Falling","floor":47,"gold_loss":0}],"is_beta":false,"boss_relics":[{"not_picked":["Cursed Key","SacredBark"],"picked":"Calling Bell"},{"not_picked":["Abe\u0027s Treasure","hubris:GrandSneckoEye"],"picked":"hubris:Stopwatch"}],"items_purged_floors":[2,19,36],"is_endless":false,"potions_floor_spawned":[1,13,14,18,22,35,38,42],"killed_by":"Donu and Deca","ascension_level":0}}