{"host":"zsm7bdfo51n66z45","time":1607900963,"event":{"mods":["BaseMod","Better Skull","Better Third Choice","Colored Powertips","Minty Spire (QoL Compilation)","MostiFishMod","Relic Stats","Retaliation","Spicy Shops","StSLib","Waifu the Spire"],"gold_per_floor":[109,125,139,239,259,259,284,284,334,334,348,365,385,385,385,489,489,504,537,551,570,586,617,632,557,557,557,587,601,424,424,424,524,524,544,544,544,766,766,792,111,111,111,111,122,122,136,147,147,147],"floor_reached":51,"playtime":1275,"items_purged":["Defend_R+1","Defend_R+1"],"score":969,"play_id":"3b73bb78-462d-406e-ac57-1d919852089e","local_time":"20201213170923","is_ascension_mode":false,"campfire_choices":[{"data":"Flex","floor":6.0,"key":"SMITH"},{"data":"Bash","floor":8.0,"key":"SMITH"},{"data":"Sweeping Beam","floor":10.0,"key":"SMITH"},{"data":"Blade Dance","floor":15.0,"key":"SMITH"},{"data":"Whirlwind","floor":27.0,"key":"SMITH"},{"data":"Cleave","floor":32.0,"key":"SMITH"},{"floor":42,"key":"RECALL"},{"data":"Dagger Throw","floor":44,"key":"SMITH"},{"data":"Cold Snap","floor":46,"key":"SMITH"},{"data":"MostiFishMod:IntelligentEquipment","floor":49,"key":"SMITH"}],"circlet_count":0,"master_deck":["Strike_R","Strike_R","Strike_R","Strike_R+1","Defend_R+1","Bash+1","Flex+1","Cold Snap+1","Sweeping Beam+1","Blade Dance+1","MostiFishMod:FrostNova+1","Core Surge+1","Dagger Throw+1","Cleave+1","Sword Boomerang+1","Rip and Tear+1","Conclude+1","Whirlwind+1","MostiFishMod:IntelligentEquipment+1","SashWhip+1"],"relics":["Burning Blood","DaveBox","Transparent","Question Card","PrismaticShard","Question Card","Potion Belt","ImportantClient","Red Mask","War Paint","Pocketwatch","Juzu Bracelet","Technique","HaiYi:Twilight","Bottled Lightning","Vajra","Whetstone","Cauldron","ClockworkSouvenir","Red Skull","White Beast Statue"],"acts_visited":["Exordium","TheCity","TheBeyond"],"potions_floor_usage":[50,50,50,50],"damage_taken":[{"damage":24.0,"enemies":"2 Louse","floor":1.0,"turns":4.0},{"damage":8.0,"enemies":"Cultist","floor":2.0,"turns":1.0},{"damage":8.0,"enemies":"Jaw Worm","floor":3.0,"turns":1.0},{"damage":8.0,"enemies":"Looter","floor":5.0,"turns":1.0},{"damage":16.0,"enemies":"Lagavulin","floor":7.0,"turns":2.0},{"damage":8.0,"enemies":"3 Louse","floor":11.0,"turns":1.0},{"damage":8.0,"enemies":"Blue Slaver","floor":12.0,"turns":1.0},{"damage":8.0,"enemies":"Looter","floor":13.0,"turns":1.0},{"damage":24.0,"enemies":"Slime Boss","floor":16.0,"turns":3.0},{"damage":24.0,"enemies":"2 Thieves","floor":18.0,"turns":2.0},{"damage":16.0,"enemies":"Masked Bandits","floor":19.0,"turns":2.0},{"damage":16.0,"enemies":"3 Byrds","floor":20.0,"turns":2.0},{"damage":26.0,"enemies":"Shelled Parasite and Fungi","floor":21.0,"turns":2.0},{"damage":8.0,"enemies":"Centurion and Healer","floor":22.0,"turns":1.0},{"damage":16.0,"enemies":"Book of Stabbing","floor":23.0,"turns":2.0},{"damage":8.0,"enemies":"Snake Plant","floor":24.0,"turns":1.0},{"damage":16.0,"enemies":"Gremlin Leader","floor":28.0,"turns":2.0},{"damage":28.0,"enemies":"Shelled Parasite and Fungi","floor":29.0,"turns":2.0},{"damage":48.0,"enemies":"Champ","floor":33.0,"turns":3.0},{"damage":21.0,"enemies":"Orb Walker","floor":35.0,"turns":2.0},{"damage":16,"enemies":"Reptomancer","floor":40,"turns":2},{"damage":20,"enemies":"3 Shapes","floor":45,"turns":1},{"damage":25,"enemies":"Sphere and 2 Shapes","floor":47,"turns":2},{"damage":8,"enemies":"3 Darklings","floor":48,"turns":1},{"damage":61,"enemies":"Time Eater","floor":50,"turns":3}],"seed_played":"6252730221196656568","potions_obtained":[{"floor":7.0,"key":"AttackPotion"},{"floor":11.0,"key":"Fire Potion"},{"floor":12.0,"key":"DuplicationPotion"},{"floor":19.0,"key":"EssenceOfSteel"},{"floor":20.0,"key":"Strength Potion"},{"floor":22.0,"key":"Ancient Potion"},{"floor":23.0,"key":"Energy Potion"},{"floor":40,"key":"BloodPotion"},{"floor":41,"key":"Energy Potion"},{"floor":41,"key":"Dexterity Potion"},{"floor":41,"key":"Swift Potion"},{"floor":45,"key":"Strength Potion"},{"floor":47,"key":"Strength Potion"}],"is_trial":false,"path_per_floor":["M","M","M","?","M","R","E","R","T","R","M","M","M","?","R","B",null,"M","?","M","M","M","E","M","?","T","R","E","M","$","?","R","B",null,"M","?","?","?","?","E","$","R","T","R","M","R","M","M","R","B",null],"character_chosen":"IRONCLAD","items_purchased":["Technique","Vajra","Whetstone","Cauldron","ClockworkSouvenir","Red Skull"],"campfire_rested":0,"item_purchase_floors":[30,41,41,41,41,41],"current_hp_per_floor":[88,88,88,88,88,88,88,88,88,88,88,88,88,70,70,88,88,88,88,88,88,88,88,88,88,88,88,88,88,88,88,88,88,88,88,84,84,84,84,84,84,84,84,84,84,84,84,84,84,84],"gold":147,"neow_bonus":"TEN_PERCENT_HP_BONUS","is_daily":false,"chose_seed":false,"campfire_upgraded":9,"win_rate":0.0,"timestamp":1607900963,"path_taken":["M","M","M","?","M","R","E","R","T","R","M","M","?","?","R","BOSS","M","?","M","M","M","E","M","?","T","R","E","M","?","?","R","BOSS","M","?","?","?","?","E","$","R","T","R","M","R","M","M","R","BOSS"],"items_purchased_type":["Relic","Relic","Relic","Relic","Relic","Relic"],"build_version":"2020-11-30","purchased_purges":2,"victory":true,"max_hp_per_floor":[88,88,88,88,88,88,88,88,88,88,88,88,88,88,88,88,88,88,88,88,88,88,88,88,88,88,88,88,88,88,88,88,88,88,88,84,84,84,84,84,84,84,84,84,84,84,84,84,84,84],"relic_stats":{"counters":[25,45],"Juzu Bracelet":0,"Whetstone":["Strike_R","SashWhip"],"War Paint":["MostiFishMod:FrostNova","Defend_R"],"Question Card":44,"obtain_stats":[{"Potion Belt":9,"DaveBox":0,"Vajra":41,"Juzu Bracelet":28,"Whetstone":41,"War Paint":23,"Question Card":1,"PrismaticShard":1,"Burning Blood":0,"White Beast Statue":43,"ClockworkSouvenir":41,"Cauldron":41,"Transparent":1,"HaiYi:Twilight":34,"Red Mask":19,"Technique":30,"Bottled Lightning":40,"Red Skull":41,"ImportantClient":16,"Pocketwatch":26},{"Potion Belt":5,"DaveBox":0,"Vajra":21,"Juzu Bracelet":17,"Whetstone":21,"War Paint":15,"Question Card":1,"PrismaticShard":1,"Burning Blood":0,"White Beast Statue":21,"ClockworkSouvenir":21,"Cauldron":21,"Transparent":1,"HaiYi:Twilight":19,"Red Mask":11,"Technique":18,"Bottled Lightning":21,"Red Skull":21,"ImportantClient":9,"Pocketwatch":16},{"Potion Belt":9,"DaveBox":0,"Vajra":38,"Juzu Bracelet":29,"Whetstone":38,"War Paint":26,"Question Card":4,"PrismaticShard":4,"Burning Blood":0,"White Beast Statue":38,"ClockworkSouvenir":38,"Cauldron":38,"Transparent":1,"HaiYi:Twilight":34,"Red Mask":19,"Technique":31,"Bottled Lightning":38,"Red Skull":38,"ImportantClient":15,"Pocketwatch":27}],"Burning Blood":150,"Pocketwatch":[3]},"card_choices":[{"not_picked":["DDmod:EasePowerCard","Hemokinesis"],"picked":"Flex","floor":1.0},{"not_picked":["Deadly Poison","Perfected Strike","JustLucky","ThirdEye"],"picked":"SKIP","floor":2.0},{"not_picked":["Sucker Punch","Barrage","LikeWater"],"picked":"Cold Snap","floor":3.0},{"not_picked":["Glacier","Warcry","MostiFishMod:Impulse"],"picked":"Sweeping Beam","floor":5.0},{"not_picked":["Barrage","Darkness","Sweeping Beam","Outmaneuver"],"picked":"SKIP","floor":7.0},{"not_picked":["DevaForm","Undo","Anger","Conserve Battery"],"picked":"Blade Dance","floor":11.0},{"not_picked":["Pommel Strike","Combust","Concentrate","Leg Sweep"],"picked":"MostiFishMod:FrostNova","floor":12.0},{"not_picked":["Bane","MostiFishMod:PerfectParry","MostiFishMod:MemoryFragments","Glacier","Dark Embrace"],"picked":"SKIP","floor":13.0},{"not_picked":["MostiFishMod:Culaccino","MostiFishMod:BrokenBlackCloak","MostiFishMod:ScryFuture","Wish"],"picked":"Core Surge","floor":16.0},{"not_picked":["Sunder+1","Rip and Tear+1","DeceiveReality","Perseverance"],"picked":"Dagger Throw","floor":18.0},{"not_picked":["FlurryOfBlows+1","Reinforced Body+1","DDmod:CallousedSkill","Sweeping Beam"],"picked":"Cleave","floor":19.0},{"not_picked":["Perfected Strike+1","Shockwave+1","Halt","Outmaneuver"],"picked":"Sword Boomerang","floor":20.0},{"not_picked":["Crippling Poison","MostiFishMod:Pointsdynamics","Gash+1","Halt+1"],"picked":"Rip and Tear+1","floor":21.0},{"not_picked":["Infernal Blade+1","Spot Weakness+1","Fasting2","Hologram","Deadly Poison"],"picked":"SKIP","floor":22.0},{"not_picked":["Warcry","Flying Knee","Recycle","Slice"],"picked":"Conclude+1","floor":23.0},{"not_picked":["Tactician","Sword Boomerang+1","Demon Form","Pummel"],"picked":"Whirlwind","floor":24.0},{"not_picked":["Study","Meditate","Static Discharge","Wireheading+1","DDmod:CallousedSkill"],"picked":"SKIP","floor":28.0},{"not_picked":["DeceiveReality","MostiFishMod:Clarity+1","Chill","Barrage","Poisoned Stab"],"picked":"SKIP","floor":29.0},{"not_picked":["MostiFishMod:Zero-Sum","Reboot","Impervious","Brilliance"],"picked":"MostiFishMod:IntelligentEquipment","floor":33.0},{"not_picked":["MostiFishMod:InvigoratingSolution+1","Armaments+1","Worship+1","Coolheaded","FlyingSleeves"],"picked":"SKIP","floor":35.0},{"not_picked":["Double Energy","Panacea+1","MostiFishMod:ButterFly+1","Cold Snap"],"picked":"SashWhip","floor":40},{"not_picked":["MostiFishMod:PerfectParry+1","Redo","EmptyFist+1","Terror","Coolheaded+1"],"picked":"SKIP","floor":45},{"not_picked":["Deadly Poison+1","DDmod:UnstoppableAttack","EmptyBody+1","Jack Of All Trades+1","Outmaneuver+1"],"picked":"SKIP","floor":47},{"not_picked":["ForeignInfluence","MostiFishMod:Moonprays","Lockon","Sucker Punch","EmptyFist"],"picked":"SKIP","floor":48}],"player_experience":129836,"relics_obtained":[{"floor":1.0,"key":"Question Card"},{"floor":1.0,"key":"PrismaticShard"},{"floor":7.0,"key":"Question Card"},{"floor":9.0,"key":"Potion Belt"},{"floor":16.0,"key":"ImportantClient"},{"floor":19.0,"key":"Red Mask"},{"floor":23.0,"key":"War Paint"},{"floor":26.0,"key":"Pocketwatch"},{"floor":28.0,"key":"Juzu Bracelet"},{"floor":40,"key":"Bottled Lightning"},{"floor":43,"key":"White Beast Statue"}],"event_choices":[{"damage_healed":0.0,"max_hp_gain":0.0,"max_hp_loss":0.0,"gold_gain":100.0,"event_name":"Golden Shrine","player_choice":"Pray","floor":4.0,"gold_loss":0.0,"damage_taken":0.0},{"damage_healed":88.0,"max_hp_gain":0.0,"max_hp_loss":88.0,"gold_gain":0.0,"event_name":"betterThird:BetterShining","player_choice":"Upgrade","floor":14.0,"gold_loss":0.0,"damage_taken":18.0,"cards_upgraded":["Defend_R","Defend_R"]},{"damage_healed":0.0,"max_hp_gain":0.0,"max_hp_loss":0.0,"gold_gain":0.0,"event_name":"Masked Bandits","player_choice":"Fought Bandits","floor":19.0,"gold_loss":0.0,"damage_taken":0.0},{"cards_removed":["Defend_R"],"damage_healed":0.0,"max_hp_gain":0.0,"max_hp_loss":0.0,"gold_gain":0.0,"event_name":"Beggar","player_choice":"Gave Gold","floor":25.0,"gold_loss":75.0,"damage_taken":0.0},{"damage_healed":0.0,"max_hp_gain":0.0,"max_hp_loss":0.0,"gold_gain":0.0,"event_name":"Vampires","player_choice":"Ignored","floor":31.0,"gold_loss":0.0,"damage_taken":0.0},{"damage_healed":0.0,"max_hp_gain":0.0,"max_hp_loss":4.0,"gold_gain":0.0,"event_name":"Winding Halls","player_choice":"Max HP","floor":36.0,"gold_loss":0.0,"damage_taken":0.0},{"cards_removed":["Strike_R"],"damage_healed":0.0,"max_hp_gain":0.0,"max_hp_loss":0.0,"gold_gain":0.0,"event_name":"Falling","player_choice":"Removed Attack","floor":37.0,"gold_loss":0.0,"damage_taken":0.0},{"damage_healed":0.0,"max_hp_gain":0.0,"max_hp_loss":0.0,"gold_gain":222.0,"event_name":"Tomb of Lord Red Mask","player_choice":"Wore Mask","floor":38.0,"gold_loss":0.0,"damage_taken":0.0},{"damage_healed":0,"gold_gain":0,"player_choice":"Ignored","damage_taken":0,"max_hp_gain":0,"max_hp_loss":0,"event_name":"betterThird:BetterPortal","floor":39,"gold_loss":0}],"is_beta":false,"boss_relics":[{"not_picked":["Empty Cage","NightmareShop","Ectoplasm"]},{"not_picked":["Philosopher\u0027s Stone","EE1DDrone"],"picked":"HaiYi:Twilight"}],"items_purged_floors":[30,41],"is_endless":false,"potions_floor_spawned":[7,11,12,19,20,22,23,40,45,47,48],"ascension_level":0}}