{"host":"oi1nj6gqzrtwlr6p","time":1607835993,"event":{"mods":["2.2 Compatiblity","BaseMod","Better Match","Better Note","Block Reminder","Colored Powertips","DeckTracker","Downfall","Energized Spire","Koishi","Marisa????????","Minty Spire (QoL Compilation)","Rare Cards Sparkle","Reimu??????","StSLib","Td1madao Mod","The Administrix","The Senshi","The Servant 0.9.4","The Vixen","The Wild Card"],"gold_per_floor":[110,129,143,143,162,178,178,628,553,572,572,35,35,48,48,150,150,170,186,186,203,218,218,299,310,310,310],"floor_reached":26,"playtime":2340,"items_purged":[],"score":229,"play_id":"3bdcb863-1292-4787-b24e-403de0700920","local_time":"20201212230633","is_ascension_mode":false,"campfire_choices":[{"floor":9,"key":"RECALL"},{"data":"Guardian:CurlUp","floor":13,"key":"SMITH"},{"data":"Guardian:DecasProtection","floor":15,"key":"SMITH"}],"circlet_count":0,"master_deck":["Guardian:CurlUp+1","Guardian:TwinSlam","Guardian:DecasProtection+1","Guardian:ShieldCharger","Guardian:Reroute","Slimebound:Icky","Slimebound:Icky","Slimebound:Icky","Guardian:PiercingHide","Guardian:Suspension","Guardian:VentSteam","Guardian:PolyBeam","Guardian:StasisStrike","Guardian:Gem_Fragmented","Guardian:GemFinder","Guardian:StasisStrike","Guardian:RevengeProtocol","Guardian:PiercingHide","Guardian:DonusPower","Guardian:RefractedBeam","Guardian:Gem_Lightblue","Guardian:TemporalStrike+1","Guardian:Gem_Red","Guardian:Recover","Guardian:TemporalShield","Guardian:Gem_Cyan","Guardian:FloatingOrbs","Guardian:SentryBeam"],"relics":["Guardian:ModeShifter","downfall:HeartBlessingBlue","FossilizedHelix","OrangePellets","Pandora\u0027s Box","Letter Opener"],"acts_visited":["Exordium","TheCity"],"potions_floor_usage":[12,16,16,22],"damage_taken":[{"damage":0,"enemies":"Cultist","floor":1,"turns":4},{"damage":1,"enemies":"Small Slimes","floor":2,"turns":4},{"damage":0,"enemies":"2 Louse","floor":3,"turns":2},{"damage":11,"enemies":"Exordium Wildlife","floor":5,"turns":6},{"damage":3,"enemies":"Large Slime","floor":6,"turns":10},{"damage":13,"enemies":"Blue Slaver","floor":10,"turns":5},{"damage":10,"enemies":"downfall:FleeingMerchant","floor":12,"turns":4},{"damage":16,"enemies":"Exordium Wildlife","floor":14,"turns":6},{"damage":19,"enemies":"downfall:Watcher","floor":16,"turns":9},{"damage":22,"enemies":"Shell Parasite","floor":18,"turns":5},{"damage":34,"enemies":"3 Cultists","floor":19,"turns":5},{"damage":15,"enemies":"Chosen and Byrds","floor":21,"turns":5},{"damage":19,"enemies":"Cultist and Chosen","floor":22,"turns":7},{"damage":0,"enemies":"Snecko","floor":25,"turns":5},{"damage":9,"enemies":"Snake Plant","floor":26,"turns":2}],"seed_played":"-6926030599020044459","potions_obtained":[{"floor":1,"key":"Regen Potion"},{"floor":2,"key":"PowerPotion"},{"floor":5,"key":"MagicPotion:ReiMu"},{"floor":21,"key":"ColorlessPotion"},{"floor":22,"key":"Dexterity Potion"},{"floor":25,"key":"sneckomod:MuddlingPotion"}],"is_trial":false,"path_per_floor":["M","M","M","?","M","M","T","?","R","M","?","$","R","M","R","B",null,"M","M","?","M","M","?","T","M","M"],"character_chosen":"GUARDIAN","items_purchased":["FossilizedHelix","OrangePellets","Guardian:VentSteam","Guardian:Gem_Red"],"campfire_rested":0,"item_purchase_floors":[12,12,12,12],"current_hp_per_floor":[88,87,87,87,76,73,73,73,83,70,70,60,60,44,44,40,98,76,42,42,27,8,8,8,8,0,0],"gold":310,"neow_bonus":"TEN_PERCENT_HP_BONUS","is_daily":false,"chose_seed":false,"campfire_upgraded":2,"win_rate":0.0,"timestamp":1607835993,"path_taken":["M","M","M","?","M","M","T","?","R","M","?","$","R","M","R","BOSS","M","M","?","M","?","?","T","M","M"],"items_purchased_type":["Relic","Relic","Card","Card"],"build_version":"2020-11-30","purchased_purges":0,"victory":false,"max_hp_per_floor":[88,88,88,88,88,88,88,88,98,98,98,98,98,98,98,98,98,98,98,98,98,98,98,98,98,98,98],"card_choices":[{"not_picked":["Guardian:Gem_Purple","Guardian:ArmoredProtocol"],"picked":"Guardian:Gem_Green","floor":1},{"not_picked":["Guardian:ShieldSpikes","Guardian:PrimingBeam"],"picked":"Guardian:Gem_Red","floor":2},{"not_picked":["Guardian:AncientConstruct","Guardian:Gem_Green"],"picked":"Guardian:DecasProtection","floor":3},{"not_picked":["Guardian:Orbwalk","Guardian:Gem_Crimson"],"picked":"Guardian:ShieldCharger","floor":5},{"not_picked":["Guardian:Gem_Cyan","Guardian:RollAttack"],"picked":"Guardian:Reroute","floor":6},{"not_picked":["Guardian:GemFire","Guardian:ArmoredProtocol"],"picked":"Guardian:PiercingHide","floor":10},{"not_picked":["Guardian:Gem_Fragmented","Guardian:Gem_Blue"],"picked":"Guardian:Suspension","floor":12},{"not_picked":["Guardian:PiercingHide","Guardian:TimeCapacitor"],"picked":"Guardian:PolyBeam","floor":14},{"not_picked":["Guardian:BaubleBeam","Guardian:AncientConstruct"],"picked":"Guardian:StasisStrike","floor":16},{"not_picked":["Guardian:Gem_Green","Guardian:Gem_Red"],"picked":"Guardian:Gem_Lightblue","floor":18},{"not_picked":["Guardian:Gem_Cyan","Guardian:VentSteam"],"picked":"Guardian:TemporalStrike+1","floor":18},{"not_picked":["Guardian:Gem_Green","Guardian:Gem_Lightblue"],"picked":"Guardian:Gem_Red","floor":19},{"not_picked":["Guardian:CrystalBeam+1","Guardian:Recover","Guardian:DonusPower"],"picked":"SKIP","floor":19},{"not_picked":["Guardian:CrystalBeam+1","Guardian:DonusPower"],"picked":"Guardian:Recover","floor":19},{"not_picked":["Guardian:ChargeCore","Guardian:PiercingHide+1"],"picked":"Guardian:TemporalShield","floor":21},{"not_picked":["Guardian:Gem_Green","Guardian:Gem_Lightblue"],"picked":"Guardian:Gem_Cyan","floor":22},{"not_picked":["Guardian:Gem_Red","Guardian:Gem_Cyan"],"picked":"Guardian:FloatingOrbs","floor":22},{"not_picked":["Guardian:Suspension+1","Guardian:DecasProtection"],"picked":"Guardian:SentryBeam","floor":25}],"player_experience":332100,"relics_obtained":[{"floor":24,"key":"Letter Opener"}],"event_choices":[{"damage_healed":0,"gold_gain":0,"player_choice":"Got Potions","damage_taken":0,"max_hp_gain":0,"max_hp_loss":0,"event_name":"Lab","floor":11,"gold_loss":0},{"damage_healed":0,"gold_gain":0,"player_choice":"Ignored","damage_taken":0,"max_hp_gain":0,"max_hp_loss":0,"event_name":"betterNote:BetterNote","floor":20,"gold_loss":0,"cards_obtained":["SpringWay:ReiMu"]}],"is_beta":false,"boss_relics":[{"not_picked":["Runic Pyramid","Empty Cage"],"picked":"Pandora\u0027s Box"}],"items_purged_floors":[],"is_endless":false,"potions_floor_spawned":[1,2,5,10,21,22,25],"killed_by":"Snake Plant","ascension_level":0}}