{"host":"bf1tnxyvjw6wp3cl","time":1607831596,"event":{"mods":["AchievementEnabler","BaseMod","Block Reminder","Colored Powertips","Minty Spire (QoL Compilation)","Quick Restart","Relic Stats","StSLib","SuperFastMode"],"gold_per_floor":[112,17,33,33,46,58,58,133,133,133,153,153,194,208,208,332,332,357,377,390,189,207,207,228,228,228,246,246,246,85,0,0,0,0],"floor_reached":33,"playtime":1245,"items_purged":["Injury"],"score":274,"play_id":"f8564206-cc6d-4dd4-98dd-ef2193b2c7a4","local_time":"20201212225316","is_ascension_mode":false,"campfire_choices":[{"data":"PathToVictory","floor":7,"key":"SMITH"},{"floor":15,"key":"REST"},{"floor":23,"key":"REST"},{"floor":25,"key":"REST"},{"data":"ClearTheMind","floor":28,"key":"SMITH"},{"floor":32,"key":"DIG"}],"circlet_count":0,"master_deck":["Strike_P","Strike_P+1","Strike_P","Strike_P","Defend_P","Defend_P","Defend_P","Defend_P","Eruption","Vigilance","FearNoEvil","Adaptation","ClearTheMind","EmptyBody","PathToVictory+1","SandsOfTime","Pray","EmptyFist+1","Indignation","Wireheading","FlurryOfBlows","DevaForm","LikeWater","Halt","PathToVictory","FlurryOfBlows","DevaForm","MentalFortress","EmptyBody+1","Prostrate+1","WaveOfTheHand","ClearTheMind+1","CrushJoints+1","MentalFortress","ClearTheMind"],"relics":["PureWater","Regal Pillow","White Beast Statue","Bloody Idol","Mummified Hand","Runic Pyramid","Orrery","Bird Faced Urn","Shovel","Whetstone"],"acts_visited":["Exordium","TheCity"],"potions_floor_usage":[6,13,16,16,24,33,33],"damage_taken":[{"damage":7,"enemies":"Small Slimes","floor":1,"turns":4},{"damage":1,"enemies":"Cultist","floor":3,"turns":3},{"damage":3,"enemies":"Jaw Worm","floor":5,"turns":3},{"damage":0,"enemies":"Large Slime","floor":6,"turns":3},{"damage":8,"enemies":"Red Slaver","floor":11,"turns":4},{"damage":5,"enemies":"Gremlin Nob","floor":13,"turns":3},{"damage":14,"enemies":"Blue Slaver","floor":14,"turns":4},{"damage":48,"enemies":"Hexaghost","floor":16,"turns":8},{"damage":25,"enemies":"Shell Parasite","floor":18,"turns":4},{"damage":12,"enemies":"Spheric Guardian","floor":19,"turns":4},{"damage":23,"enemies":"Snecko","floor":20,"turns":5},{"damage":8,"enemies":"3 Cultists","floor":22,"turns":6},{"damage":23,"enemies":"Snake Plant","floor":24,"turns":3},{"damage":21,"enemies":"Centurion and Healer","floor":27,"turns":6},{"damage":77,"enemies":"Automaton","floor":33,"turns":6}],"seed_played":"3231034816321466864","potions_obtained":[{"floor":1,"key":"Block Potion"},{"floor":3,"key":"Fire Potion"},{"floor":11,"key":"Energy Potion"},{"floor":13,"key":"Energy Potion"},{"floor":14,"key":"SneckoOil"},{"floor":16,"key":"Explosive Potion"},{"floor":18,"key":"LiquidMemories"},{"floor":19,"key":"Energy Potion"},{"floor":24,"key":"FearPotion"}],"is_trial":false,"path_per_floor":["M","$","M","?","M","M","R","?","T","?","M","?","E","M","R","B",null,"M","M","M","$","M","R","M","R","T","M","R","?","$","?","R","B"],"character_chosen":"WATCHER","items_purchased":["Adaptation","ClearTheMind","PathToVictory","Orrery","MentalFortress","ClearTheMind"],"campfire_rested":3,"item_purchase_floors":[2,2,21,21,30,30],"current_hp_per_floor":[72,72,71,71,68,68,68,57,57,57,49,49,44,30,68,20,79,54,42,19,19,11,49,26,64,64,53,53,53,53,53,53,0,0],"gold":0,"neow_bonus":"TEN_PERCENT_HP_BONUS","is_daily":false,"chose_seed":false,"campfire_upgraded":2,"win_rate":0.0,"timestamp":1607831596,"path_taken":["M","$","M","?","?","M","R","?","T","?","?","?","E","M","R","BOSS","M","M","M","$","M","R","M","R","T","M","R","?","$","?","R","BOSS"],"items_purchased_type":["Card","Card","Card","Relic","Card","Card"],"build_version":"2020-11-30","purchased_purges":1,"victory":false,"max_hp_per_floor":[79,79,79,79,79,79,79,79,79,79,79,79,79,79,79,79,79,79,79,79,79,79,79,79,79,79,79,79,79,79,79,79,79,79],"relic_stats":{"Regal Pillow":45,"Shovel":1,"counters":[15,66],"Mummified Hand":[40],"Bloody Idol":0,"Bird Faced Urn":[24],"Whetstone":["Strike_P","EmptyFist"],"obtain_stats":[{"Regal Pillow":9,"Shovel":31,"Golden Idol":12,"Mummified Hand":13,"Bird Faced Urn":26,"Bloody Idol":29,"Orrery":21,"Whetstone":32,"PureWater":0,"White Beast Statue":10,"Runic Pyramid":17},{"Regal Pillow":4,"Shovel":14,"Golden Idol":5,"Mummified Hand":6,"Bird Faced Urn":13,"Bloody Idol":14,"Orrery":11,"Whetstone":14,"PureWater":0,"White Beast Statue":4,"Runic Pyramid":8},{"Regal Pillow":13,"Shovel":60,"Golden Idol":17,"Mummified Hand":20,"Bird Faced Urn":54,"Bloody Idol":60,"Orrery":45,"Whetstone":60,"PureWater":0,"White Beast Statue":13,"Runic Pyramid":32}]},"card_choices":[{"not_picked":["WaveOfTheHand","BowlingBash"],"picked":"FearNoEvil","floor":1},{"not_picked":["Conclude","Meditate"],"picked":"EmptyBody","floor":3},{"not_picked":["Wallop","BattleHymn"],"picked":"Pray","floor":5},{"not_picked":["ReachHeaven","FollowUp"],"picked":"EmptyFist","floor":6},{"not_picked":["Halt","Scrawl"],"picked":"Indignation","floor":11},{"not_picked":["ConjureBlade","CutThroughFate"],"picked":"Wireheading","floor":13},{"not_picked":["CrushJoints","FollowUp"],"picked":"FlurryOfBlows","floor":14},{"not_picked":["SpiritShield","Judgement"],"picked":"DevaForm","floor":16},{"not_picked":["Wallop","CutThroughFate","Evaluate+1"],"picked":"SKIP","floor":18},{"not_picked":["EmptyBody","ThirdEye"],"picked":"LikeWater","floor":19},{"not_picked":["Study","Indignation"],"picked":"Halt","floor":20},{"not_picked":["Evaluate","CutThroughFate"],"picked":"FlurryOfBlows","floor":21},{"not_picked":["JustLucky+1","BattleHymn"],"picked":"DevaForm","floor":21},{"not_picked":["PathToVictory","FlyingSleeves"],"picked":"MentalFortress","floor":21},{"not_picked":["FlyingSleeves+1","JustLucky+1"],"picked":"EmptyBody+1","floor":21},{"not_picked":["Crescendo","DeusExMachina"],"picked":"Prostrate+1","floor":21},{"not_picked":["Evaluate","EmptyBody+1"],"picked":"WaveOfTheHand","floor":22},{"not_picked":["Halt","WreathOfFlame"],"picked":"ClearTheMind","floor":24},{"not_picked":["CarveReality+1","Evaluate+1"],"picked":"CrushJoints+1","floor":27}],"player_experience":149522,"relics_obtained":[{"floor":9,"key":"Regal Pillow"},{"floor":13,"key":"Mummified Hand"},{"floor":26,"key":"Bird Faced Urn"},{"floor":32,"key":"Whetstone"}],"event_choices":[{"damage_healed":0,"gold_gain":0,"player_choice":"2 cards matched","damage_taken":0,"max_hp_gain":0,"max_hp_loss":0,"event_name":"Match and Keep!","floor":4,"gold_loss":0,"cards_obtained":["PathToVictory","SandsOfTime"]},{"damage_healed":0,"gold_gain":75,"player_choice":"Gather Gold","damage_taken":11,"max_hp_gain":0,"max_hp_loss":0,"event_name":"World of Goop","floor":8,"gold_loss":0},{"damage_healed":0,"gold_gain":0,"player_choice":"Gave Potion","damage_taken":0,"relics_obtained":["White Beast Statue"],"max_hp_gain":0,"max_hp_loss":0,"event_name":"WeMeetAgain","floor":10,"gold_loss":0},{"damage_healed":0,"gold_gain":0,"player_choice":"Take Wound","damage_taken":0,"relics_obtained":["Golden Idol"],"max_hp_gain":0,"max_hp_loss":0,"event_name":"Golden Idol","floor":12,"gold_loss":0,"cards_obtained":["Injury"]},{"damage_healed":0,"gold_gain":0,"player_choice":"Gave Idol","damage_taken":0,"relics_obtained":["Bloody Idol"],"max_hp_gain":0,"max_hp_loss":0,"event_name":"Forgotten Altar","floor":29,"relics_lost":["Golden Idol"],"gold_loss":0},{"damage_healed":0,"gold_gain":0,"player_choice":"Obtained Relic","damage_taken":0,"relics_obtained":["Shovel"],"max_hp_gain":0,"max_hp_loss":0,"event_name":"Addict","floor":31,"gold_loss":85}],"is_beta":false,"boss_relics":[{"not_picked":["Ectoplasm","Empty Cage"],"picked":"Runic Pyramid"}],"items_purged_floors":[30],"is_endless":false,"potions_floor_spawned":[1,3,11,13,14,16,18,19,20,22,24,27],"killed_by":"Automaton","ascension_level":0}}