{"host":"k6qwgpygxbgz06bg","time":1607897549,"event":{"mods":["BaseMod","Beaked The Cultist","Better Third Choice","BetterRewards","Clockwork Mod","Colored Map","Downfall","Friendly Minions","Infinite Spire","Marisa????????","Minty Spire (QoL Compilation)","Replay The Spire","StSLib","The Administrix","The Bug Knight","The Cursed","The Gatherer","The Mystic","The Witch"],"gold_per_floor":[99,99,99,99,128,35,60,60,60,87,104,89,89,100,119,220,220,145,145,158,175,202,216,216,232,232,261,273,284,284,302,312,407,407,407,407,407,407,440,440,494,494,512,512,542,562,562,562,573,673,685,704,804,804,804,838,838,852,872,872,897,822,822,855,872,872,872],"floor_reached":66,"playtime":5080,"items_purged":[],"score":1033,"play_id":"f178a4b3-0e52-4d27-8bbe-7cf341be72f1","local_time":"20201213231229","is_ascension_mode":false,"campfire_choices":[{"data":"champ:Strike","floor":1.0,"key":"PURGE"},{"data":"champ:IronFortress","floor":9.0,"key":"SMITH"},{"data":"infinitespire:Collect","floor":18.0,"key":"SMITH"},{"data":"Rainbow","floor":26.0,"key":"SMITH"},{"data":"ReplayTheSpireMod:Book of Names","floor":38,"key":"SMITH"},{"data":"Replay:Fractal Strike","floor":47,"key":"SMITH"},{"data":"Darkness","floor":55,"key":"SMITH"},{"data":"champ:StrikeOfGenius","floor":57,"key":"SMITH"},{"data":"ReplayTheSpireMod:Chaos Vortex","floor":60,"key":"SMITH"},{"data":"champ:IronFortress","floor":62,"key":"SMITH"}],"circlet_count":0,"master_deck":["champ:Strike","champ:Strike","champ:Defend","champ:Defend","champ:Defend","champ:Execute","champ:Taunt","champ:DefensiveShout","champ:IronFortress+1","champ:ViciousMockery","Machine Learning","champ:IronFortress+1","champ:ShieldWall","Darkness+1","champ:CrookedStrike","champ:GladiatorStyle","Rainbow+1","infinitespire:Collect+1","champ:Circumvent","champ:CalledShot","champ:FalseCounter","ReplayTheSpireMod:Chaos Vortex+1","champ:Lariat","champ:CalledShot","champ:Haymaker","infinitespire:SealOfDarkness+","ReplayTheSpireMod:Book of Names+1","champ:StrikeOfGenius+1","champ:VampiricStrike","champ:TornadoPunch+1","Replay:Fractal Strike+1","Parasite","champ:LastStand+1","champ:DancingMaster+1","champ:DefensiveStyle","champ:RapidStrikes","infinitespire:UltimateForm","champ:BringItOn"],"relics":["m_SpellCore","downfall:HeartsMalice","infinitespire:Cubic Diamond","Matryoshka","StrikeDummy","PreservedInsect","Ancient Tea Set","Replay:Grab Bag","beaked:SacredNecklace","Coffee Dripper","Ring of Chaos","beaked:SacredDeck","downfall:HeartBlessingGreen","infinitespire:ShieldingShard","champ:DefensiveTrainingManual","Blue Doll","Pet Ghost","champ:ChampionCrownUpgraded","Sling","Busted Crown","Golden Egg","Ginger","Ice Cream","Toy Ornithopter","ChewingGum","Vajra","downfall:HeartBlessingBlue"],"acts_visited":["Exordium","TheCity","TheBeyond","Exordium"],"potions_floor_usage":[],"damage_taken":[{"damage":0.0,"enemies":"2 Louse","floor":3.0,"turns":1.0},{"damage":0.0,"enemies":"Jaw Worm","floor":4.0,"turns":1.0},{"damage":0.0,"enemies":"Lagavulin","floor":5.0,"turns":1.0},{"damage":10.0,"enemies":"downfall:FleeingMerchant","floor":6.0,"turns":4.0},{"damage":43.0,"enemies":"3 Sentries","floor":10.0,"turns":6.0},{"damage":3.0,"enemies":"Small Slimes","floor":11.0,"turns":5.0},{"damage":18.0,"enemies":"downfall:FleeingMerchant","floor":12.0,"turns":4.0},{"damage":21.0,"enemies":"Blue Slaver","floor":14.0,"turns":4.0},{"damage":18.0,"enemies":"Gremlin Gang","floor":15.0,"turns":5.0},{"damage":20.0,"enemies":"downfall:Watcher","floor":16.0,"turns":10.0},{"damage":10.0,"enemies":"Chosen","floor":20.0,"turns":4.0},{"damage":27.0,"enemies":"3 Byrds","floor":21.0,"turns":6.0},{"damage":47.0,"enemies":"Gremlin Leader","floor":22.0,"turns":9.0},{"damage":20.0,"enemies":"Snake Plant","floor":23.0,"turns":4.0},{"damage":12.0,"enemies":"Centurion and Healer","floor":25.0,"turns":5.0},{"damage":1.0,"enemies":"Nightmare","floor":27.0,"turns":5.0},{"damage":15.0,"enemies":"Snecko","floor":28.0,"turns":5.0},{"damage":0.0,"enemies":"Shelled Parasite and Fungi","floor":29.0,"turns":3.0},{"damage":6.0,"enemies":"Snake Plant","floor":31.0,"turns":3.0},{"damage":8.0,"enemies":"Cultist and Chosen","floor":32.0,"turns":6.0},{"damage":17.0,"enemies":"downfall:Silent","floor":33.0,"turns":6.0},{"damage":11,"enemies":"Nemesis","floor":39,"turns":5},{"damage":21,"enemies":"2 Orb Walkers","floor":41,"turns":5},{"damage":41,"enemies":"3 Darklings","floor":43,"turns":6},{"damage":7,"enemies":"Nightmare","floor":45,"turns":6},{"damage":4,"enemies":"Orb Walker","floor":46,"turns":3},{"damage":16,"enemies":"Transient","floor":49,"turns":5},{"damage":0,"enemies":"downfall:LadyInBlue","floor":50,"turns":4},{"damage":15,"enemies":"Writhing Mass","floor":51,"turns":5},{"damage":6,"enemies":"Sphere and 2 Shapes","floor":52,"turns":3},{"damage":46,"enemies":"downfall:Defect","floor":53,"turns":7},{"damage":0,"enemies":"Gremlin Nob","floor":56,"turns":3},{"damage":3,"enemies":"2 Louse","floor":58,"turns":2},{"damage":26,"enemies":"Jaw Worm","floor":59,"turns":3},{"damage":63,"enemies":"Nightmare","floor":64,"turns":6},{"damage":6,"enemies":"Small Slimes","floor":65,"turns":2},{"damage":147,"enemies":"3 Louse","floor":66,"turns":6}],"seed_played":"109108434751898240","potions_obtained":[{"floor":5.0,"key":"ColorlessPotion"},{"floor":10.0,"key":"Strength Potion"},{"floor":11.0,"key":"Milkshake"},{"floor":15.0,"key":"champ:CounterPotion"},{"floor":16.0,"key":"sneckomod:MuddlingPotion"},{"floor":21.0,"key":"Regen Potion"},{"floor":23.0,"key":"EntropicBrew"},{"floor":28.0,"key":"SneckoOil"},{"floor":33.0,"key":"champ:CounterPotion"},{"floor":50,"key":"champ:CounterPotion"},{"floor":50,"key":"FairyPotion"},{"floor":51,"key":"PowerPotion"}],"is_trial":false,"path_per_floor":["R_BF","?","M","M","E","$","T","?","R","E","M","$","?","M","M","B",null,"R","?","M","M","E","M","T","M","R","NM","M","M","AVR","M","M","B",null,"R_BF","PTL","R_BF","R","E","?","?","?","M","T","NM","M","R","?","M","?","M","M","B",null,"R","E","R","M","M","R","T","R","?","NM","M","M"],"character_chosen":"THE_CHAMP","items_purchased":["champ:IronFortress"],"campfire_rested":0,"item_purchase_floors":[6],"current_hp_per_floor":[90,90,90,90,90,90,90,90,90,60,60,55,55,34,21,14,90,90,90,90,77,41,26,26,19,19,35,38,38,38,41,44,47,90,90,90,90,90,90,90,90,90,78,78,90,90,90,90,90,90,90,84,90,90,90,90,90,90,90,90,90,100,74,65,100,0,0],"gold":872,"neow_bonus":"THREE_ENEMY_KILL","is_daily":false,"chose_seed":false,"campfire_upgraded":9,"win_rate":0.0,"timestamp":1607897549,"path_taken":["R_BF","?","M","M","E","$","T","?","R","E","M","$","?","M","M","BOSS","R","?","M","?","E","M","T","M","R","NM","M","M","AVR","M","M","BOSS","R_BF","PTL","R_BF","R","E","?","?","?","M","T","NM","?","R","?","M","?","M","M","BOSS","R","E","R","?","M","R","T","R","?","NM","M","M"],"items_purchased_type":["Card"],"build_version":"2020-11-30","purchased_purges":0,"victory":false,"max_hp_per_floor":[90,90,90,90,90,90,90,90,90,90,90,90,90,90,90,90,90,90,90,90,90,90,90,90,90,90,90,90,90,90,90,90,90,90,90,90,90,90,90,90,90,90,90,90,90,90,90,90,90,90,90,90,90,90,90,90,90,90,90,90,90,100,100,100,100,100,100],"card_choices":[{"not_picked":["champ:StanceDance","Conserve Battery"],"picked":"champ:DefensiveShout","floor":3.0},{"not_picked":["champ:FalseCounter","champ:EndlessRage"],"picked":"champ:IronFortress","floor":4.0},{"not_picked":["champ:RecklessLeap","Recycle"],"picked":"champ:ViciousMockery","floor":5.0},{"not_picked":["champ:Haymaker","Aggregate"],"picked":"Machine Learning","floor":6.0},{"not_picked":["ReplaySort","Turbo"],"picked":"champ:ShieldWall","floor":10.0},{"not_picked":["ReplaySort","Reprogram","Replay:Spark Circuitry"],"picked":"SKIP","floor":11.0},{"not_picked":["Capacitor","champ:BerserkersShout"],"picked":"Darkness","floor":12.0},{"not_picked":["Barrage","champ:RisingSlash"],"picked":"champ:CrookedStrike","floor":14.0},{"not_picked":["Zap","champ:Circumvent"],"picked":"champ:GladiatorStyle","floor":15.0},{"not_picked":["champ:DancingMaster","champ:ShieldSlam"],"picked":"Rainbow","floor":16.0},{"not_picked":["champ:HeartStrike","champ:ViciousMockery"],"picked":"champ:Circumvent","floor":20.0},{"not_picked":["champ:RisingSlash","champ:Backstep"],"picked":"champ:CalledShot","floor":21.0},{"not_picked":["champ:HeartStrike+1","champ:DefensiveShout+1"],"picked":"champ:Shatter","floor":22.0},{"not_picked":["champ:DefensiveShout","champ:FanOfKnives","champ:GladiatorsShout"],"picked":"SKIP","floor":23.0},{"not_picked":["champ:Shatter","champ:BringItOn"],"picked":"champ:FalseCounter","floor":25.0},{"not_picked":["ReplayTheSpireMod:Echoes of Time","infinitespire:Execution"],"picked":"ReplayTheSpireMod:Chaos Vortex","floor":27.0},{"not_picked":["champ:MurderStrike","champ:CrookedStrike"],"picked":"champ:Lariat","floor":27.0},{"not_picked":["champ:BladeFlurry","champ:Haymaker"],"picked":"champ:CalledShot","floor":28.0},{"not_picked":["champ:SkillfulDodge","champ:DeathBlow"],"picked":"champ:Haymaker","floor":29.0},{"not_picked":["champ:RecklessLeap","champ:FaceSlap","champ:Backstep"],"picked":"SKIP","floor":31.0},{"not_picked":["champ:GladiatorsShout","champ:DefensiveShout+1"],"picked":"champ:StrikeOfGenius","floor":32.0},{"not_picked":["champ:CheapShot","champ:SwordThrow"],"picked":"champ:VampiricStrike","floor":33.0},{"not_picked":[],"picked":"champ:TornadoPunch+1","floor":39},{"not_picked":["BasicCrystalCard"],"picked":"SKIP","floor":43},{"not_picked":["infinitespire:SevenWalls","infinitespire:DeathsTouch"],"picked":"Replay:Fractal Strike","floor":45},{"not_picked":["Go for the Eyes"],"picked":"SKIP","floor":45},{"not_picked":["champ:Duel"],"picked":"SKIP","floor":46},{"not_picked":["Recycle"],"picked":"SKIP","floor":49},{"not_picked":["champ:FalseCounter"],"picked":"SKIP","floor":51},{"not_picked":[],"picked":"champ:LastStand","floor":52},{"not_picked":[],"picked":"champ:DancingMaster","floor":53},{"not_picked":[],"picked":"champ:DefensiveStyle","floor":56},{"not_picked":["champ:DefensiveShout"],"picked":"SKIP","floor":58},{"not_picked":["champ:DefensiveShout"],"picked":"SKIP","floor":58},{"not_picked":[],"picked":"champ:RapidStrikes","floor":59},{"not_picked":["infinitespire:Collect","infinitespire:NeuralNetwork"],"picked":"infinitespire:UltimateForm","floor":63},{"not_picked":["champ:DeathBlow"],"picked":"SKIP","floor":64},{"not_picked":[],"picked":"champ:BringItOn","floor":65}],"player_experience":195541,"relics_obtained":[{"floor":5.0,"key":"Matryoshka"},{"floor":7.0,"key":"StrikeDummy"},{"floor":7.0,"key":"PreservedInsect"},{"floor":10.0,"key":"Ancient Tea Set"},{"floor":22.0,"key":"infinitespire:ShieldingShard"},{"floor":24.0,"key":"champ:DefensiveTrainingManual"},{"floor":24.0,"key":"Blue Doll"},{"floor":27.0,"key":"Pet Ghost"},{"floor":39,"key":"Golden Egg"},{"floor":41,"key":"Ginger"},{"floor":45,"key":"Ice Cream"},{"floor":50,"key":"Toy Ornithopter"},{"floor":61,"key":"Vajra"}],"event_choices":[{"cards_removed":["champ:Strike"],"damage_healed":0.0,"max_hp_gain":0.0,"max_hp_loss":0.0,"gold_gain":0.0,"event_name":"Bonfire Elementals","player_choice":"Offered Basic","floor":19.0,"gold_loss":0.0,"damage_taken":0.0},{"damage_healed":0,"gold_gain":0,"player_choice":"Fight","damage_taken":0,"max_hp_gain":0,"max_hp_loss":0,"event_name":"Mysterious Sphere","floor":41,"gold_loss":0},{"cards_removed":["champ:Shatter"],"damage_healed":0,"gold_gain":0,"player_choice":"Removed Attack","damage_taken":0,"max_hp_gain":0,"max_hp_loss":0,"event_name":"Falling","floor":42,"gold_loss":0}],"is_beta":false,"boss_relics":[{"not_picked":["Runic Pyramid","Pandora\u0027s Box"],"picked":"Replay:Grab Bag"},{"not_picked":["Runic Dome","Fusion Hammer"],"picked":"beaked:SacredNecklace"},{"not_picked":["Sozu","Philosopher\u0027s Stone"],"picked":"Coffee Dripper"},{"not_picked":["Replay:Drink Me","Snecko Eye"],"picked":"Ring of Chaos"},{"not_picked":["ReplayTheSpireMod:SealedPack","Calling Bell"],"picked":"beaked:SacredDeck"},{"not_picked":["Abe\u0027s Treasure","Painkiller Herb"],"picked":"Busted Crown"},{"not_picked":["SacredBark","infinitespire:Cupcake"],"picked":"ChewingGum"}],"items_purged_floors":[],"is_endless":true,"potions_floor_spawned":[5,10,11,15,16,21,23,25,28,33,41,43,51,64,65],"killed_by":"3 Louse","ascension_level":0}}