{"host":"daa8jqyg4gqfaysm","time":1607872882,"event":{"mods":["BaseMod","Colored Powertips","Minty Spire (QoL Compilation)","StSLib"],"gold_per_floor":[110,7,7,7,7,40,40,71,119,119,130,148,178,178,178,254,254,264,284,284,308,320,350,350,376,376,390,409,334,334,368,368,440,440,456,456,476,476,3,28,48,75,75,92,92,105,136,136,136,136,136],"floor_reached":50,"playtime":2090,"items_purged":["Strike_G+1"],"score":1243,"play_id":"10c43b41-0452-4af0-996b-e6ced9cc39b2","local_time":"20201213232122","is_ascension_mode":true,"campfire_choices":[{"data":"Skewer","floor":7,"key":"SMITH"},{"data":"Neutralize","floor":10,"key":"SMITH"},{"data":"Quick Slash","floor":15,"key":"SMITH"},{"floor":24,"key":"REST"},{"floor":30,"key":"REST"},{"floor":32,"key":"REST"},{"floor":45,"key":"RECALL"},{"floor":49,"key":"REST"}],"circlet_count":0,"master_deck":["AscendersBane","Strike_G+1","Defend_G+1","Defend_G+1","Defend_G+1","Defend_G+1","Defend_G+1","Survivor+1","Neutralize+1","PiercingWail","Deadly Poison+1","Skewer+1","All Out Attack","Leg Sweep","Quick Slash+1","Night Terror","Noxious Fumes","Predator","Backflip","Adrenaline","Calculated Gamble","Dagger Throw+1","Footwork","Crippling Poison","Panacea","Concentrate","Dash+1","Tools of the Trade","Underhanded Strike+1","Tactician"],"relics":["Ring of the Snake","NeowsBlessing","Ornamental Fan","White Beast Statue","War Paint","Vajra","Tingsha","Philosopher\u0027s Stone","Orichalcum","Gremlin Horn","Gambling Chip","FossilizedHelix","Pen Nib","Runic Pyramid","Toy Ornithopter","Akabeko","Centennial Puzzle","Strawberry"],"acts_visited":["Exordium","TheCity","TheBeyond"],"potions_floor_usage":[16,23,25,25,31,33,33,46,50],"damage_taken":[{"damage":0,"enemies":"Cultist","floor":1,"turns":1},{"damage":0,"enemies":"Gremlin Nob","floor":6,"turns":1},{"damage":0,"enemies":"Lagavulin","floor":8,"turns":1},{"damage":1,"enemies":"Jaw Worm","floor":11,"turns":3},{"damage":0,"enemies":"Small Slimes","floor":12,"turns":2},{"damage":14,"enemies":"Hexaghost","floor":16,"turns":8},{"damage":14,"enemies":"Shell Parasite","floor":18,"turns":6},{"damage":3,"enemies":"Chosen","floor":19,"turns":4},{"damage":3,"enemies":"Centurion and Healer","floor":22,"turns":7},{"damage":14,"enemies":"Slavers","floor":23,"turns":5},{"damage":8,"enemies":"Book of Stabbing","floor":25,"turns":5},{"damage":0,"enemies":"3 Cultists","floor":27,"turns":4},{"damage":9,"enemies":"Snake Plant","floor":28,"turns":5},{"damage":22,"enemies":"Slavers","floor":31,"turns":5},{"damage":37,"enemies":"Collector","floor":33,"turns":10},{"damage":0,"enemies":"3 Shapes","floor":35,"turns":3},{"damage":0,"enemies":"Orb Walker","floor":37,"turns":2},{"damage":9,"enemies":"Nemesis","floor":40,"turns":9},{"damage":2,"enemies":"Sphere and 2 Shapes","floor":41,"turns":7},{"damage":0,"enemies":"Giant Head","floor":42,"turns":7},{"damage":0,"enemies":"4 Shapes","floor":44,"turns":1},{"damage":6,"enemies":"Transient","floor":46,"turns":5},{"damage":0,"enemies":"Reptomancer","floor":47,"turns":4},{"damage":78,"enemies":"Time Eater","floor":50,"turns":12}],"seed_played":"-8332600060988542404","potions_obtained":[{"floor":6,"key":"CunningPotion"},{"floor":16,"key":"GhostInAJar"},{"floor":23,"key":"LiquidMemories"},{"floor":25,"key":"Dexterity Potion"},{"floor":27,"key":"Explosive Potion"},{"floor":31,"key":"Swift Potion"},{"floor":33,"key":"Dexterity Potion"},{"floor":35,"key":"Dexterity Potion"},{"floor":40,"key":"LiquidMemories"},{"floor":46,"key":"GamblersBrew"}],"is_trial":false,"path_per_floor":["M","$","T","$","?","E","R","E","T","R","M","M","?","?","R","B",null,"M","M","?","T","M","E","R","E","T","M","M","?","R","E","R","B",null,"M","?","M","?","$","E","M","E","T","M","R","M","E","?","R","B"],"character_chosen":"THE_SILENT","items_purchased":["Deadly Poison","FearPotion","Footwork","Crippling Poison","Toy Ornithopter","Panacea"],"campfire_rested":4,"item_purchase_floors":[2,2,39,39,39,39],"current_hp_per_floor":[59,59,59,59,64,64,64,64,64,64,63,63,63,59,59,45,65,51,48,48,48,45,31,52,44,44,44,35,35,56,34,55,18,58,58,58,58,58,58,49,47,47,47,47,47,46,53,53,74,0,0],"gold":136,"neow_bonus":"THREE_ENEMY_KILL","is_daily":false,"chose_seed":false,"campfire_upgraded":3,"win_rate":0.0,"timestamp":1607872882,"path_taken":["M","?","?","$","?","E","R","E","T","R","M","M","?","?","R","BOSS","M","?","?","?","?","E","R","E","T","M","M","?","R","E","R","BOSS","M","?","M","?","?","E","M","E","T","?","R","M","E","?","R","BOSS"],"items_purchased_type":["Card","Potion","Card","Card","Relic","Card"],"build_version":"2020-11-30","purchased_purges":1,"victory":false,"max_hp_per_floor":[66,66,66,66,71,71,71,71,71,71,71,71,71,71,71,71,71,71,71,71,71,71,71,71,71,71,71,71,71,71,71,71,71,71,71,71,71,67,67,67,67,67,67,67,67,67,74,74,74,74,74],"card_choices":[{"not_picked":["Sucker Punch","Backflip"],"picked":"PiercingWail","floor":1},{"not_picked":["Deadly Poison","Setup"],"picked":"Skewer","floor":6},{"not_picked":["Storm of Steel","Bane"],"picked":"All Out Attack","floor":8},{"not_picked":["Choke","Distraction"],"picked":"Leg Sweep","floor":11},{"not_picked":["Dagger Throw","Blade Dance"],"picked":"Quick Slash","floor":12},{"not_picked":["Bullet Time","Envenom"],"picked":"Night Terror","floor":16},{"not_picked":["Underhanded Strike","Backflip"],"picked":"Noxious Fumes","floor":18},{"not_picked":["Terror","Concentrate"],"picked":"Predator","floor":19},{"not_picked":["Distraction","Prepared","Dagger Spray"],"picked":"SKIP","floor":22},{"not_picked":["Bullet Time","Quick Slash+1","Riddle With Holes"],"picked":"SKIP","floor":23},{"not_picked":["Riddle With Holes","Dagger Spray","Outmaneuver"],"picked":"SKIP","floor":25},{"not_picked":["Outmaneuver","Flying Knee","Slice"],"picked":"SKIP","floor":27},{"not_picked":["Outmaneuver","Venomology"],"picked":"Backflip","floor":28},{"not_picked":["Skewer","Infinite Blades","Deflect"],"picked":"SKIP","floor":31},{"not_picked":["Bullet Time","Burst"],"picked":"Adrenaline","floor":33},{"not_picked":["Heel Hook","Eviscerate"],"picked":"Calculated Gamble","floor":35},{"not_picked":["Dodge and Roll","Calculated Gamble"],"picked":"Dagger Throw+1","floor":37},{"not_picked":["Dagger Throw+1","Cloak And Dagger+1"],"picked":"Concentrate","floor":40},{"not_picked":["Sucker Punch","Slice"],"picked":"Dash+1","floor":41},{"not_picked":["Quick Slash","Dagger Throw","Flying Knee"],"picked":"SKIP","floor":42},{"not_picked":["Underhanded Strike","Acrobatics"],"picked":"Tools of the Trade","floor":44},{"not_picked":["Dash+1","Predator"],"picked":"Underhanded Strike+1","floor":46},{"not_picked":["Dagger Throw","Die Die Die"],"picked":"Tactician","floor":47}],"player_experience":669691,"relics_obtained":[{"floor":3,"key":"Ornamental Fan"},{"floor":6,"key":"White Beast Statue"},{"floor":8,"key":"War Paint"},{"floor":9,"key":"Vajra"},{"floor":21,"key":"Orichalcum"},{"floor":23,"key":"Gremlin Horn"},{"floor":25,"key":"Gambling Chip"},{"floor":26,"key":"FossilizedHelix"},{"floor":31,"key":"Pen Nib"},{"floor":40,"key":"Akabeko"},{"floor":42,"key":"Centennial Puzzle"},{"floor":47,"key":"Strawberry"}],"event_choices":[{"damage_healed":0,"gold_gain":0,"player_choice":"Donut","damage_taken":0,"max_hp_gain":5,"max_hp_loss":0,"event_name":"Big Fish","floor":5,"gold_loss":0},{"damage_healed":0,"gold_gain":30,"player_choice":"Searched \u00273\u0027 times","damage_taken":0,"relics_obtained":["Tingsha"],"max_hp_gain":0,"max_hp_loss":0,"event_name":"Dead Adventurer","floor":13,"gold_loss":0},{"damage_healed":0,"gold_gain":0,"player_choice":"Bought 0 Potions","damage_taken":0,"max_hp_gain":0,"max_hp_loss":0,"event_name":"The Woman in Blue","floor":14,"gold_loss":0},{"damage_healed":0,"gold_gain":0,"player_choice":"Simplicity","damage_taken":0,"max_hp_gain":0,"max_hp_loss":0,"event_name":"Back to Basics","floor":20,"gold_loss":0,"cards_upgraded":["Strike_G","Strike_G","Strike_G","Strike_G","Strike_G","Defend_G","Defend_G","Defend_G","Defend_G","Defend_G"]},{"cards_removed":["Strike_G"],"damage_healed":0,"gold_gain":0,"player_choice":"Gave Gold","damage_taken":0,"max_hp_gain":0,"max_hp_loss":0,"event_name":"Beggar","floor":29,"gold_loss":75},{"cards_removed":["Strike_G"],"damage_healed":0,"gold_gain":0,"player_choice":"Removed Attack","damage_taken":0,"max_hp_gain":0,"max_hp_loss":0,"event_name":"Falling","floor":36,"gold_loss":0},{"damage_healed":0,"gold_gain":0,"player_choice":"Max HP","damage_taken":0,"max_hp_gain":0,"max_hp_loss":4,"event_name":"Winding Halls","floor":38,"gold_loss":0},{"cards_removed":["Strike_G"],"damage_healed":0,"gold_gain":0,"player_choice":"Purged","damage_taken":0,"max_hp_gain":0,"max_hp_loss":0,"event_name":"Purifier","floor":48,"gold_loss":0}],"is_beta":false,"boss_relics":[{"not_picked":["Sozu","Runic Dome"],"picked":"Philosopher\u0027s Stone"},{"not_picked":["Snecko Eye","SlaversCollar"],"picked":"Runic Pyramid"}],"items_purged_floors":[39],"is_endless":false,"potions_floor_spawned":[6,8,11,12,16,18,19,22,23,25,27,28,31,33,35,37,40,41,42,44,46,47],"killed_by":"Time Eater","ascension_level":15}}