{"host":"r3d3rfw8zyydmocx","time":1607821282,"event":{"mods":["Aspiration","BaseMod","Colored Powertips","Conspire","Highlight Path","Hubris","Minty Spire (QoL Compilation)","Replay The Spire","StSLib","The Hierophant"],"gold_per_floor":[113,140,140,140,140,158,180,209,235,235,263,263,37,45,45,137,137,145,145,152,152,152],"floor_reached":21,"playtime":1417,"items_purged":["hierophant:Defend_Hierophant"],"score":198,"play_id":"5a94980e-7be1-4e3a-9964-c27c2a6ea140","local_time":"20201212170122","is_ascension_mode":true,"campfire_choices":[{"data":"hierophant:Kindle","floor":10.0,"key":"SMITH"},{"data":"hierophant:Strike_Hierophant","floor":15.0,"key":"PURGE"}],"circlet_count":0,"master_deck":["hierophant:Strike_Hierophant+1","hierophant:Strike_Hierophant","hierophant:Punish","hierophant:Defend_Hierophant+1","hierophant:Defend_Hierophant","hierophant:Defend_Hierophant","hierophant:ChurchCoffers+1","hierophant:Doubloon","hierophant:ConvertCurrency","hierophant:Doubloon","hierophant:Charity","hierophant:SealAway","hierophant:Kindle+1","hierophant:HammerAndAnvil","Chaos","Static Discharge","hierophant:Shelter","hierophant:ChurchCoffers+1","hierophant:Invocation+1","hierophant:Determination+1","hubris:DoWhile+1"],"relics":["Runic Dome","hubris:DisguiseKit","Golden Egg","Lantern","DollysMirror","Runic Pyramid","Enchiridion"],"acts_visited":["Exordium","TheCity"],"potions_floor_usage":[],"damage_taken":[{"damage":1.0,"enemies":"Jaw Worm","floor":1.0,"turns":2.0},{"damage":6.0,"enemies":"conspire:RoseBush","floor":2.0,"turns":2.0},{"damage":12.0,"enemies":"Gremlin Nob","floor":6.0,"turns":3.0},{"damage":0.0,"enemies":"2 Louse","floor":7.0,"turns":2.0},{"damage":14.0,"enemies":"Replay:BlueRogue","floor":8.0,"turns":6.0},{"damage":3.0,"enemies":"Gremlin Gang","floor":11.0,"turns":4.0},{"damage":0.0,"enemies":"Looter","floor":14.0,"turns":2.0},{"damage":14,"enemies":"Fading Forest","floor":16,"turns":11},{"damage":29,"enemies":"conspire:FuzzyDice","floor":18,"turns":5},{"damage":25,"enemies":"Spheric Guardian","floor":20,"turns":5},{"damage":20,"enemies":"Shelled Parasite and Fungi","floor":21,"turns":2}],"seed_played":"-4686481143911978946","potions_obtained":[{"floor":1.0,"key":"BlessingOfTheForge"},{"floor":6.0,"key":"Energy Potion"},{"floor":14.0,"key":"SkillPotion"},{"floor":16,"key":"Fire Potion"}],"is_trial":false,"path_per_floor":["M","M","?","?","?","E","M","E","T","R","M","?","$","M","R","B",null,"M","?","M","M"],"character_chosen":"HIEROPHANT","items_purchased":["DollysMirror"],"campfire_rested":0,"item_purchase_floors":[13],"current_hp_per_floor":[74,68,68,53,53,41,41,27,27,27,24,17,17,17,17,31,75,48,32,13,0,0],"gold":152,"neow_bonus":"BOSS_RELIC","is_daily":false,"chose_seed":false,"campfire_upgraded":1,"win_rate":0.0,"timestamp":1607821282,"path_taken":["M","M","?","?","?","E","?","E","T","R","M","?","$","M","R","BOSS","M","?","M","M"],"items_purchased_type":["Relic"],"build_version":"2020-11-30","purchased_purges":1,"victory":false,"max_hp_per_floor":[75,75,75,75,75,75,75,75,75,75,75,75,75,75,75,75,75,75,75,75,75,75],"card_choices":[{"not_picked":["hierophant:AuricBeam","hierophant:MorningPrayer"],"picked":"hierophant:ConvertCurrency","floor":1.0},{"not_picked":["hierophant:Smite","hierophant:ThreeLashes","hierophant:RepressedViolence"],"picked":"SKIP","floor":2.0},{"not_picked":["hierophant:DisplayOfPower","hierophant:BulkyChest"],"picked":"hierophant:HammerAndAnvil","floor":6.0},{"not_picked":["hierophant:RepressedViolence","hierophant:RustyCrate","hierophant:SealAway"],"picked":"Chaos","floor":7.0},{"not_picked":["hierophant:Flagellation","hierophant:DisplayOfPower","hierophant:BulkyChest"],"picked":"Static Discharge","floor":8.0},{"not_picked":["hierophant:OrnateBuckler","hierophant:MorningPrayer","Redo"],"picked":"hierophant:Shelter","floor":11.0},{"not_picked":["hierophant:AuricBeam","hierophant:OrnateBuckler","Sweeping Beam"],"picked":"hierophant:Invocation","floor":14.0},{"not_picked":["hierophant:Anathema","hierophant:WrathOfGod","Rainbow"],"picked":"hierophant:Determination","floor":16},{"not_picked":["hierophant:FieryStrike","hierophant:PassingBell","hierophant:AuricBeam","Beam Cell"],"picked":"SKIP","floor":18},{"not_picked":["hierophant:OrnateJavelin","hierophant:OrnateBuckler","hierophant:ThreeLashes"],"picked":"hubris:DoWhile","floor":20}],"player_experience":424360,"relics_obtained":[{"floor":6.0,"key":"hubris:DisguiseKit"},{"floor":8.0,"key":"Golden Egg"},{"floor":9.0,"key":"Lantern"},{"floor":19,"key":"Enchiridion"}],"event_choices":[{"damage_healed":0.0,"max_hp_gain":0.0,"max_hp_loss":0.0,"gold_gain":0.0,"event_name":"Shining Light","player_choice":"Entered Light","floor":4.0,"gold_loss":0.0,"damage_taken":15.0,"cards_upgraded":["hierophant:Defend_Hierophant","hierophant:Strike_Hierophant"]},{"damage_healed":0.0,"max_hp_gain":0.0,"max_hp_loss":0.0,"gold_gain":0.0,"event_name":"Match and Keep!","player_choice":"3 cards matched","floor":5.0,"gold_loss":0.0,"damage_taken":0.0,"cards_obtained":["hierophant:Charity","hierophant:SealAway","hierophant:Kindle"]},{"cards_removed":["hierophant:Strike_Hierophant"],"damage_healed":0.0,"max_hp_gain":0.0,"max_hp_loss":0.0,"gold_gain":0.0,"event_name":"Golden Wing","player_choice":"Card Removal","floor":12.0,"gold_loss":0.0,"damage_taken":7.0},{"damage_healed":0,"gold_gain":0,"player_choice":"Obtained Book","damage_taken":16,"max_hp_gain":0,"max_hp_loss":0,"event_name":"Cursed Tome","floor":19,"gold_loss":0}],"is_beta":false,"boss_relics":[{"not_picked":["hubris:RunicObelisk","aspiration:RunicSpoon"],"picked":"Runic Pyramid"}],"items_purged_floors":[13],"is_endless":false,"potions_floor_spawned":[1,6,14,16],"killed_by":"Shelled Parasite and Fungi","ascension_level":1}}