{"host":"qr1bwouox9un7py1","time":1607840432,"event":{"mods":["2.2 Compatiblity","AchievementEnabler","BaseMod","Colored Map","Colored Powertips","GifTheSpireLib","Highlight Path","Infinite Spire","Lobotomy","LobotomyExtend","Minty Spire (QoL Compilation)","Quick Restart","Shop Mod","StSLib","Unceasing Turn Reminder"],"gold_per_floor":[117,128,144,157,232,266,115,150,230,230,230,230,75,100,100,196,196,196,208,208,225,225,256,256,256],"floor_reached":24,"playtime":834,"items_purged":[],"score":295,"play_id":"4e29b637-a60d-489e-8350-0e29333d9aa7","local_time":"20201213172032","is_ascension_mode":true,"campfire_choices":[],"circlet_count":0,"master_deck":["BigBird","Funeral","SpecialBullet","SpecialBullet","SpecialBullet","SpecialBullet","SpecialBullet","SpecialBullet","SpecialBullet","Moonlight","BlackSwan","LifeForTheDareDevil","Bloodbath","Christmas","Beak","Moonlight","WristCuter","OSAHOGD","ParadiseLost","Soda","Reverberation","Regret_ego","Heaven","WristCuter","Justitia","Justitia","RedShoes","Beak+1","SilentOrchestra","Lantern+1"],"relics":["CogitoBucket","LetterFromLob","SolemnVow_r","Lamp_r","Art of War","Orrery","Turnip","Matryoshka","Oddly Smooth Stone","Sozu","InspiredRelic","Theresia","infinitespire:CheckeredPen"],"acts_visited":["Exordium","TheCity"],"potions_floor_usage":[],"damage_taken":[{"damage":15,"enemies":"2 Louse","floor":1,"turns":3},{"damage":5,"enemies":"Jaw Worm","floor":2,"turns":2},{"damage":6,"enemies":"Small Slimes","floor":3,"turns":2},{"damage":4,"enemies":"Looter","floor":4,"turns":2},{"damage":12,"enemies":"Lagavulin","floor":6,"turns":6},{"damage":16,"enemies":"Gremlin Nob","floor":8,"turns":3},{"damage":0,"enemies":"Lagavulin","floor":14,"turns":2},{"damage":16,"enemies":"Hexaghost","floor":16,"turns":4},{"damage":3,"enemies":"3 Byrds","floor":19,"turns":3},{"damage":8,"enemies":"Shell Parasite","floor":21,"turns":3},{"damage":60,"enemies":"Nightmare","floor":23,"turns":6},{"damage":33,"enemies":"Snake Plant","floor":24,"turns":2}],"seed_played":"1596084758803794366","potions_obtained":[],"is_trial":false,"path_per_floor":["M","M","M","M","?","E","$","E","T","?","R","?","$","E","R","B",null,"M","M","?","M","$","NM","M"],"character_chosen":"Angela","items_purchased":["Orrery","Heaven","RapturousDream","WristCuter"],"campfire_rested":0,"item_purchase_floors":[7,13,13,13],"current_hp_per_floor":[70,65,59,56,45,35,35,20,20,32,32,37,37,38,38,24,82,82,83,83,81,81,29,0,0],"gold":256,"neow_bonus":"TEN_PERCENT_HP_BONUS","is_daily":false,"chose_seed":false,"campfire_upgraded":0,"win_rate":0.0,"timestamp":1607840432,"path_taken":["M","M","M","M","?","E","$","E","T","?","R","?","?","E","R","BOSS","M","M","?","M","$","NM","M"],"items_purchased_type":["Relic","Card","Card","Card"],"build_version":"2020-11-30","purchased_purges":0,"victory":false,"max_hp_per_floor":[77,77,77,77,77,77,77,77,77,77,77,82,82,82,82,82,82,82,86,86,90,90,94,94,94],"card_choices":[{"not_picked":["FourthMatchFlame"],"picked":"Moonlight","floor":1},{"not_picked":["Murderer","Laetitia"],"picked":"BlackSwan","floor":1},{"not_picked":["CUTE"],"picked":"LifeForTheDareDevil","floor":1},{"not_picked":["Harvest"],"picked":"Galaxy","floor":2},{"not_picked":["FairyFestival","MeatLantern"],"picked":"Bloodbath","floor":2},{"not_picked":["TodaysExpression"],"picked":"Christmas","floor":2},{"not_picked":["WristCuter"],"picked":"Beak","floor":3},{"not_picked":["ShyLook","UniverseFragment"],"picked":"BigBird","floor":3},{"not_picked":["BloodyDesire"],"picked":"Moonlight","floor":3},{"not_picked":["Murderer","MeatLantern"],"picked":"Funeral","floor":4},{"not_picked":["SomewhereSpear"],"picked":"WristCuter","floor":4},{"not_picked":["BeautyBeast","HeroicMonk"],"picked":"OSAHOGD","floor":6},{"not_picked":["Penitence","Harmony"],"picked":"SKIP","floor":6},{"not_picked":["Hypocrisy"],"picked":"ParadiseLost","floor":7},{"not_picked":["Noise"],"picked":"Soda","floor":7},{"not_picked":["Hypocrisy"],"picked":"Soda","floor":7},{"not_picked":["Lantern"],"picked":"Reverberation","floor":7},{"not_picked":["TodaysExpression"],"picked":"ShedSkin","floor":7},{"not_picked":["InTheNameOfLoveAndHate"],"picked":"Regret_ego","floor":8},{"not_picked":["Loneliness","FrostShard"],"picked":"SKIP","floor":14},{"not_picked":["SoundOfStar"],"picked":"Justitia","floor":16},{"not_picked":["WhitesApple","UniverseFragment"],"picked":"CrumblingArmor","floor":19},{"not_picked":["Wingbeat"],"picked":"Justitia","floor":19},{"not_picked":["Scorched","CherryBlossoms"],"picked":"RedShoes","floor":21},{"not_picked":["Wingbeat"],"picked":"Beak+1","floor":21},{"not_picked":["BodiesMountain","Alriune"],"picked":"SilentOrchestra","floor":23},{"not_picked":["Pleasure+1"],"picked":"Lantern+1","floor":23}],"player_experience":244022,"relics_obtained":[{"floor":1,"key":"LetterFromLob"},{"floor":6,"key":"Art of War"},{"floor":8,"key":"Turnip"},{"floor":9,"key":"Matryoshka"},{"floor":14,"key":"Oddly Smooth Stone"},{"floor":23,"key":"infinitespire:CheckeredPen"}],"event_choices":[{"damage_healed":0,"gold_gain":75,"player_choice":"Gather Gold","damage_taken":11,"max_hp_gain":0,"max_hp_loss":0,"event_name":"World of Goop","floor":5,"gold_loss":0},{"damage_healed":0,"gold_gain":0,"player_choice":"Donut","damage_taken":0,"max_hp_gain":5,"max_hp_loss":0,"event_name":"Big Fish","floor":12,"gold_loss":0},{"cards_removed":["SpecialBullet"],"damage_healed":0,"gold_gain":0,"player_choice":"Elegance","damage_taken":0,"max_hp_gain":0,"max_hp_loss":0,"event_name":"Back to Basics","floor":20,"gold_loss":0}],"is_beta":false,"boss_relics":[{"not_picked":["Coffee Dripper","Busted Crown"],"picked":"Sozu"}],"items_purged_floors":[],"is_endless":false,"potions_floor_spawned":[21],"killed_by":"Snake Plant","ascension_level":1}}