{"host":"l7l2v2zs4hqku4vk","time":1607859821,"event":{"mods":["Act Like it!","BaseMod","Colored Powertips","Highlight Path","Minty Spire (QoL Compilation)","Replay The Spire","RumiaBox-露米娅的神秘盒子","StSLib","TestMod","The Servant 0.9.4","篝火指南"],"gold_per_floor":[113,19,19,19,37,37,72,72,119,119,119,135,6,16,16,16,16],"floor_reached":16,"playtime":420,"items_purged":["Strike_G"],"score":246,"play_id":"8ea83886-4376-45f3-82d0-810ac3b0a79a","local_time":"20201213194341","is_ascension_mode":true,"campfire_choices":[{"data":"testmod-BackupPower","floor":6,"key":"SMITH"},{"data":"Footwork","floor":8,"key":"SMITH"},{"data":"Skewer","floor":11,"key":"SMITH"},{"data":"Strike_G","floor":15,"key":"PURGE"}],"circlet_count":0,"master_deck":["AscendersBane","Strike_G","Strike_G","Strike_G","Defend_G","Defend_G","Defend_G","Defend_G","Defend_G","Survivor","Neutralize","Skewer+1","testmod-BackupPower+1","Footwork+1","Accuracy","ReplayTheSpireMod:Shiv Toss","Cloak And Dagger","Prepared"],"relics":["Ring of the Snake","testmod-TestBox","testmod-TimeTraveler","NeowsBlessing","Orichalcum","Bag of Marbles","GodSword5"],"acts_visited":["Exordium"],"potions_floor_usage":[16,16],"damage_taken":[{"damage":0,"enemies":"2 Louse","floor":1,"turns":1},{"damage":0,"enemies":"Small Slimes","floor":5,"turns":1},{"damage":0,"enemies":"3 Sentries","floor":7,"turns":1},{"damage":0,"enemies":"Cultist","floor":12,"turns":2},{"damage":18,"enemies":"Exordium Thugs","floor":14,"turns":7},{"damage":45,"enemies":"Slime Boss","floor":16,"turns":11}],"seed_played":"-1754134345906372503","potions_obtained":[{"floor":4,"key":"testmod-EscapePotion"},{"floor":4,"key":"SkillPotion"},{"floor":5,"key":"Weak Potion"}],"is_trial":false,"path_per_floor":["M","$","?","?","M","R","E","R","T","T","R","M","$","M","R","B"],"character_chosen":"THE_SILENT","items_purchased":["testmod-BackupPower","Cloak And Dagger"],"campfire_rested":0,"item_purchase_floors":[2,13],"current_hp_per_floor":[59,59,59,59,59,59,59,59,59,59,59,59,59,41,41,0,0],"gold":16,"neow_bonus":"THREE_ENEMY_KILL","is_daily":false,"chose_seed":false,"campfire_upgraded":3,"win_rate":0.0,"timestamp":1607859821,"path_taken":["M","$","?","?","?","R","E","R","T","?","R","?","$","M","R","BOSS"],"items_purchased_type":["Card","Card"],"build_version":"2020-11-30","purchased_purges":1,"victory":false,"max_hp_per_floor":[66,66,66,66,66,66,66,66,66,66,66,66,66,66,66,66,66],"card_choices":[{"not_picked":["Underhanded Strike","Escape Plan"],"picked":"Skewer","floor":1},{"not_picked":["Slice","Predator"],"picked":"Footwork","floor":5},{"not_picked":["Well Laid Plans","Bane"],"picked":"Accuracy","floor":7},{"not_picked":["Quick Slash","Caltrops"],"picked":"ReplayTheSpireMod:Shiv Toss","floor":12},{"not_picked":["Quick Slash","Dagger Spray"],"picked":"Prepared","floor":14}],"player_experience":1641283,"relics_obtained":[{"floor":7,"key":"Orichalcum"},{"floor":9,"key":"Bag of Marbles"},{"floor":10,"key":"GodSword5"}],"event_choices":[{"damage_healed":0,"gold_gain":0,"player_choice":"Ignored","damage_taken":0,"max_hp_gain":0,"max_hp_loss":0,"event_name":"Liars Game","floor":3,"gold_loss":0},{"damage_healed":0,"gold_gain":0,"player_choice":"Got Potions","damage_taken":0,"max_hp_gain":0,"max_hp_loss":0,"event_name":"Lab","floor":4,"gold_loss":0}],"is_beta":false,"boss_relics":[],"items_purged_floors":[13],"is_endless":false,"potions_floor_spawned":[5],"killed_by":"Slime Boss","ascension_level":20}}