{"host":"qw1m3zcvi888b4j7","time":1607883760,"event":{"mods":["AchievementEnabler","BaseMod","Block Reminder","Colored Map","Colored Powertips","Consume Value Calculator","DeckTracker","Highlight Path","Minty Spire (QoL Compilation)","Quick Restart","Rare Cards Sparkle","Relic Sorter","Relic Stats"],"gold_per_floor":[117,128,1,11,30,30,59,79,79,111,127,127,127,127],"floor_reached":13,"playtime":466,"items_purged":[],"score":102,"play_id":"8ed2ba26-9feb-46d1-af80-7061bd4eb6d0","local_time":"20201213192240","is_ascension_mode":true,"campfire_choices":[{"floor":6,"key":"RECALL"}],"circlet_count":0,"master_deck":["Strike_R","Strike_R","Strike_R","Strike_R","Strike_R","Defend_R","Defend_R","Defend_R","Defend_R","Bash","Rage","Dropkick","Heavy Blade","Flex","Headbutt","Thunderclap","Brutality","Double Tap","Flex","Anger","Juggernaut","Regret"],"relics":["Burning Blood","NeowsBlessing","Regal Pillow","MealTicket","Paper Frog"],"acts_visited":["Exordium"],"potions_floor_usage":[],"damage_taken":[{"damage":0,"enemies":"Cultist","floor":1,"turns":1},{"damage":0,"enemies":"Small Slimes","floor":2,"turns":1},{"damage":0,"enemies":"Jaw Worm","floor":4,"turns":1},{"damage":9,"enemies":"Gremlin Gang","floor":5,"turns":3},{"damage":15,"enemies":"Gremlin Nob","floor":7,"turns":4},{"damage":2,"enemies":"Large Slime","floor":8,"turns":3},{"damage":27,"enemies":"Lagavulin","floor":10,"turns":4},{"damage":13,"enemies":"3 Louse","floor":11,"turns":2},{"damage":50,"enemies":"Gremlin Nob","floor":13,"turns":4}],"seed_played":"5614162192898198340","potions_obtained":[{"floor":1,"key":"FearPotion"},{"floor":5,"key":"Block Potion"},{"floor":7,"key":"SteroidPotion"}],"is_trial":false,"path_per_floor":["M","M","$","M","M","R","E","M","T","E","M","?","E"],"character_chosen":"IRONCLAD","items_purchased":["Heavy Blade","Flex","Headbutt"],"campfire_rested":0,"item_purchase_floors":[3,3,3],"current_hp_per_floor":[80,80,80,80,77,77,68,72,72,51,44,44,0,0],"gold":127,"neow_bonus":"THREE_ENEMY_KILL","is_daily":false,"chose_seed":false,"campfire_upgraded":0,"win_rate":0.0,"timestamp":1607883760,"path_taken":["M","M","$","M","M","R","E","M","T","E","M","?","E"],"items_purchased_type":["Card","Card","Card"],"build_version":"2020-11-30","purchased_purges":0,"victory":false,"max_hp_per_floor":[80,80,80,80,80,80,80,80,80,80,80,80,80,80],"relic_stats":{"Regal Pillow":0,"counters":[9,23],"MealTicket":0,"obtain_stats":[{"Regal Pillow":7,"NeowsBlessing":0,"MealTicket":10,"Burning Blood":0,"Paper Frog":12},{"Regal Pillow":5,"NeowsBlessing":0,"MealTicket":7,"Burning Blood":0,"Paper Frog":8},{"Regal Pillow":10,"NeowsBlessing":0,"MealTicket":17,"Burning Blood":0,"Paper Frog":19}],"Burning Blood":30},"card_choices":[{"not_picked":["Twin Strike","Pommel Strike"],"picked":"Rage","floor":1},{"not_picked":["Warcry","Disarm"],"picked":"Dropkick","floor":2},{"not_picked":["Anger","Hemokinesis"],"picked":"Thunderclap","floor":4},{"not_picked":["Second Wind","Clothesline"],"picked":"Brutality","floor":5},{"not_picked":["Body Slam","Sever Soul"],"picked":"Double Tap","floor":7},{"not_picked":["Perfected Strike","Rage"],"picked":"Flex","floor":8},{"not_picked":["Iron Wave","Flex"],"picked":"Anger","floor":10},{"not_picked":["Hemokinesis","Body Slam"],"picked":"Juggernaut","floor":11}],"player_experience":44647,"relics_obtained":[{"floor":7,"key":"Regal Pillow"},{"floor":10,"key":"MealTicket"}],"event_choices":[{"damage_healed":0,"gold_gain":0,"player_choice":"Box","damage_taken":0,"relics_obtained":["Paper Frog"],"max_hp_gain":0,"max_hp_loss":0,"event_name":"Big Fish","floor":12,"gold_loss":0,"cards_obtained":["Regret"]}],"is_beta":false,"boss_relics":[],"items_purged_floors":[],"is_endless":false,"potions_floor_spawned":[1,5,7],"killed_by":"Gremlin Nob","ascension_level":1}}