{"host":"bg0cyinkrjnqf173","time":1607825397,"event":{"mods":["Aspiration","BaseMod","Beaked The Cultist","Best Route Mod","Better Third Choice","BetterRewards","Colored Map","Conspire","Custom Start","Defuse TimeMaze Blight","Displayed Cursed Tome","Googly Eyes","Halation","Hubris","Infinite Spire","Jedi Mod","Minty Spire (QoL Compilation)","Permanent Neow","Quick Restart","Rare Cards Sparkle","Relic Sorter","Replay The Spire","Shop Mod","Spicy Shops","Spikes Relics","StSLib","The Bladedancer","The Construct","The Disciple","The Runesmith","The Valiant"],"gold_per_floor":[114,133,145,40,51,51,70,70,70],"floor_reached":8,"playtime":360,"items_purged":[],"score":53,"play_id":"8367b23b-4e82-4d6a-beec-5c98b8e0d5ea","local_time":"20201212210957","is_ascension_mode":true,"campfire_choices":[{"data":"blademaster:Overcharge","floor":6,"key":"SMITH"}],"circlet_count":0,"master_deck":["aspiration:Polymerization","blademaster:Strike","blademaster:Strike","blademaster:Strike","blademaster:Strike","blademaster:Defend","blademaster:Defend","blademaster:Defend","blademaster:Defend","blademaster:RagingBlow","blademaster:HighVoltage","blademaster:CombatPrep","blademaster:EyeOfTheStorm","blademaster:WindSlash","blademaster:SlyStabs","blademaster:SlyStabs","blademaster:Overcharge+1","blademaster:Stormstrike"],"relics":["blademaster:DancersAmulet","aspiration:Nostalgia","Cracked Core"],"acts_visited":["Exordium"],"potions_floor_usage":[],"damage_taken":[{"damage":0,"enemies":"2 Louse","floor":1,"turns":3},{"damage":0,"enemies":"Jaw Worm","floor":2,"turns":2},{"damage":1,"enemies":"Cultist","floor":3,"turns":4},{"damage":21,"enemies":"conspire:2 RoseBushes","floor":5,"turns":5},{"damage":21,"enemies":"Blue Slaver","floor":7,"turns":4},{"damage":38,"enemies":"Gremlin Nob","floor":8,"turns":3}],"seed_played":"-8931901145878835712","potions_obtained":[{"floor":7,"key":"construct:ShiftPotion"}],"is_trial":false,"path_per_floor":["M","M","M","$","M","R","M","E"],"character_chosen":"THE_BLADEMASTER","items_purchased":["blademaster:SlyStabs","blademaster:Overcharge"],"campfire_rested":0,"item_purchase_floors":[4,4],"current_hp_per_floor":[75,75,74,74,53,53,32,0,0],"gold":70,"neow_bonus":"NOSTALGIA","is_daily":false,"chose_seed":false,"campfire_upgraded":1,"win_rate":0.0,"timestamp":1607825397,"path_taken":["M","M","M","$","M","R","M","E"],"items_purchased_type":["Card","Card"],"build_version":"2020-11-30","purchased_purges":0,"victory":false,"max_hp_per_floor":[75,75,75,75,75,75,75,75,75],"card_choices":[{"not_picked":["blademaster:Quickness","blademaster:Thrust"],"picked":"blademaster:CombatPrep","floor":1},{"not_picked":["blademaster:SlyStabs","blademaster:Rupture"],"picked":"blademaster:EyeOfTheStorm","floor":2},{"not_picked":["blademaster:FuriousStrike","blademaster:AspectOfLightning"],"picked":"blademaster:WindSlash","floor":3},{"not_picked":["blademaster:Sunder","blademaster:AwakeningStrike","blademaster:Quickstep"],"picked":"SKIP","floor":5},{"not_picked":["blademaster:Slice","blademaster:Overcharge"],"picked":"blademaster:Stormstrike","floor":7}],"player_experience":748773,"relics_obtained":[],"event_choices":[],"is_beta":false,"boss_relics":[],"items_purged_floors":[],"is_endless":false,"potions_floor_spawned":[7],"killed_by":"Gremlin Nob","ascension_level":1}}