{"host":"8xp52u5o8fcssvzz","time":1607844082,"event":{"mods":["2.2 Compatiblity","AchievementEnabler","Act Like it!","Aspiration","BaseMod","Better Altar","Better Match","Better Note","Better Sensory Stone","Better Skull","Better Third Choice","BetterRewards","Colored Map","Conspire","Downfall","GifTheSpireLib","Googly Eyes","Halation","Hallownest","Highlight Path","Hubris","Infinite Spire","Jorbs\u0027s Wanderer Trilogy","Lobotomy","LobotomyExtend","Marisa????????","Mimic Mod","Minty Spire (QoL Compilation)","Remilia_Scarlet Moed?????·?????3.3.5","Remilia??????","Replay The Spire","Spicy Shops","StSLib","Stuff the Spire","The Administrix","The Alterego","The Blackbeard","The Bladedancer","The Cursed","The Gatherer","The Necromancer","The Runesmith","The Servant 0.9.4","TheFirefly","TheSwordswoman","Unceasing Turn Reminder","everything is the same but u backflip on backflip"],"gold_per_floor":[118,136,136,153,53,73,73],"floor_reached":6,"playtime":335,"items_purged":[],"score":61,"play_id":"d9846753-91c1-4312-8dce-9c2d4928fcaf","local_time":"20201212232122","is_ascension_mode":false,"campfire_choices":[],"circlet_count":0,"master_deck":["conspire:GhostlyStrike","conspire:GhostlyStrike","conspire:GhostlyDefend","conspire:GhostlyDefend","conspire:GhostlyDefend","conspire:GhostlyDefend","RedMoon","ScarletShoot","Funeral","Stigmanizer","Woodsman","StarOfDavid","MeatLantern","Septette","conspire:SpireCoStock","conspire:SpireCoStock"],"relics":["ScarletHat","CogitoBucket","LetterFromLob"],"acts_visited":["Exordium"],"potions_floor_usage":[],"damage_taken":[{"damage":1,"enemies":"2 Louse","floor":1,"turns":3},{"damage":0,"enemies":"Jaw Worm","floor":2,"turns":3},{"damage":0,"enemies":"Small Slimes","floor":4,"turns":4},{"damage":142,"enemies":"Lagavulin","floor":6,"turns":6}],"seed_played":"-8273638828988470650","potions_obtained":[{"floor":1,"key":"sneckomod:MuddlingPotion"},{"floor":2,"key":"FairyPotion"}],"is_trial":false,"path_per_floor":["M","M","?","M","?","E"],"character_chosen":"REMILIA","items_purchased":[],"campfire_rested":0,"item_purchase_floors":[],"current_hp_per_floor":[74,75,75,75,75,0,0],"gold":73,"neow_bonus":"","is_daily":false,"chose_seed":false,"campfire_upgraded":0,"win_rate":0.0,"timestamp":1607844082,"path_taken":["M","M","?","M","?","E"],"items_purchased_type":[],"build_version":"2020-11-30","purchased_purges":0,"victory":false,"max_hp_per_floor":[75,75,75,75,75,75,75],"card_choices":[{"not_picked":["Murderer","Alriune"],"picked":"Funeral","floor":1},{"not_picked":["VampireKiss","ScarletGensokyo"],"picked":"Stigmanizer","floor":1},{"not_picked":["Murderer","CherryBlossoms"],"picked":"Woodsman","floor":2},{"not_picked":["RedRainbow","VampireKiss"],"picked":"StarOfDavid","floor":2},{"not_picked":["DespairKnight","ShyLook"],"picked":"MeatLantern","floor":4},{"not_picked":["EmergencyRegeneration","UnderTheZenith"],"picked":"Septette","floor":4}],"player_experience":418494,"relics_obtained":[{"floor":1,"key":"LetterFromLob"}],"event_choices":[{"damage_healed":0,"gold_gain":0,"player_choice":"Agree","damage_taken":0,"max_hp_gain":0,"max_hp_loss":0,"event_name":"conspire:LoneGhost","floor":3,"gold_loss":0},{"damage_healed":0,"gold_gain":0,"player_choice":"Invest 2","damage_taken":0,"max_hp_gain":0,"max_hp_loss":0,"event_name":"conspire:Investor","floor":5,"gold_loss":0}],"is_beta":false,"boss_relics":[],"items_purged_floors":[],"is_endless":false,"potions_floor_spawned":[1,2],"killed_by":"Lagavulin","ascension_level":0}}