{"host":"4cz9gr89nglr7k8k","time":1607899078,"event":{"mods":["BaseMod","Minty Spire (QoL Compilation)","Relic Stats","Slay-I"],"gold_per_floor":[109,10,60,18,18,45,45,78,103,129,153,165,195,217,229,314,326,356,378,390,402,414,451,463,501,539,568,580,643,671,717,729,819,831,858,888,900,900],"floor_reached":37,"playtime":1045,"items_purged":[],"score":1014,"play_id":"34e9ca83-6a7f-4d0a-bfa4-d6ff1b033769","local_time":"20201213233758","is_ascension_mode":true,"campfire_choices":[{"data":"Predator","floor":7,"key":"SMITH"},{"floor":12,"key":"REST"},{"data":"Dramatic Entrance","floor":15,"key":"SMITH"},{"floor":24,"key":"REST"},{"floor":32,"key":"REST"}],"circlet_count":0,"master_deck":["AscendersBane","Strike_G+1","Strike_G+1","Strike_G+1","Strike_G+1","Strike_G+1","Defend_G+1","Defend_G+1","Defend_G+1","Defend_G+1","Defend_G+1","Survivor+1","Neutralize","Predator+1","Dramatic Entrance+1","Endless Agony","Masterful Stab","Terror+1","Backstab","Deflect","Poisoned Stab","Envenom","Malaise","Blade Dance+1","Deflect","Deflect","Calculated Gamble","All Out Attack","Cloak And Dagger","Slice","A Thousand Cuts","Blade Dance","Sucker Punch+1"],"relics":["Ring of the Snake","NeowsBlessing","Bottled Flame","StoneCalendar","War Paint","MawBank","WristBlade","Pantograph","White Beast Statue","Pen Nib","Boot","Ancient Tea Set","SlaversCollar"],"acts_visited":["Exordium","TheCity","TheBeyond"],"potions_floor_usage":[16,18,33,33,37,37],"damage_taken":[{"damage":0,"enemies":"Small Slimes","floor":1,"turns":1},{"damage":0,"enemies":"3 Sentries","floor":6,"turns":1},{"damage":0,"enemies":"Lagavulin","floor":8,"turns":1},{"damage":10,"enemies":"3 Sentries","floor":10,"turns":7},{"damage":0,"enemies":"Cultist","floor":11,"turns":2},{"damage":0,"enemies":"2 Louse","floor":13,"turns":1},{"damage":5,"enemies":"Exordium Wildlife","floor":14,"turns":2},{"damage":17,"enemies":"The Guardian","floor":16,"turns":7},{"damage":0,"enemies":"Shell Parasite","floor":18,"turns":1},{"damage":0,"enemies":"Chosen","floor":19,"turns":2},{"damage":12,"enemies":"Slavers","floor":23,"turns":3},{"damage":22,"enemies":"Book of Stabbing","floor":25,"turns":5},{"damage":0,"enemies":"Shelled Parasite and Fungi","floor":27,"turns":2},{"damage":0,"enemies":"Colosseum Slavers","floor":28,"turns":1},{"damage":0,"enemies":"Centurion and Healer","floor":30,"turns":2},{"damage":0,"enemies":"Gremlin Leader","floor":31,"turns":3},{"damage":66,"enemies":"Collector","floor":33,"turns":8},{"damage":3,"enemies":"Orb Walker","floor":35,"turns":2},{"damage":9,"enemies":"3 Darklings","floor":36,"turns":3},{"damage":50,"enemies":"Spire Growth","floor":37,"turns":3}],"seed_played":"-7426687115984860530","potions_obtained":[{"floor":10,"key":"Strength Potion"},{"floor":13,"key":"SpeedPotion"},{"floor":14,"key":"DistilledChaos"},{"floor":25,"key":"Dexterity Potion"},{"floor":27,"key":"CultistPotion"},{"floor":33,"key":"Ancient Potion"},{"floor":35,"key":"Swift Potion"},{"floor":36,"key":"Fire Potion"}],"is_trial":false,"path_per_floor":["M","$","?","$","?","E","R","E","T","E","M","R","M","M","R","B",null,"M","M","?","?","?","E","R","E","T","M","?","T","M","E","R","B",null,"M","M","M"],"character_chosen":"THE_SILENT","items_purchased":["Dramatic Entrance","Endless Agony"],"campfire_rested":3,"item_purchase_floors":[2,4],"current_hp_per_floor":[59,59,53,53,58,58,58,58,58,48,48,69,69,64,64,47,65,65,65,45,45,45,33,55,33,33,33,33,33,33,33,55,10,60,57,48,0,0],"gold":900,"neow_bonus":"THREE_ENEMY_KILL","is_daily":false,"chose_seed":false,"campfire_upgraded":2,"win_rate":0.0,"timestamp":1607899078,"path_taken":["M","$","?","?","?","E","R","E","T","E","M","R","M","M","R","BOSS","M","M","?","?","?","E","R","E","T","M","?","?","M","E","R","BOSS","M","?","?"],"items_purchased_type":["Card","Card"],"build_version":"2020-11-30","purchased_purges":0,"victory":false,"max_hp_per_floor":[66,66,66,66,71,71,71,71,71,71,71,71,71,71,71,71,71,71,71,76,76,76,76,76,76,76,76,76,76,76,76,76,76,76,76,76,76,76],"relic_stats":{"counters":[20,57],"Pantograph":21,"StoneCalendar":[123],"Pen Nib":[7],"War Paint":["Survivor","Terror"],"MawBank":324,"Boot":[0],"obtain_stats":[{"NeowsBlessing":0,"StoneCalendar":8,"Pen Nib":26,"War Paint":9,"MawBank":10,"Boot":29,"Ancient Tea Set":31,"White Beast Statue":25,"SlaversCollar":34,"Bottled Flame":6,"WristBlade":17,"Pantograph":23,"Ring of the Snake":0},{"NeowsBlessing":0,"StoneCalendar":3,"Pen Nib":12,"War Paint":3,"MawBank":4,"Boot":14,"Ancient Tea Set":16,"White Beast Statue":12,"SlaversCollar":17,"Bottled Flame":2,"WristBlade":8,"Pantograph":11,"Ring of the Snake":0},{"NeowsBlessing":0,"StoneCalendar":3,"Pen Nib":33,"War Paint":3,"MawBank":10,"Boot":36,"Ancient Tea Set":41,"White Beast Statue":33,"SlaversCollar":49,"Bottled Flame":2,"WristBlade":22,"Pantograph":28,"Ring of the Snake":0}],"Ring of the Snake":[43]},"card_choices":[{"not_picked":["Dagger Throw","Escape Plan"],"picked":"Predator","floor":1},{"not_picked":["Deadly Poison","Prepared"],"picked":"Masterful Stab","floor":6},{"not_picked":["Dagger Throw","Sucker Punch"],"picked":"Terror","floor":8},{"not_picked":["Expertise","Backflip"],"picked":"Backstab","floor":10},{"not_picked":["Quick Slash","Outmaneuver"],"picked":"Deflect","floor":11},{"not_picked":["Deadly Poison","Catalyst"],"picked":"Poisoned Stab","floor":13},{"not_picked":["Sucker Punch","Acrobatics"],"picked":"Envenom","floor":14},{"not_picked":["Venomology","Storm of Steel"],"picked":"Malaise","floor":16},{"not_picked":["Concentrate","Calculated Gamble"],"picked":"Blade Dance+1","floor":18},{"not_picked":["Dodge and Roll","Quick Slash"],"picked":"Deflect","floor":19},{"not_picked":["Grand Finale","Bane"],"picked":"Deflect","floor":23},{"not_picked":["Acrobatics","Heel Hook"],"picked":"Calculated Gamble","floor":25},{"not_picked":["Poisoned Stab","Predator"],"picked":"All Out Attack","floor":27},{"not_picked":["Terror","Deflect"],"picked":"Cloak And Dagger","floor":30},{"not_picked":["Flying Knee","Escape Plan"],"picked":"Slice","floor":31},{"not_picked":["Venomology","Adrenaline"],"picked":"A Thousand Cuts","floor":33},{"not_picked":["Blur+1","Poisoned Stab+1"],"picked":"Blade Dance","floor":35},{"not_picked":["Dagger Throw","Setup"],"picked":"Sucker Punch+1","floor":36}],"player_experience":1439013,"relics_obtained":[{"floor":6,"key":"Bottled Flame"},{"floor":8,"key":"StoneCalendar"},{"floor":9,"key":"War Paint"},{"floor":10,"key":"MawBank"},{"floor":23,"key":"Pantograph"},{"floor":25,"key":"White Beast Statue"},{"floor":26,"key":"Pen Nib"},{"floor":29,"key":"Boot"},{"floor":31,"key":"Ancient Tea Set"}],"event_choices":[{"damage_healed":0,"gold_gain":50,"player_choice":"Touch","damage_taken":6,"max_hp_gain":0,"max_hp_loss":0,"event_name":"FaceTrader","floor":3,"gold_loss":0},{"damage_healed":0,"gold_gain":0,"player_choice":"Donut","damage_taken":0,"max_hp_gain":5,"max_hp_loss":0,"event_name":"Big Fish","floor":5,"gold_loss":0},{"damage_healed":0,"gold_gain":0,"player_choice":"Shed Blood","damage_taken":25,"max_hp_gain":5,"max_hp_loss":0,"event_name":"Forgotten Altar","floor":20,"gold_loss":0},{"damage_healed":0,"gold_gain":0,"player_choice":"Simplicity","damage_taken":0,"max_hp_gain":0,"max_hp_loss":0,"event_name":"Back to Basics","floor":21,"gold_loss":0,"cards_upgraded":["Strike_G","Strike_G","Strike_G","Strike_G","Strike_G","Defend_G","Defend_G","Defend_G","Defend_G","Defend_G"]},{"damage_healed":0,"gold_gain":0,"player_choice":"Ignored","damage_taken":0,"max_hp_gain":0,"max_hp_loss":0,"event_name":"Ghosts","floor":22,"gold_loss":0},{"damage_healed":0,"gold_gain":0,"player_choice":"Fight","damage_taken":0,"max_hp_gain":0,"max_hp_loss":0,"event_name":"Colosseum","floor":28,"gold_loss":0},{"damage_healed":0,"gold_gain":0,"player_choice":"Fled From Nobs","damage_taken":0,"max_hp_gain":0,"max_hp_loss":0,"event_name":"Colosseum","floor":28,"gold_loss":0}],"is_beta":false,"boss_relics":[{"not_picked":["Snecko Eye","Empty Cage"],"picked":"WristBlade"},{"not_picked":["Velvet Choker","Pandora\u0027s Box"],"picked":"SlaversCollar"}],"items_purged_floors":[],"is_endless":false,"potions_floor_spawned":[10,13,14,25,27,28,30,31,33,35,36],"killed_by":"Spire Growth","ascension_level":19}}