{"host":"7gewg82ormp6yt4e","time":1607843042,"event":{"mods":["BaseMod","Block Reminder","Colored Map","Colored Powertips","DeckTracker","Highlight Path","Minty Spire (QoL Compilation)","Relic Stats","StSLib"],"gold_per_floor":[114,114,124,142,161,161,161,161],"floor_reached":7,"playtime":170,"items_purged":[],"score":86,"play_id":"96e397b6-3fea-4c97-9e51-b6affab6f0b0","local_time":"20201213160402","is_ascension_mode":true,"campfire_choices":[{"data":"Crippling Poison","floor":6,"key":"SMITH"}],"circlet_count":0,"master_deck":["AscendersBane","Strike_G","Strike_G","Strike_G","Strike_G","Strike_G","Defend_G","Defend_G","Defend_G","Defend_G","Defend_G","Survivor","Neutralize","Crippling Poison+1","PiercingWail","Flying Knee","Well Laid Plans"],"relics":["Ring of the Snake","NeowsBlessing","Omamori"],"acts_visited":["Exordium"],"potions_floor_usage":[],"damage_taken":[{"damage":0,"enemies":"2 Louse","floor":1,"turns":1},{"damage":0,"enemies":"Cultist","floor":3,"turns":1},{"damage":0,"enemies":"Jaw Worm","floor":4,"turns":1},{"damage":1,"enemies":"2 Fungi Beasts","floor":5,"turns":4},{"damage":33,"enemies":"Lagavulin","floor":7,"turns":8}],"seed_played":"-2310660951974657665","potions_obtained":[{"floor":1,"key":"Strength Potion"}],"is_trial":false,"path_per_floor":["M","?","M","M","M","R","E"],"character_chosen":"THE_SILENT","items_purchased":[],"campfire_rested":0,"item_purchase_floors":[],"current_hp_per_floor":[59,59,59,59,58,58,25,25],"gold":161,"neow_bonus":"THREE_ENEMY_KILL","is_daily":false,"chose_seed":false,"campfire_upgraded":1,"win_rate":0.0,"timestamp":1607843042,"path_taken":["M","?","M","?","M","R","E"],"items_purchased_type":[],"build_version":"2020-11-30","purchased_purges":0,"victory":false,"max_hp_per_floor":[66,66,66,66,66,66,66,66],"relic_stats":{"counters":[5,15],"obtain_stats":[{"NeowsBlessing":0,"Omamori":2,"Ring of the Snake":0},{"NeowsBlessing":0,"Omamori":1,"Ring of the Snake":0},{"NeowsBlessing":0,"Omamori":1,"Ring of the Snake":0}],"Ring of the Snake":[10]},"card_choices":[{"not_picked":["All Out Attack","Catalyst"],"picked":"Crippling Poison","floor":1},{"not_picked":["Blade Dance","Flechettes"],"picked":"PiercingWail","floor":3},{"not_picked":["Well Laid Plans","Underhanded Strike"],"picked":"Flying Knee","floor":4},{"not_picked":["PiercingWail","Outmaneuver"],"picked":"Well Laid Plans","floor":5}],"player_experience":2339609,"relics_obtained":[],"event_choices":[{"damage_healed":0,"gold_gain":0,"player_choice":"Gave Potion","damage_taken":0,"relics_obtained":["Omamori"],"max_hp_gain":0,"max_hp_loss":0,"event_name":"WeMeetAgain","floor":2,"gold_loss":0}],"is_beta":false,"boss_relics":[],"items_purged_floors":[],"is_endless":false,"potions_floor_spawned":[1],"killed_by":"Lagavulin","ascension_level":20}}