{"host":"idnw6fyeq3u7eand","time":1607858655,"event":{"mods":["BaseMod","Card Forge","Colored Map","DeckTracker","GungeonMod","Hermit","KOR Keyword Fix","Lobotomy","Minty Spire (QoL Compilation)","Quick Restart","Random Character Button","Replay The Spire","StSLib","SuperFastMode","The Bug Knight","The Cursed","The Dragon Tamer","The Hierophant","The Runesmith"],"gold_per_floor":[116,116,132,147,160,160,172,201,201,221,70,70,70,99,99,196,196,211,211,227,246,246,273,198,230,230,255,255,15,45,56,56,152,152,167,185,185,205,255,285,356,356,406,120,120,154,168,178,178,178,178,178,20,54,54,54,54],"floor_reached":55,"playtime":17665,"items_purged":[],"score":1271,"play_id":"117f0bce-be4f-42d3-b14e-e6ac13fba85b","local_time":"20201213182415","is_ascension_mode":true,"metric_token":1247,"campfire_choices":[{"data":"DTMod:BurningEnergy","floor":6.0,"key":"SMITH"},{"data":"DTMod:HeadStart","floor":15.0,"key":"SMITH"},{"data":"DTMod:Prediction","floor":32.0,"key":"SMITH"},{"floor":45,"key":"RECALL"},{"floor":49,"key":"REST"},{"floor":52,"key":"REST"}],"dtmod_dragon_data":[0,50,2,1,4,14],"circlet_count":0,"master_deck":["DTMod:SwitchingTactic+1","DTMod:Shift+1","DTMod:StarRain+1","DTMod:BurningEnergy+1","DTMod:MagicField+1","DTMod:Safeguard+1","BlackAim","HpAim","DTMod:Dissolve+1","DTMod:BurningEnergy+1","DTMod:BurningForce+1","DTMod:HeadStart+1","DTMod:Prediction+1","DTMod:WarmUp+1","DTMod:Dissolve+1","DTMod:BurningForce+1","DTMod:InvisibleFlame+1"],"relics":["DTMod:PactStone","Hammer of Thor","Seething Fire","Anvil of the Gods","ReplayTheSpireMod:Lightbulb","FaceOfCleric","Bottled Lightning","DemoMod:MonsterBlood","Ring of Searing","ReplayTheSpireMod:Ring of Collecting","PreservedInsect","Replay:Ancient Bell","Orichalcum","Garlic","Du-Vu Doll","Mango","Torii","Blood Vial","ReplayTheSpireMod:Ring of Exchange","Boot","Ancient Tea Set","MutagenicStrength","Replay:WaspNest","Golden Egg","ChewingGum","Ginger","Iron Hammer","Ring of Greed","Sundial","Replay:Wax Seal","Blue Doll","Membership Card","ReplayTheSpireMod:Shallot","Calipers","DemoMod:GlassGuonStoneRelic","Ornamental Fan","ReplayTheSpireMod:TigerMarble"],"acts_visited":["Exordium","TheCity","TheBeyond","TheEnding"],"potions_floor_usage":[50,54,54],"damage_taken":[{"damage":3.0,"enemies":"Jaw Worm","floor":1.0,"turns":4.0},{"damage":0.0,"enemies":"Cultist","floor":3.0,"turns":4.0},{"damage":0.0,"enemies":"2 Louse","floor":4.0,"turns":2.0},{"damage":0.0,"enemies":"2 Fungi Beasts","floor":5.0,"turns":3.0},{"damage":0.0,"enemies":"Lots of Slimes","floor":7.0,"turns":6.0},{"damage":4.0,"enemies":"Lagavulin","floor":8.0,"turns":6.0},{"damage":0.0,"enemies":"Exordium Thugs","floor":10.0,"turns":4.0},{"damage":0.0,"enemies":"HollowMod:MossKnight","floor":14.0,"turns":2.0},{"damage":5.0,"enemies":"The Guardian","floor":16.0,"turns":3.0},{"damage":19.0,"enemies":"3 Byrds","floor":18.0,"turns":5.0},{"damage":0.0,"enemies":"Chosen","floor":20.0,"turns":2.0},{"damage":0.0,"enemies":"Shelled Parasite and Fungi","floor":21.0,"turns":2.0},{"damage":31.0,"enemies":"Gremlin Leader","floor":23.0,"turns":4.0},{"damage":11.0,"enemies":"Book of Stabbing","floor":25.0,"turns":3.0},{"damage":0.0,"enemies":"Slavers","floor":27.0,"turns":3.0},{"damage":0.0,"enemies":"Gremlin Leader","floor":30.0,"turns":2.0},{"damage":0.0,"enemies":"Cultist and Chosen","floor":31.0,"turns":3.0},{"damage":0.0,"enemies":"Champ","floor":33.0,"turns":6.0},{"damage":36.0,"enemies":"3 Darklings","floor":35.0,"turns":5.0},{"damage":24.0,"enemies":"3 Shapes","floor":36.0,"turns":4.0},{"damage":0,"enemies":"Jaw Worm Horde","floor":38,"turns":2},{"damage":0,"enemies":"Mind Bloom Boss Battle","floor":39,"turns":2},{"damage":0,"enemies":"R_Hoarder","floor":40,"turns":6},{"damage":6,"enemies":"Nemesis","floor":46,"turns":3},{"damage":0,"enemies":"Spire Growth","floor":47,"turns":2},{"damage":0,"enemies":"4 Shapes","floor":48,"turns":3},{"damage":10,"enemies":"Time Eater","floor":50,"turns":5},{"damage":2,"enemies":"Shield and Spear","floor":54,"turns":2},{"damage":15,"enemies":"The Heart","floor":55,"turns":5}],"seed_played":"-7632054674950754124","potions_obtained":[{"floor":1.0,"key":"ColorlessPotion"},{"floor":4.0,"key":"Dexterity Potion"},{"floor":8.0,"key":"Fire Potion"},{"floor":30.0,"key":"Strength Potion"},{"floor":31.0,"key":"DistilledChaos"},{"floor":38,"key":"PowerPotion"}],"is_trial":false,"path_per_floor":["M","?","M","M","M","R","M","E","T","M","$","?","?","E","R","B",null,"M","?","M","M","?","E","?","E","T","E","?","$","E","M","R","B",null,"M","M","?","M","?","E","?","?","T","$","R","E","M","M","R","B",null,"R","$","E","B"],"character_chosen":"THE_DT","items_purchased":["DemoMod:MonsterBlood","Replay:WaspNest","Membership Card","ReplayTheSpireMod:Shallot","DTMod:InvisibleFlame","Ornamental Fan"],"campfire_rested":2,"item_purchase_floors":[11,29,44,44,53,53],"current_hp_per_floor":[42,42,43,44,45,45,46,43,43,48,55,55,55,56,56,52,60,46,46,51,52,66,40,40,34,34,41,41,41,44,47,47,54,83,48,31,31,38,45,52,30,30,30,30,30,31,38,45,72,69,92,92,92,91,82,82,82],"gold":54,"neow_bonus":"RANDOM_COMMON_RELIC","is_daily":false,"chose_seed":false,"campfire_upgraded":3,"win_rate":0.0,"timestamp":1607858655,"path_taken":["M","?","M","M","M","R","M","E","T","M","?","?","?","E","R","BOSS","M","?","?","M","?","E","?","E","T","E","?","?","E","M","R","BOSS","M","M","?","M","?","E","?","?","T","$","R","E","M","M","R","BOSS","R","$","E","BOSS"],"items_purchased_type":["Relic","Relic","Relic","Relic","Card","Relic"],"build_version":"2020-11-30","purchased_purges":0,"victory":false,"max_hp_per_floor":[45,45,46,47,48,48,49,50,50,51,58,58,58,59,59,60,60,61,61,62,63,77,78,78,79,79,80,80,80,81,82,82,83,83,84,85,85,86,87,88,88,88,88,88,88,89,90,91,91,92,92,92,92,93,93,93,93],"card_choices":[{"not_picked":["DTMod:BlueScale","DTMod:Punisher"],"picked":"DTMod:Shift","floor":1.0},{"not_picked":["DTMod:MagicField","DTMod:HeatWave"],"picked":"DTMod:StarRain","floor":3.0},{"not_picked":["DTMod:QuickFly","DTMod:MasterPlan"],"picked":"DTMod:BurningEnergy","floor":4.0},{"not_picked":["DTMod:Threaten","DTMod:DeepFocus"],"picked":"DTMod:MagicField","floor":5.0},{"not_picked":["DTMod:ComboAttack","DTMod:BizarreTactic"],"picked":"DTMod:BreakAttack","floor":7.0},{"not_picked":["DTMod:MaximumCharge","DTMod:FlameSlash"],"picked":"DTMod:Safeguard","floor":8.0},{"not_picked":["DTMod:Threaten","DTMod:CleansingStrike","DTMod:BurningForce"],"picked":"SKIP","floor":10.0},{"not_picked":["DTMod:FlameSlash","DTMod:Feint"],"picked":"DTMod:HeadStart","floor":14.0},{"not_picked":["DTMod:SealedStrike","DTMod:Outburst"],"picked":"DTMod:Prediction","floor":16.0},{"not_picked":["Replay:Hysterical Blindness","Writhe"],"picked":"Sickly","floor":17.0},{"not_picked":["Pain","CurseOfTheBell"],"picked":"ReplayTheSpireMod:Splinters","floor":17.0},{"not_picked":["Regret","Replay:Hysterical Blindness"],"picked":"Delirium","floor":17.0},{"not_picked":["DTMod:ForkedFire","DTMod:HeatWave","DTMod:BalancedStrike"],"picked":"SKIP","floor":18.0},{"not_picked":["DTMod:BizarreTactic","DTMod:Feint","DTMod:TagTeam+1"],"picked":"SKIP","floor":20.0},{"not_picked":["DTMod:MaximumCharge","DTMod:CleansingStrike","DTMod:StarRain"],"picked":"SKIP","floor":21.0},{"not_picked":["DTMod:BlueScale","DTMod:TagTeam","DTMod:Conduct"],"picked":"SKIP","floor":23.0},{"not_picked":["DTMod:Punisher","DTMod:Astonish"],"picked":"DTMod:WarmUp+1","floor":25.0},{"not_picked":["DTMod:ShieldDrain","DTMod:StarRain","DTMod:BlazingStrike"],"picked":"SKIP","floor":27.0},{"not_picked":["DTMod:BreakAttack","DTMod:MasterPlan"],"picked":"DTMod:Dissolve","floor":30.0},{"not_picked":["DTMod:MasterPlan","DTMod:TagTeam","DTMod:QuickFly"],"picked":"SKIP","floor":31.0},{"not_picked":["DTMod:Punisher+1","DTMod:Cover+1","DTMod:Feint"],"picked":"SKIP","floor":35.0},{"not_picked":["DTMod:Training","DTMod:Feint+1"],"picked":"DTMod:BurningForce+1","floor":36.0},{"not_picked":["DTMod:StarRain","DTMod:BizarreTactic+1","DTMod:CrossStep+1"],"picked":"SKIP","floor":38},{"not_picked":["DTMod:BuildUp+1","DTMod:TauntingStrike","DTMod:BreakAttack+1"],"picked":"SKIP","floor":40},{"not_picked":["DTMod:Coolant+1","DTMod:ShieldDrain","DTMod:Harmonize"],"picked":"SKIP","floor":46},{"not_picked":["DTMod:BuildUp+1","DTMod:PurifyingFlame","DTMod:MagicField+1"],"picked":"SKIP","floor":47},{"not_picked":["DTMod:BlazingStrike+1","DTMod:SneakAttack+1","DTMod:ForkedFire"],"picked":"SKIP","floor":48},{"not_picked":["DTMod:Hide+1","DTMod:BuildUp","DTMod:BlazingStrike"],"picked":"SKIP","floor":54}],"player_experience":318636,"relics_obtained":[{"floor":8.0,"key":"Bottled Lightning"},{"floor":13.0,"key":"Ring of Searing"},{"floor":13.0,"key":"ReplayTheSpireMod:Ring of Collecting"},{"floor":14.0,"key":"PreservedInsect"},{"floor":23.0,"key":"Torii"},{"floor":25.0,"key":"Blood Vial"},{"floor":26.0,"key":"ReplayTheSpireMod:Ring of Exchange"},{"floor":26.0,"key":"Boot"},{"floor":27.0,"key":"Ancient Tea Set"},{"floor":30.0,"key":"Golden Egg"},{"floor":39,"key":"Ginger"},{"floor":40,"key":"Iron Hammer"},{"floor":43,"key":"Ring of Greed"},{"floor":43,"key":"Sundial"},{"floor":43,"key":"Replay:Wax Seal"},{"floor":43,"key":"Blue Doll"},{"floor":46,"key":"Calipers"},{"floor":54,"key":"ReplayTheSpireMod:TigerMarble"}],"event_choices":[{"damage_healed":0.0,"max_hp_gain":0.0,"max_hp_loss":0.0,"gold_gain":0.0,"event_name":"FaceTrader","player_choice":"Trade","floor":2.0,"gold_loss":0.0,"damage_taken":0.0,"relics_obtained":["FaceOfCleric"]},{"damage_healed":0.0,"max_hp_gain":0.0,"max_hp_loss":0.0,"gold_gain":0.0,"event_name":"Shining Light","player_choice":"Ignored","floor":12.0,"gold_loss":0.0,"damage_taken":0.0},{"cards_removed":["Delirium","ReplayTheSpireMod:Splinters","Sickly"],"damage_healed":0.0,"max_hp_gain":0.0,"max_hp_loss":0.0,"gold_gain":0.0,"event_name":"Fountain of Cleansing","player_choice":"Removed Curses","floor":19.0,"gold_loss":0.0,"damage_taken":0.0},{"cards_removed":["Overencumbered"],"damage_healed":0.0,"max_hp_gain":0.0,"max_hp_loss":0.0,"gold_gain":0.0,"event_name":"Beggar","player_choice":"Gave Gold","floor":24.0,"gold_loss":75.0,"damage_taken":0.0},{"damage_healed":0.0,"max_hp_gain":0.0,"max_hp_loss":0.0,"gold_gain":0.0,"event_name":"Drug Dealer","player_choice":"Inject Mutagens","floor":28.0,"gold_loss":0.0,"damage_taken":0.0,"relics_obtained":["MutagenicStrength"]},{"cards_removed":["DTMod:BreakAttack"],"damage_healed":0.0,"max_hp_gain":0.0,"max_hp_loss":0.0,"gold_gain":0.0,"event_name":"Falling","player_choice":"Removed Attack","floor":37.0,"gold_loss":0.0,"damage_taken":0.0},{"damage_healed":0,"gold_gain":0,"player_choice":"Fight","damage_taken":0,"max_hp_gain":0,"max_hp_loss":0,"event_name":"MindBloom","floor":39,"gold_loss":0},{"damage_healed":0,"gold_gain":0,"player_choice":"Upgraded","damage_taken":0,"max_hp_gain":0,"max_hp_loss":0,"event_name":"Upgrade Shrine","floor":42,"gold_loss":0,"cards_upgraded":["DTMod:Dissolve"]}],"is_beta":false,"boss_relics":[{"not_picked":["Snecko Eye","Astrolabe"],"picked":"Replay:Ancient Bell"},{"not_picked":["Replay:Bandana","Oddly Smooth Stone"],"picked":"Orichalcum"},{"not_picked":["DemoMod:MemoryAlloy","Replay:Bottled Snecko"],"picked":"Garlic"},{"not_picked":["Durian","DemoMod:RingOfEthereal"],"picked":"Du-Vu Doll"},{"not_picked":["SacredBark","Runic Pyramid"],"picked":"ChewingGum"}],"items_purged_floors":[],"is_endless":false,"potions_floor_spawned":[1,4,8,10,14,16,20,30,31,38,39,46],"killed_by":"The Heart","ascension_level":1}}