{"host":"ysfsqg56rsjwjc5s","time":1607834448,"event":{"mods":["AchievementEnabler","Act Like it!","Ascension Reborn","BaseMod","Better Third Choice","BetterRewards","Colored Map","Colored Powertips","Curses Come First","Energized Spire","Gold Saver","Hallownest","Hubris","Minty Spire (QoL Compilation)","Permanent Neow","Quick Restart","Replay The Spire","Spicy Shops","StSLib","The Bladedancer","The Construct","The Disciple","??????REMEMod"],"gold_per_floor":[1228,1241,1241,1252,533,533,567,540,540,540,540,565,583,583,686,686,699,712,722,270,270,270,83,83,109,128,128,128],"floor_reached":28,"playtime":1664,"items_purged":[],"score":241,"play_id":"07e8f7c0-031f-49f3-88ca-60383bbf7670","local_time":"20201212224048","is_ascension_mode":true,"campfire_choices":[{"data":"construct:Antimatter","floor":6,"key":"SMITH"},{"data":"construct:Antimatter+1","floor":10,"key":"SMITH"},{"floor":12,"key":"REST"},{"floor":15,"key":"REST"},{"floor":23,"key":"REST"},{"floor":25,"key":"REST"}],"circlet_count":0,"master_deck":["construct:Strike_Gold","construct:Strike_Gold","construct:Strike_Gold","construct:Strike_Gold","construct:Strike_Gold","construct:Defend_Gold+1","construct:Defend_Gold+2","construct:Defend_Gold","construct:Defend_Gold","construct:Defend_Gold+1","construct:AttackMode+1","construct:DefenseMode","Strike_G","Defend_B","Vigilance","Bash","blademaster:Lacerate","BackFourSeconds+1","construct:Antimatter+2","construct:Versatility","construct:SaveState","construct:SaveState+1","construct:Boost","construct:ScopeCore","construct:ClockworkEgg+1","Hallucinations","SwitchThreat","Hallownest:curseDreamersLament","construct:OneWayMirror","construct:Versatility","construct:Forcefield+1","Trip","construct:HyperBeam","construct:FlameCore","construct:ShiftGuard+1"],"relics":["construct:ClockworkPhoenix","REME_ComplimentaryCards","hubris:Teleporter","ReplayFunnel","Bottled Lightning","ReplayTheSpireMod:Ninjato","Replay:Wax Seal","construct:MegaBattery","hubris:ToyBattleship","Replay:Ancient Bell","ReplayTheSpireMod:Lightbulb","Mummified Hand","StoneCalendar","Membership Card","Gremlin Food","Guide Book","War Paint","ClockworkSouvenir","hubris:SlimyHat"],"acts_visited":["Exordium","TheCity"],"potions_floor_usage":[],"damage_taken":[{"damage":18,"enemies":"Cultist","floor":1,"turns":5},{"damage":10,"enemies":"Small Slimes","floor":2,"turns":5},{"damage":5,"enemies":"Jaw Worm","floor":4,"turns":4},{"damage":51,"enemies":"3 Sentries","floor":7,"turns":11},{"damage":0,"enemies":"Exordium Wildlife","floor":14,"turns":4},{"damage":7,"enemies":"Slime Boss","floor":16,"turns":7},{"damage":14,"enemies":"Shell Parasite","floor":18,"turns":5},{"damage":28,"enemies":"Chosen","floor":19,"turns":6},{"damage":51,"enemies":"Centurion and Healer","floor":20,"turns":8},{"damage":21,"enemies":"Shelled Parasite and Fungi","floor":27,"turns":5},{"damage":73,"enemies":"3 Cultists","floor":28,"turns":6}],"seed_played":"-2708105048954490527","potions_obtained":[{"floor":4,"key":"Toxic Potion"},{"floor":27,"key":"PowerPotion"}],"is_trial":false,"path_per_floor":["M","M","?","M","$","R","E","?","T","R","R","T","M","R","B",null,"M","M","M","$","?","R","$","R","T","M","M"],"character_chosen":"THE_CONSTRUCT_MOD","items_purchased":["ReplayFunnel","Bottled Lightning","ReplayTheSpireMod:Ninjato","construct:SaveState","Membership Card","Gremlin Food","Guide Book","Trip","construct:HyperBeam","construct:FlameCore","War Paint","ClockworkSouvenir"],"campfire_rested":4,"item_purchase_floors":[5,5,5,5,21,21,21,21,21,24,24,24],"current_hp_per_floor":[71,66,85,80,80,80,32,32,32,32,57,57,57,82,75,85,71,51,14,14,14,39,39,64,64,56,0,0],"gold":128,"neow_bonus":"ONE_RARE_RELIC","is_daily":false,"chose_seed":false,"campfire_upgraded":2,"win_rate":0.0,"timestamp":1607834448,"path_taken":["M","?","?","M","$","R","E","?","T","R","R","?","M","R","BOSS","M","M","M","$","?","R","$","R","T","M","M"],"items_purchased_type":["Relic","Relic","Relic","Card","Relic","Relic","Relic","Card","Card","Card","Relic","Relic"],"build_version":"2020-11-30","purchased_purges":0,"victory":false,"max_hp_per_floor":[85,85,85,85,85,85,85,85,85,85,85,85,85,85,85,85,85,85,85,85,85,85,85,85,85,85,85,85],"card_choices":[{"not_picked":["construct:QuickAttack","construct:HardReboot"],"picked":"construct:Antimatter","floor":1},{"not_picked":["construct:Autoturret","construct:HeavyBolt"],"picked":"construct:Versatility","floor":2},{"not_picked":["construct:ForceCore","construct:Anticipate"],"picked":"construct:SaveState","floor":4},{"not_picked":["construct:ScrapCannon","construct:Overcharge"],"picked":"construct:Boost","floor":7},{"not_picked":["construct:ShieldBurst","construct:ShiftStrike"],"picked":"construct:ScopeCore","floor":14},{"not_picked":["construct:HammerDown","construct:ShiftingStance"],"picked":"construct:ClockworkEgg","floor":16},{"not_picked":["Regret","Languid"],"picked":"Hallucinations","floor":17},{"not_picked":["hubris:Disease","Hallucinations"],"picked":"SwitchThreat","floor":17},{"not_picked":["Regret","hubris:Disease"],"picked":"Hallownest:curseDreamersLament","floor":17},{"not_picked":["construct:SyphonStrike","construct:FierceBash"],"picked":"construct:OneWayMirror","floor":18},{"not_picked":["construct:Chainstrike","construct:SaveState"],"picked":"construct:Versatility","floor":19},{"not_picked":["construct:HardReboot","construct:Anticipate"],"picked":"construct:Forcefield+1","floor":20},{"not_picked":["construct:ScrapCannon","construct:Tumble+1"],"picked":"construct:ShiftGuard+1","floor":27}],"player_experience":64526,"relics_obtained":[{"floor":7,"key":"Replay:Wax Seal"},{"floor":9,"key":"construct:MegaBattery"},{"floor":13,"key":"hubris:ToyBattleship"},{"floor":26,"key":"hubris:SlimyHat"}],"event_choices":[{"damage_healed":28,"gold_gain":0,"player_choice":"Banana","damage_taken":0,"max_hp_gain":0,"max_hp_loss":0,"event_name":"Big Fish","floor":3,"gold_loss":0},{"damage_healed":0,"gold_gain":0,"player_choice":"Left","damage_taken":0,"max_hp_gain":0,"max_hp_loss":0,"event_name":"betterThird:BetterGoop","floor":8,"gold_loss":27},{"damage_healed":0,"gold_gain":0,"player_choice":"Ignored","damage_taken":0,"max_hp_gain":0,"max_hp_loss":0,"event_name":"Cursed Tome","floor":22,"gold_loss":0}],"is_beta":false,"boss_relics":[{"not_picked":["Runic Dome","ReplayTheSpireMod:DimensionalGlitch"],"picked":"Replay:Ancient Bell"},{"not_picked":["REME_PuzzleBoxRelic","MawBank"],"picked":"ReplayTheSpireMod:Lightbulb"},{"not_picked":["ReplayTheSpireMod:Shallot","Eternal Feather"],"picked":"Mummified Hand"},{"not_picked":["Mango","hubris:Potato"],"picked":"StoneCalendar"}],"items_purged_floors":[],"is_endless":false,"potions_floor_spawned":[1,4,27],"killed_by":"3 Cultists","ascension_level":0}}