{"host":"k1s7ceisg8awo2gn","time":1607883898,"event":{"mods":["Act Like it!","Ascension Reborn","Aspiration","BaseMod","Colored Map","Colored Powertips","Conspire","Downfall","Hermit","Hubris","Minty Spire (QoL Compilation)","Quick Restart","Random Character Button","Replay The Spire","StSLib","The Animator","The Cursed","The Jungle","The Servant 0.9.4","slay the spire mod where everything is the same but ironclad has a cowboy hat","vexMod"],"gold_per_floor":[112,124,140,156,56,110,110,131,156,173,13,45,97,119,119,251,551,561,561],"floor_reached":18,"playtime":1667,"items_purged":[],"score":174,"play_id":"639396b5-0f0f-45bb-8740-eed10fdfb3e8","local_time":"20201213132458","is_ascension_mode":true,"campfire_choices":[{"data":"Strike_B","floor":15,"key":"PURGE"}],"circlet_count":0,"master_deck":["Strike_B","Strike_B","Strike_B","Defend_B","Defend_B","Defend_B","Defend_B","Zap","Dualcast","Glacier","Panic Button","Panic Button","ReplayTheSpireMod:Dual Polarity","conspire:SpireCoStock","conspire:SpireCoStock","FIFO Queue","Stack","Conserve Battery","Stack","Stack","Panic Button","Storm","ReplayRNGCard","Aggregate","Redo","hubris:DoWhile","Writhe","Voices","Slimebound:Icky"],"relics":["Cracked Core","Kunai","Peace Pipe","Replay:Ancient Bell","vexMod:MemoryStick","Toxic Egg 2","Old Coin"],"acts_visited":["Exordium","Exordium"],"potions_floor_usage":[10,14,16,16,16],"damage_taken":[{"damage":5,"enemies":"Jaw Worm","floor":1,"turns":4},{"damage":1,"enemies":"2 Louse","floor":2,"turns":3},{"damage":0,"enemies":"Cultist","floor":3,"turns":5},{"damage":3,"enemies":"Red Slaver","floor":4,"turns":5},{"damage":14,"enemies":"Lagavulin","floor":6,"turns":8},{"damage":2,"enemies":"3 Louse","floor":8,"turns":5},{"damage":1,"enemies":"Looter","floor":10,"turns":4},{"damage":6,"enemies":"Replay:BlueRogue","floor":12,"turns":10},{"damage":4,"enemies":"2 Fungi Beasts","floor":14,"turns":7},{"damage":56,"enemies":"The Guardian","floor":16,"turns":14},{"damage":82,"enemies":"Shell Parasite","floor":18,"turns":14}],"seed_played":"-6717003427676123630","potions_obtained":[{"floor":1,"key":"Regen Potion"},{"floor":3,"key":"Dexterity Potion"},{"floor":4,"key":"Block Potion"},{"floor":13,"key":"EssenceOfSteel"},{"floor":14,"key":"SteroidPotion"}],"is_trial":false,"path_per_floor":["M","M","M","M","?","E","?","M","T","M","$","E","?","M","R","B",null,"M"],"character_chosen":"DEFECT","items_purchased":["Stack","Panic Button","Storm"],"campfire_rested":0,"item_purchase_floors":[11,11,11],"current_hp_per_floor":[77,76,76,73,73,59,59,57,57,68,68,62,62,58,58,2,82,0,0],"gold":561,"neow_bonus":"TEN_PERCENT_HP_BONUS","is_daily":false,"chose_seed":false,"campfire_upgraded":0,"win_rate":0.0,"timestamp":1607883898,"path_taken":["M","M","M","M","?","E","?","?","T","M","?","E","?","?","R","BOSS","M"],"items_purchased_type":["Card","Card","Card"],"build_version":"2020-11-30","purchased_purges":0,"victory":false,"max_hp_per_floor":[82,82,82,82,82,82,82,82,82,82,82,82,82,82,82,82,82,82,82],"card_choices":[{"not_picked":["Sweeping Beam","Loop"],"picked":"Glacier","floor":1},{"not_picked":["Sweeping Beam","hubris:PowerSurge"],"picked":"Panic Button","floor":2},{"not_picked":["Heatsinks","Streamline"],"picked":"Panic Button","floor":3},{"not_picked":["Turbo","Aggregate"],"picked":"ReplayTheSpireMod:Dual Polarity","floor":4},{"not_picked":["Sweeping Beam","Steam Power"],"picked":"FIFO Queue","floor":6},{"not_picked":["Streamline","Sweeping Beam"],"picked":"Stack","floor":8},{"not_picked":["Coolheaded","FTL"],"picked":"Conserve Battery","floor":10},{"not_picked":["Leap","Compile Driver"],"picked":"ReplayRNGCard","floor":12},{"not_picked":["Coolheaded","Sweeping Beam"],"picked":"Aggregate","floor":13},{"not_picked":["Ball Lightning","Streamline"],"picked":"Redo","floor":14},{"not_picked":["hubris:Prefetch","All For One"],"picked":"hubris:DoWhile","floor":16},{"not_picked":["Doubt","animator:Curse_Nutcracker"],"picked":"Writhe","floor":17},{"not_picked":["Guardian:Aged","Normality"],"picked":"Voices","floor":17},{"not_picked":["hexamod:Haunted","hubris:Compulsion"],"picked":"Slimebound:Icky","floor":17}],"player_experience":118334,"relics_obtained":[{"floor":6,"key":"Kunai"},{"floor":12,"key":"Peace Pipe"}],"event_choices":[{"damage_healed":0,"gold_gain":0,"player_choice":"Invest 2","damage_taken":0,"max_hp_gain":0,"max_hp_loss":0,"event_name":"conspire:Investor","floor":5,"gold_loss":0},{"damage_healed":0,"gold_gain":0,"player_choice":"Bought 0 Potions","damage_taken":0,"max_hp_gain":0,"max_hp_loss":0,"event_name":"The Woman in Blue","floor":7,"gold_loss":0}],"is_beta":false,"boss_relics":[{"not_picked":["conspire:SeveredTorchhead","Calling Bell"],"picked":"Replay:Ancient Bell"},{"not_picked":["Replay:Wax Seal","Regal Pillow"],"picked":"vexMod:MemoryStick"},{"not_picked":["hubris:TinFlute","HornCleat"],"picked":"Toxic Egg 2"},{"not_picked":["Gambling Chip","Girya"],"picked":"Old Coin"}],"items_purged_floors":[],"is_endless":false,"potions_floor_spawned":[1,3,4,14],"killed_by":"Shell Parasite","ascension_level":0}}