{"host":"mm0v83pkg2fvsdgl","time":1607853159,"event":{"mods":["2.2 Compatiblity","Alarm Clock","AlwaysNeverKeys","BaseMod","Beaked The Cultist","Better Altar","Better Match","Better Note","Better Sensory Stone","Better Silent Start","Better Third Choice","Clawfect","Displayed Cursed Tome","Energized Spire","Friendly Minions","Highlight Path","Ironclad Rager","Keyboard Shortcuts","Lotus Mark","Marisa????????","Marked Mod","Mimic Mod","Minty Spire (QoL Compilation)","Permanent Neow","Railgun Mod","Remove Card Discount Mod","Shade Mod","Somnambulant","Spicy Shops","StSLib","Swap Starting Deck Mod","The Construct","The Disciple","The Hierophant","TheHeartMod","TheVacant","Transform Curses","Unceasing Turn Reminder","Wandering Minibosses"],"gold_per_floor":[114,129,129,144,159,159,189,189,214,229,229,9,24,39,39,139,139,139,139],"floor_reached":18,"playtime":704,"items_purged":["beaked:Strike_Y","beaked:Strike_Y","beaked:Strike_Y","beaked:Strike_Y","beaked:Strike_Y","Pain"],"score":189,"play_id":"ac8f47f7-fe2c-4fa2-96db-c97255d18d1b","local_time":"20201213045239","daily_mods":["Specialized","Red Cards","Binary"],"is_ascension_mode":false,"campfire_choices":[{"data":"beaked:BloodRitual","floor":6,"key":"SMITH"},{"data":"beaked:DesperateSwing","floor":8,"key":"SMITH"},{"data":"beaked:DesperateSwing","floor":15,"key":"SMITH"}],"circlet_count":0,"master_deck":["beaked:Defend_Y","beaked:Defend_Y","beaked:Defend_Y","beaked:Defend_Y","beaked:Ceremony","beaked:Ceremony","beaked:Ceremony","beaked:DesperateSwing+1","beaked:DesperateSwing+1","beaked:DesperateSwing","beaked:DesperateSwing","beaked:DesperateSwing","beaked:Tweet","beaked:Insight","beaked:BloodRitual+1","beaked:Tweet","beaked:BloodRitual","beaked:Insight","beaked:LiftOff","beaked:Sacrifice"],"relics":["beaked:MendingPlumage","Strawberry","Akabeko","WarpedTongs","Membership Card","SacredBark"],"acts_visited":["Exordium","TheCity"],"potions_floor_usage":[],"damage_taken":[{"damage":9,"enemies":"Small Slimes","floor":1,"turns":3},{"damage":6,"enemies":"Cultist","floor":2,"turns":3},{"damage":6,"enemies":"2 Louse","floor":4,"turns":2},{"damage":25,"enemies":"Exordium Thugs","floor":5,"turns":3},{"damage":38,"enemies":"Lagavulin","floor":7,"turns":6},{"damage":6,"enemies":"Lots of Slimes","floor":10,"turns":3},{"damage":5,"enemies":"Looter","floor":13,"turns":2},{"damage":17,"enemies":"Exordium Thugs","floor":14,"turns":5},{"damage":25,"enemies":"Slime Boss","floor":16,"turns":4},{"damage":73,"enemies":"3 Byrds","floor":18,"turns":6}],"seed_played":"4834798368356638827","potions_obtained":[{"floor":1,"key":"Dexterity Potion"},{"floor":5,"key":"Swift Potion"},{"floor":13,"key":"Explosive Potion"}],"is_trial":false,"path_per_floor":["M","M","?","M","M","R","E","R","T","M","?","$","M","M","R","B",null,"M"],"character_chosen":"BEAKED_THE_CULTIST","items_purchased":["Membership Card","beaked:BloodRitual","beaked:Insight"],"campfire_rested":0,"item_purchase_floors":[12,12,12],"current_hp_per_floor":[45,47,47,46,30,30,15,15,15,20,20,20,22,19,19,8,57,0,0],"gold":139,"neow_bonus":"","is_daily":true,"chose_seed":false,"campfire_upgraded":3,"win_rate":0.0,"timestamp":1607853159,"path_taken":["M","M","?","M","M","R","E","R","T","?","?","$","M","M","R","BOSS","M"],"items_purchased_type":["Relic","Card","Card"],"build_version":"2020-11-30","purchased_purges":6,"victory":false,"max_hp_per_floor":[50,50,50,50,50,50,57,57,57,57,57,57,57,57,57,57,57,60,60],"card_choices":[{"not_picked":["beaked:Resilience"],"picked":"beaked:Tweet","floor":1},{"not_picked":["beaked:WarriorEssence"],"picked":"beaked:Insight","floor":2},{"not_picked":["beaked:Poke","beaked:DigDeep"],"picked":"SKIP","floor":4},{"not_picked":["beaked:Resilience"],"picked":"beaked:BloodRitual","floor":5},{"not_picked":["beaked:Replenish"],"picked":"beaked:Tweet","floor":7},{"not_picked":["beaked:Poke","beaked:Tweet"],"picked":"SKIP","floor":10},{"not_picked":["beaked:Replenish"],"picked":"beaked:LiftOff","floor":13},{"not_picked":["beaked:WarriorEssence","beaked:SacrificialAttack"],"picked":"SKIP","floor":14},{"not_picked":["beaked:DarkPact"],"picked":"beaked:Sacrifice","floor":16}],"player_experience":622080,"relics_obtained":[{"floor":7,"key":"Strawberry"},{"floor":9,"key":"Akabeko"}],"event_choices":[{"cards_removed":["beaked:Strike_Y"],"damage_healed":0,"gold_gain":0,"player_choice":"Offered Basic","damage_taken":0,"max_hp_gain":0,"max_hp_loss":0,"event_name":"Bonfire Elementals","floor":3,"gold_loss":0},{"damage_healed":0,"gold_gain":0,"player_choice":"Rummage","damage_taken":0,"relics_obtained":["WarpedTongs"],"max_hp_gain":0,"max_hp_loss":0,"event_name":"Accursed Blacksmith","floor":11,"gold_loss":0,"cards_obtained":["Pain"]}],"is_beta":false,"boss_relics":[{"not_picked":["Busted Crown","beaked:FlawlessSticks"],"picked":"SacredBark"}],"items_purged_floors":[12,12,12,12,12,12],"is_endless":false,"potions_floor_spawned":[1,5,13,14],"killed_by":"3 Byrds","ascension_level":0}}