{"host":"87w2793jpavfbt1o","time":1607857833,"event":{"mods":["AchievementEnabler","Aspiration","BaseMod","Better Altar","Better Match","Better Note","Better Sensory Stone","Better Skull","Better Third Choice","Better Vampires","BetterRewards","Conspire","Displayed Cursed Tome","Downfall","Energized Spire","Filter the Spire","Halation","Highlight Path","Hubris","Infinite Spire","Marked Mod","Minty Spire (QoL Compilation)","Practice Mode","Prisma Mod","Relic Filter","Relic Sorter","Replay The Spire","SIMod","Shop Mod","StSLib","TestMod","??????REMEMod"],"gold_per_floor":[116,132,132,9,9,9,24,24,48,81,120,229,249,286,286,409,409,450,466,505,24,59,108,108,108,108,108,150,51,98,141,141,153,153],"floor_reached":33,"playtime":2752,"items_purged":["Delirium"],"score":444,"play_id":"e37fb7e8-474c-49a7-8a58-a2a74dfb9eea","local_time":"20201213031033","is_ascension_mode":true,"campfire_choices":[{"floor":6,"key":"RECALL"},{"data":"Eruption","floor":8,"key":"SMITH"},{"floor":15,"key":"REST"},{"floor":24,"key":"REST"},{"data":"ForeignInfluence","floor":32,"key":"SMITH"}],"circlet_count":0,"master_deck":["Strike_P","Strike_P","Strike_P","Strike_P","Defend_P","Defend_P","Defend_P","Defend_P","Eruption+1","Vigilance","Slimebound:FormOfPuddle+1","Prostrate","CarveReality","Evaluate","Replay:AtTheReady","Indignation","CutThroughFate","Collect","ForeignInfluence+1","FearNoEvil","Replay:AllIn","FlurryOfBlows+1","Wallop","FlyingSleeves+1","Crow Ritual","FollowUp","Consecrate","hubris:Rewind","infinitespire:Execution","WindmillStrike+1","FlyingSleeves","Indignation+1","ConjureBlade"],"relics":["PureWater","REME_ComplimentaryCards","testmod-TestBox","testmod-Fortitude","ReplayTheSpireMod:CursedCoin","halation:PromiseList","aspiration:Lifesprig","REME_ArchaeologicalTools","testmod-Muramasa","conspire:SlowCooker","testmod-Justice","hubris:SphereOfDissonance","Mango","Snack Pack","Replay:Rubber Ducky","Turnip"],"acts_visited":["Exordium","TheCity"],"potions_floor_usage":[7,10,18,23,30],"damage_taken":[{"damage":1,"enemies":"Small Slimes","floor":1,"turns":5},{"damage":0,"enemies":"Cultist","floor":2,"turns":2},{"damage":1,"enemies":"Jaw Worm","floor":7,"turns":3},{"damage":16,"enemies":"Gremlin Nob","floor":10,"turns":3},{"damage":0,"enemies":"Gremlin Gang","floor":11,"turns":1},{"damage":18,"enemies":"3 Sentries","floor":12,"turns":6},{"damage":1,"enemies":"Exordium Wildlife","floor":13,"turns":3},{"damage":0,"enemies":"Exordium Thugs","floor":14,"turns":1},{"damage":30,"enemies":"Hexaghost","floor":16,"turns":3},{"damage":0,"enemies":"conspire:FuzzyDice","floor":18,"turns":4},{"damage":0,"enemies":"Spheric Guardian","floor":19,"turns":2},{"damage":1,"enemies":"3 Cultists","floor":20,"turns":4},{"damage":3,"enemies":"Snecko","floor":22,"turns":3},{"damage":16,"enemies":"conspire:Head Lice","floor":23,"turns":3},{"damage":2,"enemies":"conspire:SneckoGhost","floor":28,"turns":3},{"damage":4,"enemies":"conspire:HollyBat","floor":30,"turns":6},{"damage":4,"enemies":"Nightmare","floor":31,"turns":4},{"damage":136,"enemies":"Automaton","floor":33,"turns":6}],"seed_played":"4452116886290617824","potions_obtained":[{"floor":2,"key":"champ:CounterPotion"},{"floor":7,"key":"sneckomod:MuddlingPotion"},{"floor":16,"key":"Fire Potion"},{"floor":23,"key":"MarkedMod:BlackLotusJuice"},{"floor":28,"key":"sneckomod:MuddlingPotion"}],"is_trial":false,"path_per_floor":["M","M","?","$","?","R","M","R","T","E","M","E","M","M","R","B",null,"M","M","M","$","M","E","R","AVR","T","?","E","$","M","NM","R","B"],"character_chosen":"WATCHER","items_purchased":["Prostrate","ReplayTheSpireMod:CursedCoin","halation:PromiseList","testmod-SpacePotion","Replay:AtTheReady","testmod-Justice","FlyingSleeves+1","Crow Ritual","FlyingSleeves"],"campfire_rested":2,"item_purchase_floors":[0,4,4,4,4,21,21,21,29],"current_hp_per_floor":[64,64,68,68,68,68,67,67,67,51,51,33,32,32,53,23,60,60,60,59,59,56,40,61,75,75,75,79,79,79,75,75,0,0],"gold":153,"neow_bonus":"","is_daily":false,"chose_seed":false,"campfire_upgraded":2,"win_rate":0.0,"timestamp":1607857833,"path_taken":["M","M","?","?","?","R","M","R","T","E","?","E","M","M","R","BOSS","M","M","M","$","M","E","R","AVR","T","?","E","?","M","NM","R","BOSS"],"items_purchased_type":["Card","Relic","Relic","Potion","Card","Relic","Card","Card","Card"],"build_version":"2020-11-30","purchased_purges":1,"victory":false,"max_hp_per_floor":[72,72,72,72,72,72,72,72,72,72,72,72,72,72,72,72,72,72,72,72,72,72,72,72,86,86,86,86,86,86,86,86,86,86],"card_choices":[{"not_picked":["DeceiveReality","TalkToTheHand"],"picked":"CarveReality","floor":1},{"not_picked":["EmptyBody","JustLucky"],"picked":"Evaluate","floor":2},{"not_picked":["MarkedMod:FirstStrike","Halt"],"picked":"Indignation","floor":7},{"not_picked":["SandsOfTime","Protect"],"picked":"CutThroughFate","floor":10},{"not_picked":["DeceiveReality","Crescendo"],"picked":"Collect","floor":11},{"not_picked":["Consecrate","EmptyFist"],"picked":"ForeignInfluence","floor":12},{"not_picked":["EmptyBody","LikeWater","WaveOfTheHand"],"picked":"SKIP","floor":13},{"not_picked":["MarkedMod:GentlePulse","ClearTheMind"],"picked":"FearNoEvil","floor":14},{"not_picked":["SpiritShield","MasterReality"],"picked":"Replay:AllIn","floor":16},{"not_picked":["CrushJoints","Crescendo"],"picked":"FlurryOfBlows+1","floor":18},{"not_picked":["MarkedMod:PinPointDefense","MarkedMod:Acupuncture"],"picked":"Wallop","floor":19},{"not_picked":["EmptyBody","LikeWater","Replay:DivineShield+1"],"picked":"SKIP","floor":20},{"not_picked":["EmptyBody+1","ThirdEye+1"],"picked":"FollowUp","floor":22},{"not_picked":["PathToVictory+1","EmptyMind+1"],"picked":"Consecrate","floor":23},{"not_picked":["BowlingBash","Conclude"],"picked":"WindmillStrike+1","floor":28},{"not_picked":["Consecrate","MarkedMod:GentlePulse"],"picked":"Indignation+1","floor":30},{"not_picked":["EmptyBody","REME_Repentance+1"],"picked":"ConjureBlade","floor":31}],"player_experience":620440,"relics_obtained":[{"floor":9,"key":"aspiration:Lifesprig"},{"floor":10,"key":"REME_ArchaeologicalTools"},{"floor":12,"key":"testmod-Muramasa"},{"floor":23,"key":"hubris:SphereOfDissonance"},{"floor":28,"key":"Replay:Rubber Ducky"},{"floor":31,"key":"Turnip"}],"event_choices":[{"damage_healed":4,"gold_gain":0,"player_choice":"LEAVE ","damage_taken":0,"relics_obtained":[],"max_hp_gain":0,"max_hp_loss":0,"event_name":"betterSkull:BetterSkull","floor":3,"gold_loss":0,"cards_upgraded":[]},{"damage_healed":0,"gold_gain":0,"player_choice":"Upgraded","damage_taken":0,"max_hp_gain":0,"max_hp_loss":0,"event_name":"Upgrade Shrine","floor":5,"gold_loss":0,"cards_upgraded":["Slimebound:FormOfPuddle"]},{"damage_healed":0,"gold_gain":0,"player_choice":"Gave Potion","damage_taken":0,"relics_obtained":["Snack Pack"],"max_hp_gain":0,"max_hp_loss":0,"event_name":"WeMeetAgain","floor":27,"gold_loss":0}],"is_beta":false,"boss_relics":[{"not_picked":["testmod-TimeTraveler","Velvet Choker"],"picked":"conspire:SlowCooker"}],"items_purged_floors":[29],"is_endless":false,"potions_floor_spawned":[2,7,16,23,28],"killed_by":"Automaton","ascension_level":8}}