{"host":"ow9msrs9p2ctkx99","time":1607858828,"event":{"mods":["AchievementEnabler","BaseMod","Colored Map","Colored Powertips","Minty Spire (QoL Compilation)","Permanent Neow","Quick Restart","SuperFastMode"],"gold_per_floor":[109,124,135,310,90,122,122,153,153,163,163,175,206,206,206,336,336,349,363,114,114,39,74,74,113,113,113,113],"floor_reached":27,"playtime":570,"items_purged":["Strike_B","Strike_B"],"score":417,"play_id":"d53e9f77-fe47-45c9-91a3-f6a13e314831","local_time":"20201213122708","is_ascension_mode":true,"campfire_choices":[{"floor":11,"key":"REST"},{"floor":15,"key":"DIG"},{"floor":24,"key":"DIG"}],"circlet_count":0,"master_deck":["AscendersBane","Strike_B","Defend_B","Defend_B","Defend_B","Defend_B","Zap","Dualcast","FTL","Ball Lightning","Consume","Steam","Machine Learning","Hologram","FTL","Seek","Buffer","Steam+1","Skim+1","Glacier","Core Surge","Sunder+1"],"relics":["Cracked Core","Omamori","Toolbox","Darkstone Periapt","Shovel","Mercury Hourglass","Nunchaku","Golden Idol","Orichalcum","Cursed Key","Lee\u0027s Waffle","Art of War","HornCleat","StrikeDummy","Matryoshka"],"acts_visited":["Exordium","TheCity"],"potions_floor_usage":[10,16,23],"damage_taken":[{"damage":1,"enemies":"Cultist","floor":1,"turns":3},{"damage":3,"enemies":"2 Louse","floor":2,"turns":2},{"damage":7,"enemies":"Jaw Worm","floor":3,"turns":3},{"damage":22,"enemies":"Gremlin Nob","floor":6,"turns":4},{"damage":19,"enemies":"Lagavulin","floor":8,"turns":5},{"damage":0,"enemies":"Gremlin Gang","floor":10,"turns":2},{"damage":0,"enemies":"2 Fungi Beasts","floor":12,"turns":3},{"damage":18,"enemies":"3 Sentries","floor":13,"turns":3},{"damage":16,"enemies":"The Guardian","floor":16,"turns":7},{"damage":16,"enemies":"Spheric Guardian","floor":18,"turns":4},{"damage":16,"enemies":"Shell Parasite","floor":19,"turns":6},{"damage":34,"enemies":"Slavers","floor":23,"turns":4},{"damage":32,"enemies":"Book of Stabbing","floor":25,"turns":7},{"damage":12,"enemies":"Shelled Parasite and Fungi","floor":27,"turns":1}],"seed_played":"-1448350418459345701","potions_obtained":[{"floor":1,"key":"AttackPotion"},{"floor":3,"key":"GamblersBrew"},{"floor":10,"key":"SpeedPotion"},{"floor":13,"key":"EssenceOfDarkness"},{"floor":16,"key":"SteroidPotion"},{"floor":25,"key":"PotionOfCapacity"}],"is_trial":false,"path_per_floor":["M","M","M","?","$","E","$","E","T","M","R","M","E","?","R","B",null,"M","M","$","?","?","E","R","E","T","M"],"character_chosen":"DEFECT","items_purchased":["Toolbox","Lee\u0027s Waffle"],"campfire_rested":1,"item_purchase_floors":[5,20],"current_hp_per_floor":[67,64,57,57,57,35,35,16,16,16,38,38,20,20,20,4,53,37,21,76,76,76,42,42,10,10,0,0],"gold":113,"neow_bonus":"RANDOM_COMMON_RELIC","is_daily":false,"chose_seed":false,"campfire_upgraded":0,"win_rate":0.0,"timestamp":1607858828,"path_taken":["M","M","?","?","$","E","?","E","T","?","R","M","E","?","R","BOSS","M","M","$","?","?","E","R","E","T","M"],"items_purchased_type":["Relic","Relic"],"build_version":"2020-11-30","purchased_purges":2,"victory":false,"max_hp_per_floor":[75,75,75,75,75,75,75,75,75,75,75,75,75,69,69,69,69,69,69,76,76,76,76,76,76,76,76,76],"card_choices":[{"not_picked":["Beam Cell","Melter"],"picked":"FTL","floor":1},{"not_picked":["Cold Snap","Beam Cell"],"picked":"Ball Lightning","floor":2},{"not_picked":["Sweeping Beam","Coolheaded"],"picked":"Consume","floor":3},{"not_picked":["Leap","Barrage"],"picked":"Steam","floor":6},{"not_picked":["Gash","Hologram"],"picked":"Machine Learning","floor":8},{"not_picked":["Stack","Streamline"],"picked":"Hologram","floor":10},{"not_picked":["Sweeping Beam","Ball Lightning"],"picked":"FTL","floor":12},{"not_picked":["Gash","Cold Snap"],"picked":"Seek","floor":13},{"not_picked":["Amplify","Thunder Strike"],"picked":"Buffer","floor":16},{"not_picked":["Chill","Sweeping Beam"],"picked":"Steam+1","floor":18},{"not_picked":["Heatsinks","Compile Driver"],"picked":"Skim+1","floor":19},{"not_picked":["Stack","Go for the Eyes"],"picked":"Core Surge","floor":23},{"not_picked":["Coolheaded","Hello World"],"picked":"Sunder+1","floor":25}],"player_experience":1007037,"relics_obtained":[{"floor":6,"key":"Darkstone Periapt"},{"floor":8,"key":"Shovel"},{"floor":9,"key":"Mercury Hourglass"},{"floor":13,"key":"Nunchaku"},{"floor":15,"key":"Orichalcum"},{"floor":23,"key":"Art of War"},{"floor":24,"key":"HornCleat"},{"floor":25,"key":"StrikeDummy"},{"floor":26,"key":"Matryoshka"}],"event_choices":[{"damage_healed":0,"gold_gain":175,"player_choice":"AGREE","damage_taken":0,"max_hp_gain":0,"max_hp_loss":0,"event_name":"Liars Game","floor":4,"gold_loss":0,"cards_obtained":["Doubt"]},{"damage_healed":0,"gold_gain":0,"player_choice":"Lose Max HP","damage_taken":0,"relics_obtained":["Golden Idol"],"max_hp_gain":0,"max_hp_loss":6,"event_name":"Golden Idol","floor":14,"gold_loss":0},{"damage_healed":0,"gold_gain":0,"player_choice":"Read","damage_taken":0,"max_hp_gain":0,"max_hp_loss":0,"event_name":"The Library","floor":21,"gold_loss":0,"cards_obtained":["Glacier"]},{"cards_removed":["Strike_B"],"damage_healed":0,"gold_gain":0,"player_choice":"Gave Gold","damage_taken":0,"max_hp_gain":0,"max_hp_loss":0,"event_name":"Beggar","floor":22,"gold_loss":75}],"is_beta":false,"boss_relics":[{"not_picked":["Coffee Dripper","Black Star"],"picked":"Cursed Key"}],"items_purged_floors":[5,20],"is_endless":false,"potions_floor_spawned":[1,3,10,13,16,25],"killed_by":"Shelled Parasite and Fungi","ascension_level":11}}