{"host":"5mo0809oo9tcrmpl","time":1607823031,"event":{"mods":["BaseMod","Highlight Path","Minty Spire (QoL Compilation)","Relic Stats","Slay the Relics Exporter"],"gold_per_floor":[111,111,121,271,142,156,169,169,193,222,237,237,237,237,237,237,237],"floor_reached":16,"playtime":515,"items_purged":["Doubt"],"score":200,"play_id":"c08985c3-0c2a-4bbd-b999-fe08c76ea719","local_time":"20201212193031","is_ascension_mode":true,"campfire_choices":[{"floor":8.0,"key":"REST"},{"data":"Defragment","floor":13.0,"key":"SMITH"},{"data":"Zap","floor":15,"key":"SMITH"}],"circlet_count":0,"master_deck":["AscendersBane","Strike_B","Strike_B","Strike_B+1","Strike_B","Defend_B","Defend_B","Defend_B+1","Defend_B","Zap+1","Dualcast","Streamline","Conserve Battery","Rebound","Defragment+1","Electrodynamics","Hologram"],"relics":["Cracked Core","Juzu Bracelet","Omamori","Singing Bowl"],"acts_visited":["Exordium"],"potions_floor_usage":[16,16],"damage_taken":[{"damage":2.0,"enemies":"Small Slimes","floor":1.0,"turns":3.0},{"damage":12.0,"enemies":"Jaw Worm","floor":3.0,"turns":3.0},{"damage":0.0,"enemies":"Cultist","floor":6.0,"turns":3.0},{"damage":14.0,"enemies":"Exordium Thugs","floor":7.0,"turns":5.0},{"damage":18.0,"enemies":"3 Sentries","floor":10.0,"turns":7.0},{"damage":13.0,"enemies":"2 Fungi Beasts","floor":11.0,"turns":3.0},{"damage":13,"enemies":"Hexaghost","floor":16,"turns":9}],"seed_played":"4215457361151898628","potions_obtained":[{"floor":7.0,"key":"LiquidBronze"},{"floor":10.0,"key":"EssenceOfSteel"}],"is_trial":false,"path_per_floor":["M","?","M","?","$","M","M","R","T","E","M","T","R","?","R","B"],"character_chosen":"DEFECT","items_purchased":["Weak Potion"],"campfire_rested":1,"item_purchase_floors":[5],"current_hp_per_floor":[69,46,34,34,34,34,20,43,43,25,12,12,12,12,12,0,0],"gold":237,"neow_bonus":"TEN_PERCENT_HP_BONUS","is_daily":false,"chose_seed":false,"campfire_upgraded":2,"win_rate":0.0,"timestamp":1607823031,"path_taken":["M","?","M","?","$","M","M","R","T","E","M","?","R","?","R","BOSS"],"items_purchased_type":["Potion"],"build_version":"2020-11-30","purchased_purges":1,"victory":false,"max_hp_per_floor":[78,78,78,78,78,78,78,78,78,78,78,78,78,78,78,78,78],"relic_stats":{"Singing Bowl":0,"counters":[7,33],"Juzu Bracelet":0,"obtain_stats":[{"Singing Bowl":12,"Juzu Bracelet":9,"Omamori":10,"Cracked Core":0},{"Singing Bowl":6,"Juzu Bracelet":4,"Omamori":5,"Cracked Core":0},{"Singing Bowl":24,"Juzu Bracelet":14,"Omamori":21,"Cracked Core":0}]},"card_choices":[{"not_picked":["Rebound","Coolheaded"],"picked":"Streamline","floor":1.0},{"not_picked":["Coolheaded","Barrage"],"picked":"Conserve Battery","floor":3.0},{"not_picked":["Reprogram","Turbo"],"picked":"Rebound","floor":6.0},{"not_picked":["Turbo","Stack"],"picked":"Defragment","floor":7.0},{"not_picked":["Skim","Redo"],"picked":"Electrodynamics","floor":10.0},{"not_picked":["Steam","Redo"],"picked":"Hologram","floor":11.0}],"player_experience":1249336,"relics_obtained":[{"floor":9.0,"key":"Juzu Bracelet"},{"floor":10.0,"key":"Omamori"},{"floor":12.0,"key":"Singing Bowl"}],"event_choices":[{"damage_healed":0.0,"max_hp_gain":0.0,"max_hp_loss":0.0,"gold_gain":0.0,"event_name":"Shining Light","player_choice":"Entered Light","floor":2.0,"gold_loss":0.0,"damage_taken":23.0,"cards_upgraded":["Strike_B","Defend_B"]},{"damage_healed":0.0,"max_hp_gain":0.0,"max_hp_loss":0.0,"gold_gain":150.0,"event_name":"Liars Game","player_choice":"AGREE","floor":4.0,"gold_loss":0.0,"damage_taken":0.0,"cards_obtained":["Doubt"]},{"damage_healed":0,"gold_gain":0,"player_choice":"Searched \u00270\u0027 times","damage_taken":0,"max_hp_gain":0,"max_hp_loss":0,"event_name":"Dead Adventurer","floor":14,"gold_loss":0}],"is_beta":false,"boss_relics":[],"items_purged_floors":[5],"is_endless":false,"potions_floor_spawned":[7,10,11],"killed_by":"Hexaghost","ascension_level":20}}