{"host":"htqwg582tjjtn9p7","time":1607878346,"event":{"mods":["2.2 Compatiblity","AchievementEnabler","Act Like it!","Aspiration","BaseMod","Better Third Choice","Colored Map","Conspire","Curses Come First","Displayed Cursed Tome","Energized Spire","Force Act Four","GifTheSpireLib","Hermit","Highlight Path","JesterMod","Mad Scientist","Minty Spire (QoL Compilation)","Pale of the Ancients","Permanent Neow","Random Character Button","Relic Stats","Replay The Spire","Robot Space Explorer","Somnambulant","Spicy Shops","Spikes Relics","StSLib","Stuff the Spire","The Blue Laboratory","The Disciple","The Dragon Tamer","The Forsaken","The Gatherer","The Judge","The Jungle","The Runesmith","The Servant 0.9.4"],"gold_per_floor":[117,137,151,8,20,45,45,75,75,109,109,138,148,160,160,160,160],"floor_reached":16,"playtime":614,"items_purged":[],"score":231,"play_id":"492d55d0-9119-40a1-98cb-513ccb3b5568","local_time":"20201213175226","is_ascension_mode":true,"campfire_choices":[{"data":"Body Slam","floor":7,"key":"SMITH"},{"floor":11,"key":"REST"},{"floor":15,"key":"DIG"}],"circlet_count":0,"master_deck":["AscendersBane","Strike_R","Strike_R","Strike_R","Strike_R","Strike_R","Defend_R","Defend_R","Defend_R","Bash","Perfected Strike","Cleave","StuffTheSpire:Slingshot","Body Slam+1","conspire:Purge","Ghostly Armor"],"relics":["Burning Blood","aspiration:Lifesprig","PreservedInsect","Singing Bowl","StuffTheSpire:BottledHeartBeat","conspire:DecoderRing","Mirror","Shovel","Bag of Preparation"],"acts_visited":["Exordium"],"potions_floor_usage":[10,12,13],"damage_taken":[{"damage":1,"enemies":"Cultist","floor":1,"turns":3},{"damage":4,"enemies":"conspire:RoseBush","floor":2,"turns":6},{"damage":5,"enemies":"Small Slimes","floor":3,"turns":3},{"damage":7,"enemies":"Looter","floor":5,"turns":3},{"damage":20,"enemies":"Lagavulin","floor":6,"turns":5},{"damage":12,"enemies":"Replay:BlueRogue","floor":8,"turns":6},{"damage":34,"enemies":"Gremlin Nob","floor":10,"turns":4},{"damage":20,"enemies":"Replay:BlueRogue","floor":12,"turns":4},{"damage":2,"enemies":"2 Fungi Beasts","floor":13,"turns":5},{"damage":4,"enemies":"3 Louse","floor":14,"turns":4},{"damage":53,"enemies":"The Guardian","floor":16,"turns":9}],"seed_played":"-8293367130906708585","potions_obtained":[{"floor":2,"key":"blueLaboratory:AbyssPotion"},{"floor":8,"key":"Languid Potion"},{"floor":10,"key":"blueLaboratory:SavagePotion"},{"floor":12,"key":"Dexterity Potion"},{"floor":14,"key":"SmokeBomb"}],"is_trial":false,"path_per_floor":["M","M","M","$","M","E","R","E","T","E","R","E","M","M","R","B"],"character_chosen":"IRONCLAD","items_purchased":["PreservedInsect"],"campfire_rested":1,"item_purchase_floors":[4],"current_hp_per_floor":[73,75,75,75,74,62,62,56,56,28,51,39,45,49,49,0,0],"gold":160,"neow_bonus":"RANDOM_COMMON_RELIC","is_daily":false,"chose_seed":false,"campfire_upgraded":1,"win_rate":0.0,"timestamp":1607878346,"path_taken":["M","M","M","$","M","E","R","E","T","E","R","E","?","M","R","BOSS"],"items_purchased_type":["Relic"],"build_version":"2020-11-30","purchased_purges":0,"victory":false,"max_hp_per_floor":[75,75,75,75,75,77,77,77,77,77,77,79,81,83,83,85,85],"relic_stats":{"Shovel":1,"Singing Bowl":8,"counters":[11,52],"PreservedInsect":97,"Bag of Preparation":[2],"obtain_stats":[{"aspiration:Lifesprig":0,"Shovel":12,"Singing Bowl":6,"StuffTheSpire:BottledHeartBeat":8,"conspire:DecoderRing":9,"PreservedInsect":4,"Bag of Preparation":15,"Mirror":10,"Burning Blood":0},{"aspiration:Lifesprig":0,"Shovel":8,"Singing Bowl":5,"StuffTheSpire:BottledHeartBeat":6,"conspire:DecoderRing":6,"PreservedInsect":3,"Bag of Preparation":10,"Mirror":7,"Burning Blood":0},{"aspiration:Lifesprig":0,"Shovel":34,"Singing Bowl":20,"StuffTheSpire:BottledHeartBeat":26,"conspire:DecoderRing":26,"PreservedInsect":12,"Bag of Preparation":43,"Mirror":30,"Burning Blood":0}],"Burning Blood":59},"card_choices":[{"not_picked":["Headbutt","Absolvement"],"picked":"Perfected Strike","floor":1},{"not_picked":["Body Slam","Infernal Blade"],"picked":"Cleave","floor":2},{"not_picked":["ReplayTheSpireMod:Strike From Hell","Wild Strike"],"picked":"StuffTheSpire:Slingshot","floor":3},{"not_picked":["Bloodletting","Replay:Undeath\u0027s Touch"],"picked":"Body Slam","floor":5},{"not_picked":["Massacre","True Grit","Dark Embrace"],"picked":"Singing Bowl","floor":6},{"not_picked":["True Grit","Clothesline"],"picked":"conspire:Purge","floor":8},{"not_picked":["ReplayReversal","Warcry"],"picked":"Ghostly Armor","floor":10},{"not_picked":["Combust","Reckless Charge","Whirlwind"],"picked":"Singing Bowl","floor":12},{"not_picked":["Cleave","Body Slam","Rupture"],"picked":"Singing Bowl","floor":13},{"not_picked":["Armaments","Replay:Undeath\u0027s Touch","Clash"],"picked":"Singing Bowl","floor":14}],"player_experience":1674516,"relics_obtained":[{"floor":6,"key":"Singing Bowl"},{"floor":8,"key":"StuffTheSpire:BottledHeartBeat"},{"floor":9,"key":"conspire:DecoderRing"},{"floor":10,"key":"Mirror"},{"floor":12,"key":"Shovel"},{"floor":15,"key":"Bag of Preparation"}],"event_choices":[],"is_beta":false,"boss_relics":[],"items_purged_floors":[],"is_endless":false,"potions_floor_spawned":[2,8,10,12,14],"killed_by":"The Guardian","ascension_level":15}}