{"host":"h792lphzw6wlba86","time":1607872914,"event":{"mods":["AchievementEnabler","Aspiration","Bard","BaseMod","Beaked The Cultist","Better Altar","Better Match","Better Note","Better Sensory Stone","Better Skull","Better Third Choice","BetterRewards","CCEM","Clawfect","Colored Map","Conspire","Downfall","GifTheSpireLib","Googly Eyes","Halation","Hermit","Highlight Path","Hubris","Hunter ??","Jedi Mod","Jorbs\u0027s Wanderer Trilogy","Mad Scientist","Marisa????????","Mimic Mod","Minty Spire (QoL Compilation)","Permanent Neow","Replay The Spire","Shade Mod","Shop Mod","Spicy Shops","StSLib","Stuff the Spire","The Administrix","The Blackbeard","The Bug Knight","The Construct","The Cursed","The Disciple","The Gatherer","The Hierophant","The IronCluck","The Jungle","The Mystic","The Necromancer","The Problem Sleuth","The Runesmith","The Servant 0.9.4","The Spell Scribe","The Witch","Unceasing Turn Reminder","everything is the same but u backflip on backflip","slay the spire mod where everything is the same but ironclad has a cowboy hat"],"gold_per_floor":[0,18,28,303,303,322,322,334,334,361,371,57,75,87,97,196,196,196,216,249,85,85,97,121,37,37,63,63,83,83,83,100,203,203,203,221,221,238,254,254,294,308,308,334,353,353,367,13,30,30],"floor_reached":51,"playtime":4849,"items_purged":["Guardian:Strike_Guardian","Guardian:Strike_Guardian","Guardian:Strike_Guardian","Guardian:Defend_Guardian"],"score":748,"play_id":"c4bd5876-7687-40e0-b0b6-f5876b381d06","local_time":"20201213092154","is_ascension_mode":false,"campfire_choices":[{"data":"Guardian:CurlUp","floor":1.0,"key":"SMITH"},{"data":"Guardian:EvasiveProtocol","floor":5.0,"key":"SMITH"},{"data":"Guardian:MultiBeam","floor":9.0,"key":"SMITH"},{"data":"Guardian:TemporalShield","floor":18.0,"key":"SMITH"},{"data":"Guardian:PiercingHide","floor":22,"key":"SMITH"},{"floor":26,"key":"REST"},{"floor":35,"key":"RECALL"},{"data":"Guardian:SpikerProtocol","floor":37,"key":"SMITH"},{"data":"Guardian:Repulse","floor":40,"key":"SMITH"},{"data":"Guardian:TimeSifter","floor":43,"key":"SMITH"}],"circlet_count":0,"master_deck":["Guardian:Defend_Guardian","Guardian:Defend_Guardian","Guardian:Defend_Guardian","Guardian:CurlUp+1","Guardian:TwinSlam","Guardian:EvasiveProtocol+1","Guardian:MultiBeam+1","Guardian:PrimingBeam","Guardian:StasisField","Guardian:PiercingHide+1","Guardian:EvasiveProtocol+1","Guardian:TemporalShield+1","Guardian:SentryBeam","Guardian:TemporalStrike","Guardian:StasisStrike","Guardian:PrimingBeam","Guardian:Repulse+1","Guardian:PrimingBeam","Guardian:Suspension+1","Guardian:MultiBeam","Guardian:TimeSifter+1","Guardian:SpikerProtocol+1","Guardian:PrimingBeam","ShootingEcho+1","blackbeard:BoostMorale","stsjorbsmod:Counterspell+1","StarBarrage+1","StarBarrage+1"],"relics":["Guardian:ModeShifter","StuffTheSpire:Rhapsscallions","jedi:angrymask","Replay:Bronze Core","Pen Nib","Dream Catcher","jedi:cryingmask","PrismaticShard","aspiration:MarisaSkillbook","HollowMod:StagPassRelic","Lee\u0027s Waffle","hubris:BottledRain"],"acts_visited":["Exordium","TheCity","TheBeyond"],"potions_floor_usage":[33],"damage_taken":[{"damage":0.0,"enemies":"Small Slimes","floor":2.0,"turns":4.0},{"damage":9.0,"enemies":"Cultist","floor":3.0,"turns":6.0},{"damage":3.0,"enemies":"conspire:RoseBush","floor":6.0,"turns":4.0},{"damage":3.0,"enemies":"2 Fungi Beasts","floor":8.0,"turns":4.0},{"damage":14.0,"enemies":"Replay:BlueRogue","floor":10.0,"turns":7.0},{"damage":6.0,"enemies":"Exordium Thugs","floor":11.0,"turns":4.0},{"damage":6.0,"enemies":"downfall:FleeingMerchant","floor":12.0,"turns":4.0},{"damage":5.0,"enemies":"Lots of Slimes","floor":13.0,"turns":4.0},{"damage":0.0,"enemies":"2 Fungi Beasts","floor":14.0,"turns":3.0},{"damage":0.0,"enemies":"Large Slime","floor":15.0,"turns":6.0},{"damage":11.0,"enemies":"downfall:Silent","floor":16.0,"turns":11.0},{"damage":0,"enemies":"Chosen","floor":19,"turns":5},{"damage":0,"enemies":"conspire:SneckoGhost","floor":20,"turns":6},{"damage":0,"enemies":"downfall:FleeingMerchant","floor":21,"turns":5},{"damage":7,"enemies":"Snake Plant","floor":23,"turns":3},{"damage":0,"enemies":"downfall:FleeingMerchant","floor":25,"turns":5},{"damage":17,"enemies":"Book of Stabbing","floor":27,"turns":5},{"damage":0,"enemies":"conspire:HollyBat","floor":29,"turns":7},{"damage":0,"enemies":"3 Cultists","floor":32,"turns":5},{"damage":14,"enemies":"downfall:Watcher","floor":33,"turns":9},{"damage":0,"enemies":"3 Darklings","floor":36,"turns":2},{"damage":0,"enemies":"3 Shapes","floor":38,"turns":4},{"damage":0,"enemies":"Maw","floor":39,"turns":6},{"damage":0,"enemies":"4 Shapes","floor":41,"turns":7},{"damage":0,"enemies":"4 Shapes","floor":42,"turns":5},{"damage":31,"enemies":"HollowMod:StalkingDevout","floor":44,"turns":7},{"damage":2,"enemies":"Writhing Mass","floor":45,"turns":6},{"damage":0,"enemies":"Transient","floor":47,"turns":5},{"damage":2,"enemies":"downfall:FleeingMerchant","floor":48,"turns":4},{"damage":18,"enemies":"Maw","floor":49,"turns":6},{"damage":19,"enemies":"downfall:Ironclad","floor":50,"turns":10}],"seed_played":"-8298705511536493293","potions_obtained":[{"floor":2.0,"key":"SkillPotion"},{"floor":10.0,"key":"Death Potion"},{"floor":11.0,"key":"Swift Potion"},{"floor":13.0,"key":"Elixir"},{"floor":19,"key":"Reflective Coating"},{"floor":32,"key":"LiquidBronze"},{"floor":39,"key":"LiquidBronze"}],"is_trial":false,"path_per_floor":["R_BF","M","M","?","R","M","T","M","R","E","M","$","M","M","M","B",null,"R","M","E","$","R","M","T","$","R","E","?","M","?","?","M","B",null,"R","M","R","M","M","R","MIM","M","R","E","M","?","M","$","M","B",null],"character_chosen":"GUARDIAN","items_purchased":["Guardian:PiercingHide","Guardian:EvasiveProtocol+1","Guardian:Gem_Fragmented","Guardian:Suspension+1","Guardian:MultiBeam","StarBarrage","Lee\u0027s Waffle","hubris:BottledRain"],"campfire_rested":1,"item_purchase_floors":[12,12,12,21,25,48,48,48],"current_hp_per_floor":[80,80,71,71,71,68,72,69,69,55,49,43,38,38,38,27,84,84,84,84,84,84,77,77,77,84,67,67,67,59,59,59,45,84,84,84,84,84,84,84,84,84,84,53,51,51,51,91,73,54],"gold":30,"neow_bonus":"THREE_RARE_CARDS","is_daily":false,"chose_seed":false,"campfire_upgraded":8,"win_rate":0.0,"timestamp":1607872914,"path_taken":["R_BF","M","M","?","R","?","T","M","R","E","M","$","M","?","M","BOSS","R","M","E","$","R","M","T","?","R","E","?","?","?","?","M","BOSS","R","M","R","M","?","R","MIM","M","R","E","M","?","M","$","M","BOSS"],"items_purchased_type":["Card","Card","Card","Card","Card","Card","Relic","Relic"],"build_version":"2020-11-30","purchased_purges":4,"victory":true,"max_hp_per_floor":[80,80,80,80,80,80,84,84,84,84,84,84,84,84,84,84,84,84,84,84,84,84,84,84,84,84,84,84,84,84,84,84,84,84,84,84,84,84,84,84,84,84,84,84,84,84,84,91,91,91],"card_choices":[{"not_picked":["Guardian:HyperBeam_Guardian","Guardian:GatlingBeam"],"picked":"Guardian:Gem_Synthetic","floor":0.0},{"not_picked":["Guardian:Reroute","Guardian:PiercingHide"],"picked":"Guardian:EvasiveProtocol","floor":2.0},{"not_picked":["Guardian:VentSteam","Guardian:TimeBomb","Guardian:Recover"],"picked":"SKIP","floor":3.0},{"not_picked":["Guardian:ShieldCharger","Guardian:TemporalShield"],"picked":"Guardian:Gem_Fragmented","floor":6.0},{"not_picked":["Guardian:Gem_Cyan","Guardian:Recover"],"picked":"Guardian:MultiBeam","floor":8.0},{"not_picked":["Guardian:ArmoredProtocol","Guardian:FloatingOrbs"],"picked":"Guardian:Gem_White","floor":10.0},{"not_picked":["Guardian:TimeBomb","Guardian:Gem_Green"],"picked":"Guardian:PrimingBeam","floor":11.0},{"not_picked":["Guardian:PrimingBeam","Guardian:Reroute"],"picked":"Guardian:StasisField","floor":12.0},{"not_picked":["Guardian:Gem_Lightblue","Guardian:ArmoredProtocol"],"picked":"Guardian:TemporalShield","floor":13.0},{"not_picked":["Guardian:Gem_Green","Guardian:WalkerClaw"],"picked":"Guardian:SentryBeam","floor":14.0},{"not_picked":["Guardian:Incinerate","Guardian:DonusPower"],"picked":"Guardian:TemporalStrike","floor":15.0},{"not_picked":["Guardian:FierceBash","Guardian:ConstructionForm"],"picked":"Guardian:StasisStrike","floor":16.0},{"not_picked":["Guardian:Gem_Red","Guardian:Suspension+1"],"picked":"Guardian:PrimingBeam","floor":19},{"not_picked":["Guardian:Emergency","Guardian:TemporalStrike"],"picked":"Guardian:Repulse","floor":20},{"not_picked":["Guardian:WalkerClaw+1","Guardian:Gem_Lightblue"],"picked":"Guardian:PrimingBeam","floor":21},{"not_picked":["Guardian:Planning","Guardian:DonusPower"],"picked":"Guardian:Gem_Cyan","floor":23},{"not_picked":["Guardian:Gem_Lightblue","Guardian:Emergency+1","Guardian:Suspension"],"picked":"SKIP","floor":25},{"not_picked":["Guardian:ArmoredProtocol","Guardian:ShieldSpikes+1"],"picked":"Guardian:TimeSifter","floor":26},{"not_picked":["Guardian:Planning+1","Guardian:BronzeArmor"],"picked":"Guardian:Gem_White","floor":27},{"not_picked":["Guardian:Gem_Red","Guardian:PolyBeam"],"picked":"Guardian:SpikerProtocol","floor":29},{"not_picked":["Guardian:WalkerClaw","Guardian:ChargeUp"],"picked":"Guardian:PrimingBeam","floor":30},{"not_picked":["AdministrixMod:LuminaryPath","sneckomod:UnknownBlock+1"],"picked":"ShootingEcho+1","floor":32},{"not_picked":["stsjorbsmod:Rediscovery","Slimebound:Teamwork"],"picked":"blackbeard:BoostMorale","floor":33},{"not_picked":["ClearTheMind","WretchedNails","DC+1","Hunter Bow"],"picked":"SKIP","floor":36},{"not_picked":["hierophant:Remorse+1","hermit:BigShot","stsjorbsmod:Siphon+1","Gatherer:SealedBomb"],"picked":"SKIP","floor":38},{"not_picked":["theScribe:FranticSearch","stsjorbsmod:Double+1","conspire:ExplosiveBarrier","bard:SongBolt+1"],"picked":"SKIP","floor":39},{"not_picked":["Protect_Giant+1","SkullFlask","Replay:Sssssssssstrike+1"],"picked":"stsjorbsmod:Counterspell+1","floor":41},{"not_picked":["Forethought","Guardian:RollAttack+1","TheCursedMod:CircleOfAmplification+1","hierophant:Smite"],"picked":"SKIP","floor":42},{"not_picked":["construct:ModeShift+1","theScribe:MirrorImage","Shade:SensePrey","SuperNova"],"picked":"SKIP","floor":44},{"not_picked":["AdministrixMod:Transition+1","hierophant:AuricBeam+1","Runesmith:Overpower","sneckomod:SerpentIdol+1"],"picked":"SKIP","floor":45},{"not_picked":["hierophant:ThreeLashes","stsjorbsmod:Mania","Slimebound:ComboTackle","SlimeSpray"],"picked":"SKIP","floor":47},{"not_picked":["Occultation","Clawfect:ClawpileDriver+1","TakeAction_Giant+1","mysticmod:Alacrity+1"],"picked":"SKIP","floor":48},{"not_picked":["theSleuth:Leer+1","AdministrixMod:SipOfSparks+1","Shade:Putrefaction","SurpressingFire+1"],"picked":"SKIP","floor":49}],"player_experience":586608,"relics_obtained":[{"floor":7.0,"key":"StuffTheSpire:Rhapsscallions"},{"floor":10.0,"key":"jedi:angrymask"},{"floor":20,"key":"Pen Nib"},{"floor":24,"key":"Dream Catcher"},{"floor":27,"key":"jedi:cryingmask"},{"floor":30,"key":"PrismaticShard"},{"floor":44,"key":"HollowMod:StagPassRelic"}],"event_choices":[{"damage_healed":0,"gold_gain":0,"player_choice":"Ignored","damage_taken":0,"max_hp_gain":0,"max_hp_loss":0,"event_name":"betterNote:BetterNote","floor":28,"gold_loss":0,"cards_obtained":["Bludgeon"]},{"cards_removed":["Guardian:Strike_Guardian"],"damage_healed":0,"gold_gain":0,"player_choice":"Purged","damage_taken":0,"max_hp_gain":0,"max_hp_loss":0,"event_name":"Purifier","floor":31,"gold_loss":0}],"is_beta":false,"boss_relics":[{"not_picked":["Tiny House","hubris:BlackHole"],"picked":"Replay:Bronze Core"},{"not_picked":["hubris:VirtuousBlindfold","Sozu"],"picked":"aspiration:MarisaSkillbook"}],"items_purged_floors":[12,21,48,48],"is_endless":false,"potions_floor_spawned":[2,10,11,13,19,20,23,32,33,39,42,44,45,49],"ascension_level":0}}