{"host":"Ruben","time":1607868684,"event":{"mods":["AchievementEnabler","Aspiration","Bard","BaseMod","Beaked The Cultist","Better Altar","Better Match","Better Note","Better Sensory Stone","Better Skull","Better Third Choice","BetterRewards","CCEM","Clawfect","Colored Map","Conspire","Downfall","GifTheSpireLib","Googly Eyes","Halation","Hermit","Highlight Path","Hubris","Hunter ??","Infinite Spire","Jedi Mod","Jorbs\u0027s Wanderer Trilogy","Mad Scientist","Marisa????????","Mimic Mod","Minty Spire (QoL Compilation)","Permanent Neow","Replay The Spire","Shade Mod","Shop Mod","Spicy Shops","StSLib","Stuff the Spire","The Administrix","The Blackbeard","The Bug Knight","The Construct","The Cursed","The Disciple","The Gatherer","The Hierophant","The IronCluck","The Jungle","The Mystic","The Necromancer","The Problem Sleuth","The Runesmith","The Servant 0.9.4","The Spell Scribe","The Witch","Unceasing Turn Reminder","[IsaacMod]????","everything is the same but u backflip on backflip","slay the spire mod where everything is the same but ironclad has a cowboy hat"],"gold_per_floor":[99,119,150,168,197,197,224,149,176,176,194,204,221,234,254,350,350,350,350,350,364,445,370,404,436,453,453,466,466,466,481,496,496,496],"floor_reached":33,"playtime":3325,"items_purged":["champ:Taunt"],"score":399,"play_id":"8de5e8f4-1736-4cc9-8720-8b075c82db3f","local_time":"20201213151124","is_ascension_mode":false,"campfire_choices":[{"floor":1,"key":"RECALL"},{"floor":8,"key":"REST"},{"floor":10,"key":"REST"},{"data":"champ:Strike","floor":18,"key":"PURGE"},{"data":"champ:DefensiveStyle","floor":20,"key":"SMITH"},{"data":"champ:HoldFirm","floor":23,"key":"SMITH"},{"data":"champ:Lariat","floor":29,"key":"SMITH"}],"circlet_count":0,"master_deck":["champ:Strike","champ:Strike","champ:Strike","champ:Defend","champ:Defend","champ:Defend","champ:Defend","champ:DefensiveStyle+1","champ:FocusedDefense","champ:TornadoPunch","champ:Lariat+1","champ:EndlessRage+1","champ:CrookedStrike","champ:CalledShot","champ:DefensiveShout","champ:IronFortress","champ:TornadoPunch","champ:PerfectForm","CurseOfTheBell","champ:EnGarde","champ:CrownThrow","champ:SwordThrow","champ:HoldFirm+1","Apotheosis+1","champ:FalseCounter+1","champ:TornadoPunch","Jack Of All Trades+1","champ:Circumvent","expansioncontent:DefensiveMode+1","champ:HoldFirm","champ:EnragedBash+1","StuffTheSpire:Deluminance","StuffTheSpire:Deluminance","StuffTheSpire:Deluminance","StuffTheSpire:Deluminance","StuffTheSpire:Deluminance","champ:TornadoPunch","champ:DeathBlow+1"],"relics":["HushsDoor","UnicornStump","hubris:HollowSoul","jedi:arcanewood","champ:DefensiveTrainingManual","downfall:HeartBlessingRed","champ:GladiatorsBookOfMartialProwess","BranchBurnRelic","Calling Bell","CCEMRelics:FestiveHat","Mercury Hourglass","FossilizedHelix","BelialBook","GuppysTail","downfall:HeartBlessingBlue","Mirror","infinitespire:Lychee Nut","StuffTheSpire:BlackoutCurse"],"acts_visited":["Exordium","TheCity"],"potions_floor_usage":[4,5,13,15,16,16,27,33],"damage_taken":[{"damage":5,"enemies":"Small Slimes","floor":2,"turns":4},{"damage":81,"enemies":"Lagavulin","floor":3,"turns":12},{"damage":4,"enemies":"conspire:RoseBush","floor":4,"turns":2},{"damage":14,"enemies":"HollowMod:MossKnight","floor":5,"turns":10},{"damage":28,"enemies":"conspire:MimicChest","floor":9,"turns":7},{"damage":7,"enemies":"2 Louse","floor":11,"turns":2},{"damage":29,"enemies":"Exordium Thugs","floor":12,"turns":5},{"damage":0,"enemies":"2 Fungi Beasts","floor":13,"turns":3},{"damage":3,"enemies":"Red Slaver","floor":14,"turns":3},{"damage":13,"enemies":"Exordium Thugs","floor":15,"turns":4},{"damage":20,"enemies":"downfall:Watcher","floor":16,"turns":10},{"damage":5,"enemies":"Chosen","floor":21,"turns":4},{"damage":0,"enemies":"conspire:FuzzyDice","floor":24,"turns":4},{"damage":36,"enemies":"Book of Stabbing","floor":25,"turns":6},{"damage":0,"enemies":"conspire:FuzzyDice","floor":26,"turns":5},{"damage":0,"enemies":"Slavers","floor":27,"turns":1},{"damage":12,"enemies":"Snecko","floor":28,"turns":4},{"damage":3,"enemies":"Snake Plant","floor":31,"turns":6},{"damage":0,"enemies":"Chosen and Byrds","floor":32,"turns":6},{"damage":14,"enemies":"downfall:Defect","floor":33,"turns":9}],"seed_played":"-7920826213357142012","potions_obtained":[{"floor":3,"key":"Fire Potion"},{"floor":4,"key":"Block Potion"},{"floor":11,"key":"SkillPotion"},{"floor":12,"key":"Strength Potion"},{"floor":13,"key":"jedi:holywater"},{"floor":15,"key":"Flashbang"},{"floor":26,"key":"SmokeBomb"},{"floor":28,"key":"Languid Potion"},{"floor":31,"key":"champ:UltimateStancePotion"}],"is_trial":false,"path_per_floor":["R","M","E","M","E","?","T","R","?","R","M","M","M","M","M","B",null,"R_BF","?","R","M","T","R","MIM","E","M","E","M","R","?","M","M","B"],"character_chosen":"THE_CHAMP","items_purchased":["champ:EnGarde","BelialBook","GuppysTail","champ:CrownThrow","champ:SwordThrow","champ:HoldFirm"],"campfire_rested":2,"item_purchase_floors":[17,17,17,17,17,17],"current_hp_per_floor":[90,90,24,20,6,6,6,33,5,32,30,1,1,45,35,15,50,50,50,50,50,50,60,60,24,30,22,28,28,28,42,45,0,0],"gold":496,"neow_bonus":"BOSS_RELIC","is_daily":false,"chose_seed":false,"campfire_upgraded":3,"win_rate":0.0,"timestamp":1607868684,"path_taken":["R","M","E","M","E","?","T","R","?","R","?","M","M","M","M","BOSS","R_BF","?","?","?","?","R","MIM","E","M","E","?","?","?","M","M","BOSS"],"items_purchased_type":["Card","Relic","Relic","Card","Card","Card"],"build_version":"2020-12-07","purchased_purges":1,"victory":false,"max_hp_per_floor":[90,90,90,90,90,90,90,90,90,90,90,90,90,90,90,90,50,50,50,50,50,50,60,60,45,45,45,45,45,45,45,45,45,45],"card_choices":[{"not_picked":[],"picked":"Bomb","floor":0},{"not_picked":["champ:FanOfKnives","champ:DefensiveShout"],"picked":"champ:DefensiveStyle","floor":2},{"not_picked":["champ:HeartStrike","champ:Lariat"],"picked":"champ:FocusedDefense","floor":3},{"not_picked":["champ:RecklessLeap","champ:AdrenalArmor"],"picked":"champ:TornadoPunch","floor":4},{"not_picked":["champ:FaceSlap","champ:TornadoPunch"],"picked":"champ:Lariat","floor":5},{"not_picked":["champ:Riposte","champ:PerfectedStrike"],"picked":"champ:CrookedStrike","floor":9},{"not_picked":["champ:FanOfKnives","champ:HeavySlash"],"picked":"champ:CalledShot","floor":11},{"not_picked":["champ:Shatter","champ:GladiatorStyle"],"picked":"champ:DefensiveShout","floor":12},{"not_picked":["champ:AdrenalArmor","champ:GladiatorStyle"],"picked":"Bomb","floor":13},{"not_picked":["champ:FlashCut","champ:FaceSlap"],"picked":"champ:IronFortress","floor":14},{"not_picked":["champ:AdrenalArmor","champ:Backstep"],"picked":"champ:TornadoPunch","floor":15},{"not_picked":["champ:Improvising","champ:StrikeOfGenius"],"picked":"champ:PerfectForm","floor":16},{"not_picked":["expansioncontent:Sear+1","BettingIsNotGood+1"],"picked":"Apotheosis+1","floor":21},{"not_picked":["champ:Haymaker","champ:FanOfKnives"],"picked":"champ:FalseCounter+1","floor":21},{"not_picked":["champ:Backstep","champ:Encircle+1"],"picked":"champ:TornadoPunch","floor":24},{"not_picked":["expansioncontent:YouAreMine+1","expansioncontent:Hexaburn+1"],"picked":"Jack Of All Trades+1","floor":25},{"not_picked":["champ:Lariat","champ:FanOfKnives"],"picked":"champ:Circumvent","floor":25},{"not_picked":["StuffTheSpire:PlasmaPulse+1","expansioncontent:PolyBeam+1"],"picked":"expansioncontent:DefensiveMode+1","floor":26},{"not_picked":["champ:BringItOn","champ:AdrenalArmor"],"picked":"champ:HoldFirm","floor":26},{"not_picked":["champ:HeartStrike+1","champ:Backstep"],"picked":"champ:EnragedBash+1","floor":28},{"not_picked":["champ:Haymaker+1","champ:GladiatorsShout"],"picked":"champ:TornadoPunch","floor":31},{"not_picked":["champ:Backstep+1","champ:CalledShot+1"],"picked":"champ:DeathBlow+1","floor":32}],"player_experience":226021,"relics_obtained":[{"floor":3,"key":"Dead Branch"},{"floor":5,"key":"jedi:arcanewood"},{"floor":7,"key":"champ:DefensiveTrainingManual"},{"floor":9,"key":"champ:GladiatorsBookOfMartialProwess"},{"floor":17,"key":"CCEMRelics:FestiveHat"},{"floor":17,"key":"Mercury Hourglass"},{"floor":17,"key":"FossilizedHelix"},{"floor":24,"key":"Mirror"},{"floor":25,"key":"infinitespire:Lychee Nut"}],"event_choices":[{"damage_healed":0,"gold_gain":0,"player_choice":"Ignored","damage_taken":0,"max_hp_gain":0,"max_hp_loss":0,"event_name":"betterNote:BetterNote","floor":19,"gold_loss":0,"cards_obtained":["Worship"]}],"is_beta":true,"boss_relics":[{"not_picked":["jedi:paperlyon","construct:ClawGrip"],"picked":"Calling Bell"},{"not_picked":[]}],"items_purged_floors":[17],"is_endless":false,"potions_floor_spawned":[3,4,11,12,13,15,26,28,31],"killed_by":"downfall:Defect","ascension_level":0}}