{"host":"ow9msrs9p2ctkx99","time":1607844303,"event":{"mods":["AchievementEnabler","BaseMod","Colored Map","Colored Powertips","Minty Spire (QoL Compilation)","Permanent Neow","Quick Restart","SuperFastMode"],"gold_per_floor":[115,65,65,65,85,113,113,131,131,166,166,192,192,211,211,307,307,325,325,345,58,58,88,88,115,115,157,157,177,177,191,191,191,191],"floor_reached":33,"playtime":683,"items_purged":["Zap"],"score":557,"play_id":"81946b6d-f9f7-4f9a-9954-55b32bca5171","local_time":"20201213082503","is_ascension_mode":true,"campfire_choices":[{"data":"Beam Cell","floor":7,"key":"SMITH"},{"data":"Dualcast","floor":11,"key":"SMITH"},{"floor":15,"key":"REST"},{"floor":24,"key":"RECALL"},{"data":"Biased Cognition","floor":32,"key":"SMITH"}],"circlet_count":0,"master_deck":["AscendersBane","Strike_B+1","Defend_B+1","Defend_B+1","Defend_B+1","Dualcast+1","Beam Cell+1","Cold Snap","Undo","BootSequence","Compile Driver","Hyperbeam+1","Coolheaded","Seek","Steam Power+1","Biased Cognition+1","BootSequence","Reinforced Body","Turbo","Core Surge","Stack","Aggregate"],"relics":["Cracked Core","NeowsBlessing","Kunai","Meat on the Bone","Darkstone Periapt","Anchor","Nuclear Battery","Unceasing Top","CeramicFish","Sundial","Mercury Hourglass"],"acts_visited":["Exordium","TheCity"],"potions_floor_usage":[16,27,27,33],"damage_taken":[{"damage":0.0,"enemies":"2 Louse","floor":1.0,"turns":1.0},{"damage":0,"enemies":"Cultist","floor":5,"turns":1},{"damage":0,"enemies":"3 Sentries","floor":6,"turns":2},{"damage":0,"enemies":"Jaw Worm","floor":8,"turns":3},{"damage":32,"enemies":"Lagavulin","floor":10,"turns":8},{"damage":45,"enemies":"Gremlin Nob","floor":12,"turns":5},{"damage":0,"enemies":"Lots of Slimes","floor":14,"turns":3},{"damage":41,"enemies":"Slime Boss","floor":16,"turns":12},{"damage":26,"enemies":"Spheric Guardian","floor":18,"turns":6},{"damage":0,"enemies":"2 Thieves","floor":20,"turns":2},{"damage":1,"enemies":"Slavers","floor":23,"turns":3},{"damage":33,"enemies":"Gremlin Leader","floor":25,"turns":8},{"damage":0,"enemies":"Book of Stabbing","floor":27,"turns":7},{"damage":2,"enemies":"Snecko","floor":29,"turns":5},{"damage":0,"enemies":"Chosen and Byrds","floor":31,"turns":3},{"damage":55,"enemies":"Collector","floor":33,"turns":8}],"seed_played":"6388239802008831190","potions_obtained":[{"floor":6,"key":"BlessingOfTheForge"},{"floor":10,"key":"Dexterity Potion"},{"floor":14,"key":"Swift Potion"},{"floor":16,"key":"Strength Potion"},{"floor":20,"key":"DuplicationPotion"}],"is_trial":false,"path_per_floor":["M","?","?","$","M","E","R","M","T","E","R","E","?","M","R","B",null,"M","?","M","$","?","E","R","E","T","E","T","M","?","M","R","B"],"character_chosen":"DEFECT","items_purchased":["Biased Cognition","BootSequence"],"campfire_rested":1,"item_purchase_floors":[21,21],"current_hp_per_floor":[68,68,68,68,68,68,68,68,68,48,48,15,15,27,49,20,61,47,47,47,47,47,46,46,25,25,37,37,47,47,47,47,0,0],"gold":191,"neow_bonus":"THREE_ENEMY_KILL","is_daily":false,"chose_seed":false,"campfire_upgraded":3,"win_rate":0.0,"timestamp":1607844303,"path_taken":["M","?","?","$","M","E","R","?","T","E","R","E","?","M","R","BOSS","M","?","M","$","?","E","R","E","T","E","?","?","?","M","R","BOSS"],"items_purchased_type":["Card","Card"],"build_version":"2020-11-30","purchased_purges":1,"victory":false,"max_hp_per_floor":[75,75,75,75,75,75,75,75,75,75,75,75,75,75,75,75,75,75,75,75,75,75,75,75,75,75,75,75,75,75,75,75,75,75],"card_choices":[{"not_picked":["Hello World","Barrage"],"picked":"Beam Cell","floor":1},{"not_picked":["Genetic Algorithm","Melter"],"picked":"Cold Snap","floor":5},{"not_picked":["Beam Cell","Steam"],"picked":"Undo","floor":6},{"not_picked":["Steam","Hologram"],"picked":"BootSequence","floor":8},{"not_picked":["Turbo","Leap"],"picked":"Compile Driver","floor":10},{"not_picked":["Beam Cell","Cold Snap"],"picked":"Hyperbeam","floor":12},{"not_picked":["Steam","Genetic Algorithm"],"picked":"Coolheaded","floor":14},{"not_picked":["Meteor Strike","Thunder Strike"],"picked":"Seek","floor":16},{"not_picked":["Compile Driver","Conserve Battery"],"picked":"Steam Power+1","floor":18},{"not_picked":["Barrage","Steam Power+1","Ball Lightning"],"picked":"SKIP","floor":20},{"not_picked":["Undo","Rebound"],"picked":"Core Surge","floor":23},{"not_picked":["Darkness","Recycle","Lockon"],"picked":"SKIP","floor":25},{"not_picked":["Loop","Storm"],"picked":"Stack","floor":27},{"not_picked":["Beam Cell+1","Gash"],"picked":"Aggregate","floor":29},{"not_picked":["Go for the Eyes","Storm","Reinforced Body"],"picked":"SKIP","floor":31}],"player_experience":997048,"relics_obtained":[{"floor":6,"key":"Kunai"},{"floor":9,"key":"Meat on the Bone"},{"floor":10,"key":"Darkstone Periapt"},{"floor":12,"key":"Anchor"},{"floor":23,"key":"Unceasing Top"},{"floor":25,"key":"CeramicFish"},{"floor":27,"key":"Sundial"},{"floor":28,"key":"Mercury Hourglass"}],"event_choices":[{"cards_removed":["Strike_B"],"damage_healed":0,"gold_gain":0,"player_choice":"Card Removal","damage_taken":0,"max_hp_gain":0,"max_hp_loss":0,"event_name":"The Cleric","floor":2,"gold_loss":50},{"cards_removed":["Strike_B"],"damage_healed":0,"gold_gain":0,"player_choice":"Purged","damage_taken":0,"max_hp_gain":0,"max_hp_loss":0,"event_name":"Purifier","floor":3,"gold_loss":0},{"damage_healed":0,"gold_gain":0,"player_choice":"Forge","damage_taken":0,"max_hp_gain":0,"max_hp_loss":0,"event_name":"Accursed Blacksmith","floor":13,"gold_loss":0,"cards_upgraded":["Hyperbeam"]},{"damage_healed":0,"gold_gain":0,"player_choice":"Simplicity","damage_taken":0,"max_hp_gain":0,"max_hp_loss":0,"event_name":"Back to Basics","floor":19,"gold_loss":0,"cards_upgraded":["Strike_B","Strike_B","Defend_B","Defend_B","Defend_B","Defend_B"]},{"damage_healed":0,"gold_gain":0,"cards_transformed":["Strike_B","Defend_B"],"player_choice":"Became Test Subject","damage_taken":0,"max_hp_gain":0,"max_hp_loss":0,"event_name":"Drug Dealer","floor":22,"gold_loss":0,"cards_obtained":["Reinforced Body","Turbo"]},{"damage_healed":0,"gold_gain":0,"player_choice":"Ignored","damage_taken":0,"max_hp_gain":0,"max_hp_loss":0,"event_name":"Vampires","floor":30,"gold_loss":0}],"is_beta":false,"boss_relics":[{"not_picked":["Calling Bell","Busted Crown"],"picked":"Nuclear Battery"}],"items_purged_floors":[21],"is_endless":false,"potions_floor_spawned":[6,10,14,16,18,20],"killed_by":"Collector","ascension_level":10}}