{"host":"qyjrmrr57odine7m","time":1607893035,"event":{"mods":["AchievementEnabler","BaseMod","Bestiary","Block Reminder","Card Forge","Highlight Path","Minty Spire (QoL Compilation)","StSLib"],"gold_per_floor":[114,114,129,129,82,112,127,127,152,182,182,197,212,227,227,327,327,342,357,372,372,387,417,432,447,497,176,176,206,256,271,271,371,371,371],"floor_reached":34,"playtime":2324,"items_purged":[],"score":606,"play_id":"0386e5fa-e786-4cae-8327-48bd4267b06f","local_time":"20201213205715","daily_mods":["Specialized","Colorless Cards","Binary"],"is_ascension_mode":false,"campfire_choices":[{"floor":8,"key":"REST"},{"floor":15,"key":"REST"},{"floor":28,"key":"REST"},{"floor":32,"key":"REST"}],"circlet_count":0,"master_deck":["Strike_P+1","Vigilance+1","ThirdEye+1","ThirdEye+1","Perseverance+1","Evaluate+1","Flash of Steel+1","Panacea+1","WreathOfFlame+1","Consecrate+1","LikeWater+1","SandsOfTime+1","LikeWater+1"],"relics":["HolyWater","Hammer of Thor","Seething Fire","Anvil of the Gods","WarpedTongs","Strawberry","Akabeko","Pantograph","InkBottle","Darkstone Periapt","Dream Catcher","TeardropLocket","Bag of Preparation","Fusion Hammer"],"acts_visited":["Exordium","TheCity","TheBeyond"],"potions_floor_usage":[29],"damage_taken":[{"damage":0,"enemies":"Small Slimes","floor":1,"turns":3},{"damage":0,"enemies":"Cultist","floor":3,"turns":3},{"damage":0,"enemies":"Lagavulin","floor":6,"turns":7},{"damage":0,"enemies":"2 Louse","floor":7,"turns":2},{"damage":0,"enemies":"3 Sentries","floor":10,"turns":5},{"damage":0,"enemies":"Exordium Thugs","floor":12,"turns":4},{"damage":0,"enemies":"Lots of Slimes","floor":13,"turns":4},{"damage":0,"enemies":"Looter","floor":14,"turns":2},{"damage":0,"enemies":"Slime Boss","floor":16,"turns":5},{"damage":0,"enemies":"Chosen","floor":18,"turns":3},{"damage":0,"enemies":"Shell Parasite","floor":19,"turns":2},{"damage":0,"enemies":"Shelled Parasite and Fungi","floor":20,"turns":6},{"damage":0,"enemies":"Chosen and Byrds","floor":22,"turns":5},{"damage":0,"enemies":"Gremlin Leader","floor":23,"turns":9},{"damage":0,"enemies":"Centurion and Healer","floor":24,"turns":6},{"damage":0,"enemies":"3 Cultists","floor":25,"turns":3},{"damage":0,"enemies":"Book of Stabbing","floor":29,"turns":7},{"damage":0,"enemies":"Snecko","floor":31,"turns":6},{"damage":0,"enemies":"Automaton","floor":33,"turns":13}],"seed_played":"4834798368356638827","potions_obtained":[{"floor":1,"key":"Weak Potion"},{"floor":10,"key":"Dexterity Potion"},{"floor":12,"key":"SteroidPotion"},{"floor":19,"key":"FairyPotion"}],"is_trial":false,"path_per_floor":["M","?","M","?","$","E","M","R","T","E","?","M","M","M","R","B",null,"M","M","M","?","M","E","M","M","T","$","R","E","T","M","R","B",null],"character_chosen":"WATCHER","items_purchased":["Evaluate","LikeWater","TeardropLocket"],"campfire_rested":4,"item_purchase_floors":[5,27,27],"current_hp_per_floor":[72,72,72,72,72,79,79,79,79,79,79,79,79,79,79,79,79,79,79,79,79,79,79,79,79,79,79,79,79,79,79,79,79,79,79],"gold":371,"neow_bonus":"","is_daily":true,"chose_seed":false,"campfire_upgraded":0,"win_rate":0.0,"timestamp":1607893035,"path_taken":["M","?","?","?","?","E","?","R","T","E","?","M","M","M","R","BOSS","M","M","M","?","M","E","M","M","T","$","R","E","?","M","R","BOSS"],"items_purchased_type":["Card","Card","Relic"],"build_version":"2020-11-30","purchased_purges":0,"victory":false,"max_hp_per_floor":[72,72,72,72,72,79,79,79,79,79,79,79,79,79,79,79,79,79,79,79,79,79,79,79,79,79,79,79,79,79,79,79,79,79,79],"card_choices":[{"not_picked":["EmptyFist","Halt"],"picked":"SKIP","floor":1},{"not_picked":["CrushJoints","FollowUp"],"picked":"SKIP","floor":3},{"not_picked":["Finesse"],"picked":"Flash of Steel","floor":6},{"not_picked":["SashWhip","PathToVictory"],"picked":"SKIP","floor":7},{"not_picked":["FlyingSleeves"],"picked":"Indignation","floor":10},{"not_picked":["PanicButton","JustLucky"],"picked":"SKIP","floor":12},{"not_picked":["PathToVictory","Blasphemy"],"picked":"SKIP","floor":13},{"not_picked":["ClearTheMind","CrushJoints"],"picked":"SKIP","floor":14},{"not_picked":["Evaluate+1"],"picked":"Consecrate+1","floor":18},{"not_picked":["MentalFortress","CrushJoints+1"],"picked":"SKIP","floor":19},{"not_picked":["Conclude"],"picked":"LikeWater","floor":20},{"not_picked":["FollowUp+1","ClearTheMind"],"picked":"SKIP","floor":22},{"not_picked":["WindmillStrike","Crescendo"],"picked":"SKIP","floor":23},{"not_picked":["Swivel","CutThroughFate+1"],"picked":"SKIP","floor":24},{"not_picked":["FlurryOfBlows","ClearTheMind"],"picked":"SKIP","floor":25},{"not_picked":["JustLucky+1","SashWhip"],"picked":"SKIP","floor":29},{"not_picked":["Protect","SashWhip"],"picked":"SKIP","floor":31}],"player_experience":1142151,"relics_obtained":[{"floor":6,"key":"Strawberry"},{"floor":9,"key":"Akabeko"},{"floor":10,"key":"Pantograph"},{"floor":23,"key":"Darkstone Periapt"},{"floor":26,"key":"Dream Catcher"},{"floor":30,"key":"Bag of Preparation"}],"event_choices":[{"cards_removed":["ThirdEye"],"damage_healed":5,"gold_gain":0,"player_choice":"Offered Common","damage_taken":0,"max_hp_gain":0,"max_hp_loss":0,"event_name":"Bonfire Elementals","floor":2,"gold_loss":0},{"cards_removed":["ThirdEye"],"damage_healed":5,"gold_gain":0,"player_choice":"Offered Special","damage_taken":0,"max_hp_gain":0,"max_hp_loss":0,"event_name":"Bonfire Elementals","floor":2,"gold_loss":0},{"damage_healed":0,"gold_gain":0,"player_choice":"Rummage","damage_taken":0,"relics_obtained":["WarpedTongs"],"max_hp_gain":0,"max_hp_loss":0,"event_name":"Accursed Blacksmith","floor":4,"gold_loss":0,"cards_obtained":["Pain"]},{"damage_healed":0,"gold_gain":0,"player_choice":"2 cards matched","damage_taken":0,"max_hp_gain":0,"max_hp_loss":0,"event_name":"Match and Keep!","floor":11,"gold_loss":0,"cards_obtained":["Panacea","WreathOfFlame"]},{"damage_healed":0,"gold_gain":0,"player_choice":"Opened","damage_taken":0,"relics_obtained":["InkBottle"],"max_hp_gain":0,"max_hp_loss":0,"event_name":"The Mausoleum","floor":21,"gold_loss":0}],"is_beta":false,"boss_relics":[{"not_picked":["Tiny House","Empty Cage"],"picked":"HolyWater"},{"not_picked":["Pandora\u0027s Box","Philosopher\u0027s Stone"],"picked":"Fusion Hammer"}],"items_purged_floors":[],"is_endless":false,"potions_floor_spawned":[1,10,12,13,19,20,22,25],"ascension_level":0}}