{"host":"f5gffvlv6a66yqkd","time":1607874667,"event":{"mods":["2.2 Compatiblity","BaseMod","Colored Map","DeckTracker","Keyboard Shortcuts","Minty Spire (QoL Compilation)","Permanent Neow","Quick Restart","Relic Stats","StSLib","SuperFastMode"],"gold_per_floor":[117,128,128,1,0,0,10,26,53,90,117,136,136,160,160,246,246,272,107,32,32,32,32,52,89,89,89,89],"floor_reached":27,"playtime":703,"items_purged":["Strike_B","Strike_B"],"score":446,"play_id":"60833d8f-6e02-4a52-8a40-2d77c2b1357a","local_time":"20201214005107","is_ascension_mode":true,"campfire_choices":[{"data":"Zap","floor":6.0,"key":"SMITH"},{"floor":13.0,"key":"REST"},{"data":"Dualcast","floor":15.0,"key":"SMITH"},{"data":"Seek","floor":23.0,"key":"SMITH"}],"circlet_count":0,"master_deck":["AscendersBane","Defend_B","Defend_B","Zap+1","Dualcast+1","Cold Snap","Sweeping Beam","Compile Driver","Skim","Ball Lightning","Gash","Conserve Battery","Gash","Conserve Battery","Seek+1","Self Repair","Beam Cell","Gash","Capacitor+1","Chaos+1"],"relics":["Cracked Core","CeramicFish","Odd Mushroom","Runic Pyramid","Omamori","Cables"],"acts_visited":["Exordium","TheCity"],"potions_floor_usage":[25,25],"damage_taken":[{"damage":1.0,"enemies":"2 Louse","floor":1.0,"turns":3.0},{"damage":7.0,"enemies":"Jaw Worm","floor":2.0,"turns":3.0},{"damage":5.0,"enemies":"Small Slimes","floor":7.0,"turns":4.0},{"damage":12.0,"enemies":"Exordium Thugs","floor":8.0,"turns":3.0},{"damage":10.0,"enemies":"The Mushroom Lair","floor":10.0,"turns":4.0},{"damage":11.0,"enemies":"Exordium Wildlife","floor":11.0,"turns":4.0},{"damage":4.0,"enemies":"2 Fungi Beasts","floor":12.0,"turns":3.0},{"damage":2.0,"enemies":"Large Slime","floor":14.0,"turns":4.0},{"damage":6.0,"enemies":"The Guardian","floor":16.0,"turns":9.0},{"damage":18.0,"enemies":"Shell Parasite","floor":18.0,"turns":5.0},{"damage":4.0,"enemies":"Chosen","floor":24.0,"turns":4.0},{"damage":20,"enemies":"Gremlin Leader","floor":25,"turns":5},{"damage":28,"enemies":"Sentry and Sphere","floor":27,"turns":3}],"seed_played":"7175626173912697247","potions_obtained":[{"floor":8.0,"key":"PowerPotion"},{"floor":11.0,"key":"CultistPotion"},{"floor":12.0,"key":"DistilledChaos"},{"floor":18.0,"key":"Ancient Potion"},{"floor":24.0,"key":"PowerPotion"}],"is_trial":false,"path_per_floor":["M","M","?","$","?","R","M","M","T","?","M","M","R","M","R","B",null,"M","$","?","?","$","R","M","E","T","M"],"character_chosen":"DEFECT","items_purchased":["Compile Driver","Beam Cell","Gash"],"campfire_rested":1,"item_purchase_floors":[4,19,19],"current_hp_per_floor":[63,56,49,49,49,49,44,32,32,22,11,7,26,24,24,18,53,35,35,35,35,35,35,38,25,25,0,0],"gold":89,"neow_bonus":"REMOVE_TWO","is_daily":false,"chose_seed":false,"campfire_upgraded":3,"win_rate":0.0,"timestamp":1607874667,"path_taken":["M","M","?","?","?","R","M","M","T","?","M","?","R","M","R","BOSS","M","$","?","?","?","R","M","E","T","M"],"items_purchased_type":["Card","Card","Card"],"build_version":"2020-11-30","purchased_purges":2,"victory":false,"max_hp_per_floor":[64,64,64,64,64,64,64,64,64,64,64,64,64,64,64,64,64,64,64,64,64,64,64,64,64,64,64,64],"relic_stats":{"counters":[13,54],"CeramicFish":90,"obtain_stats":[{"CeramicFish":9,"Omamori":25,"Odd Mushroom":10,"Cracked Core":0,"Runic Pyramid":17,"Cables":26},{"CeramicFish":4,"Omamori":12,"Odd Mushroom":5,"Cracked Core":0,"Runic Pyramid":9,"Cables":12},{"CeramicFish":13,"Omamori":51,"Odd Mushroom":17,"Cracked Core":0,"Runic Pyramid":37,"Cables":51}],"Cables":[3,3,0,0,0]},"card_choices":[{"not_picked":["Rebound","BootSequence"],"picked":"Cold Snap","floor":1.0},{"not_picked":["BootSequence","Rebound"],"picked":"Sweeping Beam","floor":2.0},{"not_picked":["Gash","Streamline"],"picked":"Skim","floor":7.0},{"not_picked":["Thunder Strike","Go for the Eyes"],"picked":"Ball Lightning","floor":8.0},{"not_picked":["Storm","Compile Driver"],"picked":"Gash","floor":10.0},{"not_picked":["Fusion","Barrage"],"picked":"Conserve Battery","floor":11.0},{"not_picked":["Recycle","Rebound"],"picked":"Gash","floor":12.0},{"not_picked":["Beam Cell","Barrage"],"picked":"Conserve Battery","floor":14.0},{"not_picked":["Buffer","Multi-Cast"],"picked":"Seek","floor":16.0},{"not_picked":["Rip and Tear+1","Leap"],"picked":"Self Repair","floor":18.0},{"not_picked":["Recycle","Turbo"],"picked":"Capacitor+1","floor":24.0},{"not_picked":["Melter","Stack+1"],"picked":"Chaos+1","floor":25}],"player_experience":1450970,"relics_obtained":[{"floor":9.0,"key":"CeramicFish"},{"floor":10.0,"key":"Odd Mushroom"},{"floor":25,"key":"Omamori"},{"floor":26,"key":"Cables"}],"event_choices":[{"cards_removed":["Strike_B"],"damage_healed":0.0,"max_hp_gain":0.0,"max_hp_loss":0.0,"gold_gain":0.0,"event_name":"Golden Wing","player_choice":"Card Removal","floor":3.0,"gold_loss":0.0,"damage_taken":7.0},{"damage_healed":0.0,"max_hp_gain":0.0,"max_hp_loss":0.0,"gold_gain":0.0,"event_name":"World of Goop","player_choice":"Left Gold","floor":5.0,"gold_loss":1.0,"damage_taken":0.0},{"damage_healed":0.0,"max_hp_gain":0.0,"max_hp_loss":0.0,"gold_gain":0.0,"event_name":"Mushrooms","player_choice":"Fought Mushrooms","floor":10.0,"gold_loss":0.0,"damage_taken":0.0},{"cards_removed":["Defend_B"],"damage_healed":0.0,"max_hp_gain":0.0,"max_hp_loss":0.0,"gold_gain":0.0,"event_name":"Beggar","player_choice":"Gave Gold","floor":20.0,"gold_loss":75.0,"damage_taken":0.0}],"is_beta":false,"boss_relics":[{"not_picked":["Cursed Key","Coffee Dripper"],"picked":"Runic Pyramid"}],"items_purged_floors":[4,19],"is_endless":false,"potions_floor_spawned":[8,11,12,18,24],"killed_by":"Sentry and Sphere","ascension_level":20}}