{"host":"gasnufldyoo3453u","time":1607861936,"event":{"mods":["Act Like it!","BaseMod","Colored Map","Colored Powertips","Downfall","Minty Spire (QoL Compilation)","Rare Cards Sparkle","StSLib"],"gold_per_floor":[99,112,112,125,150,163,163,163,193,118,118,118,139,150,160,260,260,260,260,260,260,97,97,97,97,97,97,97,97,97,97,97,97,97,97,97,97,97,22,7,7,7,7,7,7,7,7,7,7,7],"floor_reached":51,"playtime":3019,"items_purged":["Regret"],"score":883,"play_id":"e285d539-e07f-45ed-8080-dc92febd3c00","local_time":"20201213201856","is_ascension_mode":true,"campfire_choices":[{"data":"Slimebound:Split","floor":1.0,"key":"SMITH"},{"data":"Slimebound:SamplingLick","floor":3.0,"key":"SMITH"},{"floor":8.0,"key":"REST"},{"data":"Slimebound:CorrosiveSpit","floor":10.0,"key":"SMITH"},{"data":"Slimebound:GrowthPunch","floor":18,"key":"SMITH"},{"data":"Slimebound:SplitMire","floor":23,"key":"SMITH"},{"data":"Slimebound:Overexert","floor":27,"key":"SMITH"},{"data":"Slimebound:FirmFortitude","floor":35,"key":"SMITH"},{"floor":39,"key":"RECALL"},{"floor":44,"key":"REST"}],"circlet_count":0,"master_deck":["Slimebound:Tackle+1","Slimebound:Defend_Slimebound+1","Slimebound:Defend_Slimebound+1","Slimebound:Defend_Slimebound+1","Slimebound:Split+1","Slimebound:CorrosiveSpit+1","Slimebound:SamplingLick+1","Slimebound:Prepare+1","Slimebound:SplitMire+1","Slimebound:FirmFortitude+1","Slimebound:GrowthPunch+1","Slimebound:MegaLick+1","Slimebound:Repurpose+1","Slimebound:Overexert+1","Slimebound:RollThrough+1","Slimebound:Tackle+1","Slimebound:Tackle+1","Slimebound:Tackle+1","Slimebound:SplitBruiser+1","Slimebound:PressTheAttack+1","Slimebound:PrepareCrush+1","Slimebound:SlimeSpikes+1","Slimebound:SplitAcid+1","Slimebound:SplitAcid+1","Slimebound:DouseInSlime+1","Slimebound:LevelUp+1","Slimebound:SplitLeeching+1","Slimebound:LevelUp+1","Slimebound:SamplingLick+1","Slimebound:MassRepurpose+1"],"relics":["Slimebound:AbsorbEndCombat","Anchor","Singing Bowl","Toxic Egg 2","Lantern","downfall:HeartBlessingGreen","Odd Mushroom","Ectoplasm","Omamori","Letter Opener","Nunchaku","Strawberry","Sundial","Busted Crown","Oddly Smooth Stone","downfall:HeartBlessingBlue","Whetstone","Old Coin"],"acts_visited":["Exordium","TheCity","TheBeyond"],"potions_floor_usage":[25,42,47],"damage_taken":[{"damage":8.0,"enemies":"2 Louse","floor":2.0,"turns":2.0},{"damage":8.0,"enemies":"Jaw Worm","floor":4.0,"turns":3.0},{"damage":42.0,"enemies":"Lagavulin","floor":5.0,"turns":8.0},{"damage":8.0,"enemies":"Small Slimes","floor":6.0,"turns":2.0},{"damage":44.0,"enemies":"Gremlin Nob","floor":9.0,"turns":4.0},{"damage":21,"enemies":"The Mushroom Lair","floor":13,"turns":3},{"damage":8,"enemies":"Red Slaver","floor":14,"turns":3},{"damage":19,"enemies":"Gremlin Gang","floor":15,"turns":4},{"damage":26,"enemies":"downfall:Ironclad","floor":16,"turns":8},{"damage":44,"enemies":"Book of Stabbing","floor":19,"turns":6},{"damage":9,"enemies":"3 Byrds","floor":21,"turns":4},{"damage":13,"enemies":"downfall:FleeingMerchant","floor":22,"turns":4},{"damage":23,"enemies":"Slavers","floor":25,"turns":3},{"damage":10,"enemies":"Shell Parasite","floor":26,"turns":4},{"damage":9,"enemies":"Snake Plant","floor":28,"turns":3},{"damage":16,"enemies":"3 Cultists","floor":32,"turns":3},{"damage":51,"enemies":"downfall:Watcher","floor":33,"turns":8},{"damage":82,"enemies":"Giant Head","floor":36,"turns":7},{"damage":4,"enemies":"Orb Walker","floor":37,"turns":3},{"damage":0,"enemies":"downfall:FleeingMerchant","floor":40,"turns":4},{"damage":16,"enemies":"3 Darklings","floor":42,"turns":3},{"damage":47,"enemies":"Maw","floor":43,"turns":5},{"damage":4,"enemies":"Mind Bloom Boss Battle","floor":45,"turns":4},{"damage":20,"enemies":"Writhing Mass","floor":47,"turns":4},{"damage":4,"enemies":"downfall:FleeingMerchant","floor":48,"turns":1},{"damage":12,"enemies":"Sphere and 2 Shapes","floor":49,"turns":3},{"damage":37,"enemies":"downfall:Defect","floor":50,"turns":6}],"seed_played":"-4773225645915536676","potions_obtained":[{"floor":2.0,"key":"Weak Potion"},{"floor":6.0,"key":"Swift Potion"},{"floor":13,"key":"DistilledChaos"},{"floor":16,"key":"PowerPotion"},{"floor":19,"key":"Strength Potion"},{"floor":26,"key":"Energy Potion"},{"floor":28,"key":"Slimebound:SpawnSlimePotion"},{"floor":45,"key":"Swift Potion"},{"floor":49,"key":"sneckomod:MuddlingPotion"}],"is_trial":false,"path_per_floor":["R","M","R","M","E","M","T","R","E","R","?","?","?","M","M","B",null,"R","E","?","M","$","R","T","E","M","R","M","?","T","?","M","B",null,"R","E","M","T","R","$","T","M","M","R","?","?","M","$","M","B",null],"character_chosen":"SLIMEBOUND","items_purchased":["Slimebound:PrepareCrush+1"],"campfire_rested":2,"item_purchase_floors":[22],"current_hp_per_floor":[60,60,60,60,32,36,36,54,34,34,39,39,38,46,47,59,65,65,39,39,54,65,65,65,60,65,65,62,62,69,69,74,43,74,74,20,40,40,50,72,72,86,59,86,90,82,84,88,92,89],"gold":7,"neow_bonus":"RANDOM_COMMON_RELIC","is_daily":false,"chose_seed":false,"campfire_upgraded":7,"win_rate":0.0,"timestamp":1607861936,"path_taken":["R","M","R","M","E","M","T","R","E","R","?","?","?","M","M","BOSS","R","E","?","M","$","R","T","E","M","R","M","?","?","?","M","BOSS","R","E","M","?","R","$","T","?","?","R","?","?","M","$","M","BOSS"],"items_purchased_type":["Card"],"build_version":"2020-11-30","purchased_purges":1,"victory":true,"max_hp_per_floor":[60,60,60,60,60,60,60,60,60,60,65,65,65,65,65,65,65,65,65,65,65,65,65,65,65,65,65,65,65,72,72,74,74,74,74,76,76,76,86,86,86,88,90,90,90,90,92,92,92,92],"card_choices":[{"not_picked":["Slimebound:DisruptingSlam","Slimebound:HungryTackle"],"picked":"Slimebound:SamplingLick","floor":2.0},{"not_picked":["Slimebound:ViciousTackle","Slimebound:SplitBruiser","Slimebound:SamplingLick"],"picked":"SKIP","floor":4.0},{"not_picked":["Slimebound:Chomp","Slimebound:ViciousTackle"],"picked":"Slimebound:Prepare","floor":5.0},{"not_picked":["Slimebound:SplitAcid","Slimebound:Schlurp"],"picked":"Slimebound:SplitMire","floor":6.0},{"not_picked":["Slimebound:SpikyOuterGoop","Slimebound:ViciousTackle"],"picked":"Slimebound:FirmFortitude","floor":9.0},{"not_picked":["Slimebound:SlimeSpikes+1","Slimebound:SplitMire+1"],"picked":"Slimebound:GrowthPunch","floor":13},{"not_picked":["Slimebound:ComboTackle","Slimebound:Recollect+1"],"picked":"Slimebound:MegaLick+1","floor":14},{"not_picked":["Slimebound:LeechLife","Slimebound:DisruptingSlam"],"picked":"Slimebound:Repurpose+1","floor":15},{"not_picked":["Slimebound:LeechLife","Slimebound:DuplicatedForm"],"picked":"Slimebound:Overexert","floor":16},{"not_picked":["Slimebound:Chomp","Slimebound:AcidTongue"],"picked":"Slimebound:RollThrough+1","floor":19},{"not_picked":["Slimebound:SamplingLick+1","Slimebound:LeechingTouch+1"],"picked":"Slimebound:SplitBruiser+1","floor":21},{"not_picked":["Slimebound:GrowthPunch","Slimebound:Schlurp+1"],"picked":"Slimebound:PressTheAttack+1","floor":22},{"not_picked":["Slimebound:BestDefense","Slimebound:PressTheAttack"],"picked":"Slimebound:SlimeSpikes+1","floor":25},{"not_picked":["Slimebound:LeechEnergy","Slimebound:MinionMaster"],"picked":"Slimebound:SplitAcid+1","floor":26},{"not_picked":["Slimebound:SplitBruiser+1","Slimebound:SplitMire+1"],"picked":"Slimebound:SplitAcid+1","floor":28},{"not_picked":["Slimebound:Schlurp+1","Slimebound:ComboTackle","Slimebound:SplitBruiser+1"],"picked":"Singing Bowl","floor":32},{"not_picked":["Slimebound:OneTwoCombo","Slimebound:Overexert"],"picked":"Slimebound:DouseInSlime+1","floor":33},{"not_picked":["Slimebound:SlimeTap+1"],"picked":"Singing Bowl","floor":36},{"not_picked":[],"picked":"Slimebound:LevelUp+1","floor":37},{"not_picked":[],"picked":"Slimebound:SplitLeeching+1","floor":40},{"not_picked":["Slimebound:Replication+1"],"picked":"Singing Bowl","floor":42},{"not_picked":["Slimebound:Gluttony"],"picked":"Singing Bowl","floor":43},{"not_picked":[],"picked":"Slimebound:LevelUp","floor":45},{"not_picked":["Slimebound:SplitBruiser+1"],"picked":"Singing Bowl","floor":47},{"not_picked":[],"picked":"Slimebound:SamplingLick+1","floor":48},{"not_picked":[],"picked":"Slimebound:MassRepurpose+1","floor":49}],"player_experience":1242328,"relics_obtained":[{"floor":5.0,"key":"Singing Bowl"},{"floor":7.0,"key":"Toxic Egg 2"},{"floor":9.0,"key":"Lantern"},{"floor":13,"key":"Odd Mushroom"},{"floor":19,"key":"Omamori"},{"floor":24,"key":"Letter Opener"},{"floor":25,"key":"Nunchaku"},{"floor":30,"key":"Strawberry"},{"floor":31,"key":"Sundial"},{"floor":36,"key":"Oddly Smooth Stone"},{"floor":41,"key":"Whetstone"},{"floor":45,"key":"Old Coin"}],"event_choices":[{"damage_healed":0,"gold_gain":0,"player_choice":"Donut","damage_taken":0,"max_hp_gain":5,"max_hp_loss":0,"event_name":"Big Fish","floor":11,"gold_loss":0},{"damage_healed":0,"gold_gain":0,"player_choice":"Fought Mushrooms","damage_taken":0,"max_hp_gain":0,"max_hp_loss":0,"event_name":"Mushrooms","floor":13,"gold_loss":0},{"damage_healed":0,"gold_gain":0,"player_choice":"Simplicity","damage_taken":0,"max_hp_gain":0,"max_hp_loss":0,"event_name":"Back to Basics","floor":29,"gold_loss":0,"cards_upgraded":["Slimebound:Defend_Slimebound","Slimebound:Defend_Slimebound","Slimebound:Defend_Slimebound"]},{"damage_healed":0,"gold_gain":0,"player_choice":"Relic","damage_taken":0,"max_hp_gain":0,"max_hp_loss":0,"event_name":"Wheel of Change","floor":31,"gold_loss":0}],"is_beta":false,"boss_relics":[{"not_picked":["Cursed Key","Slimebound:AbsorbEndCombatUpgraded"],"picked":"Ectoplasm"},{"not_picked":["Runic Dome","Fusion Hammer"],"picked":"Busted Crown"}],"items_purged_floors":[22],"is_endless":false,"potions_floor_spawned":[2,6,13,16,19,26,28,33,36,45,49],"ascension_level":4}}