{"host":"qr1bwouox9un7py1","time":1607835639,"event":{"mods":["2.2 Compatiblity","AchievementEnabler","BaseMod","Colored Map","Colored Powertips","GifTheSpireLib","Highlight Path","Infinite Spire","Lobotomy","LobotomyExtend","Minty Spire (QoL Compilation)","Quick Restart","Shop Mod","StSLib","Unceasing Turn Reminder"],"gold_per_floor":[115,115,68,86,105,105,105,116,116,147,147,147,161,16,16,121,121,135,153,252,167,167,179,199,199,199,210,210,237,93,111,111,215,215,226,244,291,309,309,309],"floor_reached":39,"playtime":2039,"items_purged":[],"score":569,"play_id":"c057b8d5-936d-459d-9248-e9e6c0c53571","local_time":"20201213160039","is_ascension_mode":true,"campfire_choices":[{"floor":6.0,"key":"REST"},{"floor":12.0,"key":"REST"},{"floor":15.0,"key":"REST"},{"floor":25.0,"key":"REST"},{"floor":28.0,"key":"REST"},{"floor":32.0,"key":"REST"}],"circlet_count":0,"master_deck":["BigBird","BigBird","BlueStar","Strike_R+1","Strike_R","Strike_R","Strike_R+1","Defend_R","Defend_R","Defend_R","Defend_R","Bash","CrumblingArmor","Anger+1","Thunderclap","Bloodbath","Double Tap+1","UniverseFragment","Pommel Strike","Wellcheers","RedShoes","Cleave","OSAHOGD","Thunderclap","Limit Break","Berserk","BlackArmy","Iron Wave","SingingMachine","GreedKing","Limit Break","Battle Trance","Rudolta","Cleave","Reaper","BlackSwan","Thunderclap+1","Limit Break","Cleave+1","Heavy Blade+1","Murderer","Pummel+1","Rampage","Parasite"],"relics":["Black Blood","CogitoBucket","LetterFromLob","Moonlight_r","Letter Opener","Thread and Needle","BackwardClock","SolemnVow_r","Frozen Egg 2","ChangeAnything","Darkstone Periapt","SoundOfStar_r","Boot","Vajra","SacredBark","AtMidnight","Lamp_r","Girya"],"acts_visited":["Exordium","TheCity","TheBeyond"],"potions_floor_usage":[],"damage_taken":[{"damage":6.0,"enemies":"Cultist","floor":1.0,"turns":4.0},{"damage":7.0,"enemies":"Small Slimes","floor":4.0,"turns":3.0},{"damage":3.0,"enemies":"2 Louse","floor":5.0,"turns":3.0},{"damage":6.0,"enemies":"Gremlin Gang","floor":8.0,"turns":6.0},{"damage":32.0,"enemies":"Lagavulin","floor":10.0,"turns":5.0},{"damage":14.0,"enemies":"2 Fungi Beasts","floor":13.0,"turns":2.0},{"damage":63.0,"enemies":"The Guardian","floor":16.0,"turns":8.0},{"damage":25.0,"enemies":"Spheric Guardian","floor":18.0,"turns":3.0},{"damage":3.0,"enemies":"3 Byrds","floor":19.0,"turns":3.0},{"damage":19.0,"enemies":"Centurion and Healer","floor":23.0,"turns":5.0},{"damage":36.0,"enemies":"Snake Plant","floor":24.0,"turns":6.0},{"damage":17.0,"enemies":"Shelled Parasite and Fungi","floor":27.0,"turns":3.0},{"damage":70.0,"enemies":"Gremlin Leader","floor":29.0,"turns":8.0},{"damage":0.0,"enemies":"Sentry and Sphere","floor":31.0,"turns":2.0},{"damage":46.0,"enemies":"Automaton","floor":33.0,"turns":6.0},{"damage":87.0,"enemies":"3 Shapes","floor":35.0,"turns":16.0},{"damage":8.0,"enemies":"3 Darklings","floor":36.0,"turns":2.0},{"damage":91.0,"enemies":"2 Orb Walkers","floor":37.0,"turns":6.0},{"damage":2,"enemies":"Sphere and 2 Shapes","floor":38,"turns":3},{"damage":75,"enemies":"Writhing Mass","floor":39,"turns":5}],"seed_played":"-6529685049074369851","potions_obtained":[{"floor":8.0,"key":"AttackPotion"},{"floor":16.0,"key":"Energy Potion"},{"floor":19.0,"key":"Energy Potion"},{"floor":23.0,"key":"FairyPotion"},{"floor":29.0,"key":"Fire Potion"},{"floor":36.0,"key":"Fire Potion"}],"is_trial":false,"path_per_floor":["M","?","$","M","M","R","E","M","T","E","?","R","M","$","R","B",null,"M","M","?","?","?","M","M","R","T","M","R","E","$","M","R","B",null,"M","M","?","M","M"],"character_chosen":"IRONCLAD","items_purchased":["Thunderclap","Limit Break","Vajra"],"campfire_rested":6,"item_purchase_floors":[3,14,30],"current_hp_per_floor":[72,24,24,23,27,51,51,53,53,31,15,39,32,32,56,7,63,55,65,65,65,49,48,31,57,57,54,80,30,30,45,71,65,82,30,45,22,32,0,0],"gold":309,"neow_bonus":"","is_daily":false,"chose_seed":false,"campfire_upgraded":0,"win_rate":0.0,"timestamp":1607835639,"path_taken":["M","?","$","M","M","R","E","M","T","E","?","R","M","$","R","BOSS","M","?","?","?","?","M","?","R","T","M","R","E","$","M","R","BOSS","M","M","?","M","M"],"items_purchased_type":["Card","Card","Relic"],"build_version":"2020-11-30","purchased_purges":0,"victory":false,"max_hp_per_floor":[80,82,82,82,82,82,82,82,82,82,82,82,82,82,82,82,82,82,82,82,82,87,87,87,87,87,87,87,87,87,87,87,87,87,87,87,87,87,93,93],"card_choices":[{"not_picked":["OSAHOGD","BeautyBeast"],"picked":"CrumblingArmor","floor":1.0},{"not_picked":["Headbutt","Body Slam"],"picked":"Anger","floor":1.0},{"not_picked":["Scorched","BeautyBeast","Scarecrow"],"picked":"Singing Bowl","floor":4.0},{"not_picked":["OldLady","Woodsman"],"picked":"Bloodbath","floor":4.0},{"not_picked":["Flex","Infernal Blade"],"picked":"Double Tap","floor":4.0},{"not_picked":["Alriune","PunishingBird"],"picked":"UniverseFragment","floor":5.0},{"not_picked":["Metallicize","Warcry"],"picked":"Pommel Strike","floor":5.0},{"not_picked":["MHz","ShyLook","MeatLantern"],"picked":"Singing Bowl","floor":8.0},{"not_picked":["BeautyBeast","Scorched"],"picked":"Wellcheers","floor":8.0},{"not_picked":["Clothesline","Perfected Strike","Dark Embrace"],"picked":"SKIP","floor":8.0},{"not_picked":["CherryBlossoms","BodiesMountain","SingingMachine"],"picked":"Singing Bowl","floor":10.0},{"not_picked":["VoidDream","MHz"],"picked":"RedShoes","floor":10.0},{"not_picked":["Bludgeon","Second Wind"],"picked":"Cleave","floor":10.0},{"not_picked":["Scarecrow","BlackSwan","MHz"],"picked":"Singing Bowl","floor":13.0},{"not_picked":["OldLady","MHz"],"picked":"OSAHOGD","floor":13.0},{"not_picked":["True Grit","Hemokinesis"],"picked":"Thunderclap","floor":13.0},{"not_picked":["ShyLook","FairyFestival"],"picked":"Funeral","floor":16.0},{"not_picked":["Double Tap","Offering"],"picked":"Berserk","floor":16.0},{"not_picked":["CherryBlossoms","MeatLantern"],"picked":"BlackArmy","floor":18.0},{"not_picked":["Seeing Red+1","Ghostly Armor"],"picked":"Iron Wave","floor":18.0},{"not_picked":["MHz","BigBadWolf","Mercenary"],"picked":"Singing Bowl","floor":19.0},{"not_picked":["MHz","MeatLantern"],"picked":"SingingMachine","floor":19.0},{"not_picked":["Sword Boomerang","Pommel Strike","Perfected Strike"],"picked":"SKIP","floor":19.0},{"not_picked":["Alriune","WallGazer"],"picked":"GreedKing","floor":23.0},{"not_picked":["Cleave","Body Slam"],"picked":"Limit Break","floor":23.0},{"not_picked":["Freischutz","Murderer","MeatLantern"],"picked":"Singing Bowl","floor":24.0},{"not_picked":["SpiderBud","Laetitia"],"picked":"BlueStar","floor":24.0},{"not_picked":["Perfected Strike+1","Ghostly Armor"],"picked":"Battle Trance","floor":24.0},{"not_picked":["Alriune","Porccubus","BeautyBeast"],"picked":"Singing Bowl","floor":27.0},{"not_picked":["OldLady","Murderer"],"picked":"Rudolta","floor":27.0},{"not_picked":["Dropkick+1","Clothesline"],"picked":"Cleave","floor":27.0},{"not_picked":["MeatLantern","HappyTeddy"],"picked":"BigBird","floor":29.0},{"not_picked":["Brutality+1","Second Wind+1"],"picked":"Reaper","floor":29.0},{"not_picked":["MHz","ShyLook","Scarecrow"],"picked":"Singing Bowl","floor":31.0},{"not_picked":["BodiesMountain","WhitesApple"],"picked":"BlackSwan","floor":31.0},{"not_picked":["Warcry","Flex"],"picked":"Thunderclap+1","floor":31.0},{"not_picked":["SpiderBud","QueenBee","BodiesMountain"],"picked":"Singing Bowl","floor":33.0},{"not_picked":["Bludgeon","Double Tap"],"picked":"Limit Break","floor":33.0},{"not_picked":["PunishingBird","WhiteNight","SpiderBud"],"picked":"Singing Bowl","floor":35.0},{"not_picked":["Variant","FieryBird"],"picked":"MeltingLove","floor":35.0},{"not_picked":["Twin Strike+1","Shrug It Off"],"picked":"Cleave+1","floor":35.0},{"not_picked":["GalaxyChild","BeautyBeast","QueenBee"],"picked":"Singing Bowl","floor":36.0},{"not_picked":["LaLuna","Variant"],"picked":"DespairKnight","floor":36.0},{"not_picked":["Dual Wield","Exhume"],"picked":"Heavy Blade+1","floor":36.0},{"not_picked":["Murderer","FairyFestival","Mercenary"],"picked":"Singing Bowl","floor":37.0},{"not_picked":["Variant","Laetitia"],"picked":"Murderer","floor":37.0},{"not_picked":["Carnage+1","Reckless Charge+1"],"picked":"Pummel+1","floor":37.0},{"not_picked":["Scorched","Porccubus"],"picked":"LongBird","floor":38},{"not_picked":["Shockwave+1","Body Slam+1"],"picked":"Rampage","floor":38}],"player_experience":239967,"relics_obtained":[{"floor":1.0,"key":"LetterFromLob"},{"floor":9.0,"key":"Letter Opener"},{"floor":10.0,"key":"Thread and Needle"},{"floor":26.0,"key":"Darkstone Periapt"},{"floor":29.0,"key":"Boot"},{"floor":35.0,"key":"AtMidnight"},{"floor":37.0,"key":"Girya"}],"event_choices":[{"damage_healed":0.0,"max_hp_gain":0.0,"max_hp_loss":0.0,"gold_gain":0.0,"event_name":"Shining Light","player_choice":"Entered Light","floor":11.0,"gold_loss":0.0,"damage_taken":16.0,"cards_upgraded":["Double Tap","Strike_R"]},{"damage_healed":0.0,"max_hp_gain":0.0,"max_hp_loss":0.0,"gold_gain":99.0,"event_name":"Nest","player_choice":"Stole From Cult","floor":20.0,"gold_loss":0.0,"damage_taken":0.0},{"damage_healed":0.0,"max_hp_gain":0.0,"max_hp_loss":0.0,"gold_gain":0.0,"event_name":"Addict","player_choice":"Obtained Relic","floor":21.0,"gold_loss":85.0,"damage_taken":0.0,"relics_obtained":["Frozen Egg 2"]},{"damage_healed":0.0,"max_hp_gain":5.0,"max_hp_loss":0.0,"gold_gain":0.0,"event_name":"Forgotten Altar","player_choice":"Shed Blood","floor":22.0,"gold_loss":0.0,"damage_taken":21.0},{"damage_healed":0.0,"max_hp_gain":0.0,"max_hp_loss":0.0,"gold_gain":0.0,"event_name":"Mysterious Sphere","player_choice":"Fight","floor":37.0,"gold_loss":0.0,"damage_taken":0.0}],"is_beta":false,"boss_relics":[{"not_picked":["SlaversCollar","Cursed Key"],"picked":"Black Blood"},{"not_picked":["Busted Crown","Astrolabe"],"picked":"SacredBark"}],"items_purged_floors":[],"is_endless":false,"potions_floor_spawned":[8,10,16,19,23,24,29,36,37],"killed_by":"Writhing Mass","ascension_level":7}}