{"host":"qvm8mnkwg7phaqzl","time":1607899293,"event":{"mods":["2.2 Compatiblity","A Magickal Journey","Act Like it!","Aspiration","Astrologer","Bard","BaseMod","Beaked The Cultist","Better Altar","Better Match","Better Note","Better Sensory Stone","Better Skull","Better Third Choice","CCEM","CatGirl Mod","Chen","Colored Map","Conspire","DeckTracker","Downfall","Elementarium","Friendly Minions","Gensokyo","GifTheSpireLib","Halation","Hubris","Koishi","Marisa（霧雨　魔理沙）","Mathematician","Minty Spire (QoL Compilation)","Onozuka Komachi Mod","Potionbrewer","Random Character Button","Rare Cards Sparkle","Reimu（博??梦）","Replay The Spire","Somnambulant","StSLib","The Accelerator","The Blackbeard","The Bladedancer","The Bug Knight","The Construct","The Cursed","The Disciple","The Druid","The Elementalist","The Factory","The Florist","The Forsaken","The Gatherer","The Hierophant","The Judge","The Juggle","The Jungle","The Mystic","The Necromancer","The Poker Player","The Problem Sleuth","The Runesmith","The Sage","The Servant 0.9.4","The Spell Scribe","The Valiant","The Witch","TheArtist","TheFirefly","Wandering Minibosses","Youmu（魂魄妖梦）","Yuyuko","vexMod","yUi"],"gold_per_floor":[118,138,14,45,45,93,111,111,111,111,122,156,185,235,235,346,346,379,404,430,459,308,381,306,376,376,40,86,86,103,175,175,275,275,327,359,414,137,196,246,246,96,96,96,170,170,198,270,270,270,270,270,86,160,160],"floor_reached":56,"playtime":8712,"items_purged":["Strike_MRS","Strike_MRS","Strike_MRS","Defend_MRS"],"score":1508,"play_id":"b09c53af-b844-439d-a252-b0e24ce94ee8","local_time":"20201213164133","is_ascension_mode":true,"campfire_choices":[{"floor":15.0,"key":"REST"},{"floor":29,"key":"RECALL"},{"data":"BlazingStar","floor":32,"key":"SMITH"},{"data":"BinaryStars","floor":44,"key":"SMITH"},{"data":"OrrerysSun","floor":49,"key":"SMITH"}],"circlet_count":0,"master_deck":["Strike_MRS","Defend_MRS+1","Defend_MRS+1","Defend_MRS+1","MasterSpark","UpSweep+1","EarthLightRay","WitchOfGreed","AlicesGift","MillisecondPulsars+1","6A","ShootingEcho","CasketOfStar","BlazingStar+1","SprinkleStarSeal+1","EventHorizon+1","WitchOfGreed+1","6A+1","GasGiant","BinaryStars+1","ShootingEcho+1","6A","Parasite","OrrerysSun+1"],"relics":["MiniHakkero","aspiration:Nostalgia","Chen:Catnip","Gensokyo:MarisaImprobabilityPotion","Bag of Marbles","HollowMod:StagPassRelic","Chameleon Ring","hubris:Backtick","Mummified Hand","aspiration:FrozenJewel","Nunchaku","vexMod:Spyglass","CCEMRelics:SpiritsEdge","aspiration:AnachronicSnailShell","HollowMod:LifeEnderRelic","Elementarium:ElementariumTrophy","potionbrewer:BhaskarasWheel","CCEMRelics:Pendulum","War Paint","theForsaken:Gavel","halation:KoshaPiece","Runesmith:AutoHammer","Pen Nib","CCEMRelics:JestersCrown"],"acts_visited":["Gensokyo:Gensokyo","Elementarium:Elementarium","TheBeyond","TheEnding"],"potions_floor_usage":[19,20,21,23,25,25,25,27,28,30,30,31,33,33,36,37,39,40,48,48,50,50,50,54,54,55,55,55],"damage_taken":[{"damage":9.0,"enemies":"Gensokyo:Python","floor":1.0,"turns":4.0},{"damage":2.0,"enemies":"Gensokyo:2_Kodama","floor":2.0,"turns":3.0},{"damage":8.0,"enemies":"Gensokyo:Gryphon","floor":4.0,"turns":4.0},{"damage":11.0,"enemies":"Gensokyo:Mamizou","floor":6.0,"turns":6.0},{"damage":0.0,"enemies":"Gensokyo:LivingMonolith","floor":7.0,"turns":2.0},{"damage":6.0,"enemies":"Gensokyo:3_Kodama","floor":11.0,"turns":4.0},{"damage":1.0,"enemies":"Gensokyo:Python_and_Kodama","floor":12.0,"turns":3.0},{"damage":6.0,"enemies":"Gensokyo:VengefulSpirit","floor":13.0,"turns":4.0},{"damage":31.0,"enemies":"Gensokyo:Cirno","floor":14.0,"turns":8.0},{"damage":25.0,"enemies":"Gensokyo:Yukari","floor":16.0,"turns":11.0},{"damage":7,"enemies":"Elementarium:VoidCorruption","floor":18,"turns":3},{"damage":12,"enemies":"Elementarium:MUD_AND_TAR_GOLEMS","floor":19,"turns":3},{"damage":13,"enemies":"Elementarium:STONE_GOLEMS","floor":20,"turns":3},{"damage":3,"enemies":"Elementarium:CYCLONE_AND_LIVING_STORMCLOUD","floor":21,"turns":5},{"damage":19,"enemies":"Elementarium:WarGolem","floor":23,"turns":4},{"damage":32,"enemies":"Elementarium:ElementalPortal","floor":25,"turns":7},{"damage":6,"enemies":"Elementarium:WarGolem","floor":28,"turns":3},{"damage":1,"enemies":"Elementarium:CYCLONE_AND_ORB_OF_FIRE","floor":30,"turns":1},{"damage":0,"enemies":"Elementarium:ElementalPortal","floor":31,"turns":6},{"damage":0,"enemies":"Elementarium:GolemEmperor","floor":33,"turns":3},{"damage":5,"enemies":"3 Shapes","floor":35,"turns":6},{"damage":2,"enemies":"Orb Walker","floor":36,"turns":2},{"damage":0,"enemies":"Transient","floor":37,"turns":5},{"damage":0,"enemies":"Maw","floor":39,"turns":6},{"damage":0,"enemies":"HollowMod:StalkingDevout","floor":40,"turns":3},{"damage":0,"enemies":"Giant Head","floor":45,"turns":5},{"damage":3,"enemies":"Writhing Mass","floor":47,"turns":3},{"damage":8,"enemies":"Nemesis","floor":48,"turns":5},{"damage":7,"enemies":"Awakened One","floor":50,"turns":7},{"damage":17,"enemies":"Shield and Spear","floor":54,"turns":4},{"damage":26,"enemies":"The Heart","floor":55,"turns":7}],"seed_played":"3146546290143925335","potions_obtained":[{"floor":1.0,"key":"SmokeBomb"},{"floor":4.0,"key":"Energy Potion"},{"floor":4.0,"key":"Strength Potion"},{"floor":6.0,"key":"potionbrewer:NoxiousPotion"},{"floor":11.0,"key":"potionbrewer:DiscountPotion"},{"floor":12.0,"key":"Weak Potion"},{"floor":13.0,"key":"champ:CounterPotion"},{"floor":14.0,"key":"SkillPotion"},{"floor":14.0,"key":"Toxic Potion"},{"floor":16.0,"key":"MagicPotion:ReiMu"},{"floor":18,"key":"Languid Potion"},{"floor":19,"key":"Adrenaline Potion"},{"floor":19,"key":"Strength Potion"},{"floor":20,"key":"GamblersBrew"},{"floor":21,"key":"potionbrewer:NoxiousPotion"},{"floor":23,"key":"MagicPotion:ReiMu"},{"floor":23,"key":"Death Potion"},{"floor":25,"key":"Fire Potion"},{"floor":25,"key":"Languid Potion"},{"floor":28,"key":"potionbrewer:InfectionPotion"},{"floor":28,"key":"Slimebound:ThreeZeroPotion"},{"floor":31,"key":"StarNLove"},{"floor":31,"key":"FearPotion"},{"floor":35,"key":"potionbrewer:DiscountPotion"},{"floor":35,"key":"ColorlessPotion"},{"floor":36,"key":"DistilledChaos"},{"floor":36,"key":"LifebloodPotion"},{"floor":37,"key":"Block Potion"},{"floor":39,"key":"ColorlessPotion"},{"floor":40,"key":"Energy Potion"},{"floor":48,"key":"Milkshake"},{"floor":48,"key":"ZuzhouPotion:ReiMu"},{"floor":52,"key":"StarNLove"},{"floor":52,"key":"construct:ShiftPotion"},{"floor":54,"key":"Elixir"},{"floor":54,"key":"Elixir"}],"is_trial":false,"path_per_floor":["M","M","$","M","?","E","M","R","T","?","M","M","M","E","R","B",null,"M","M","M","M","$","E","?","E","T","$","E","R","M","E","R","B",null,"M","M","M","$","M","E","?","$","T","R","E","?","M","E","R","B",null,"R","$","E","B",null],"character_chosen":"MARISA","items_purchased":["WitchOfGreed","WitchOfGreed","sagemod:Wine","6A","vexMod:Spyglass","CCEMRelics:SpiritsEdge","CCEMRelics:Pendulum","Elixir","Pen Nib"],"campfire_rested":1,"item_purchase_floors":[3,22,27,27,27,27,38,53,53],"current_hp_per_floor":[66,68,68,64,64,57,61,61,61,36,34,37,35,8,30,9,75,72,64,55,56,56,41,41,23,23,23,21,21,36,40,40,40,75,72,70,74,74,74,74,47,47,47,47,51,51,52,48,48,45,75,75,75,58,36],"gold":160,"neow_bonus":"NOSTALGIA","is_daily":false,"chose_seed":false,"campfire_upgraded":3,"win_rate":0.0,"timestamp":1607899293,"path_taken":["M","M","$","M","?","E","M","R","T","?","M","?","?","E","R","BOSS","M","M","M","M","$","E","?","E","T","$","E","R","M","E","R","BOSS","M","M","M","$","?","E","?","?","T","R","E","?","M","E","R","BOSS","R","$","E","BOSS"],"items_purchased_type":["Card","Card","Potion","Card","Relic","Relic","Relic","Potion","Relic"],"build_version":"2020-11-30","purchased_purges":4,"victory":true,"max_hp_per_floor":[75,75,75,75,75,75,75,75,75,75,75,75,75,75,75,75,75,75,75,75,75,75,75,75,75,75,75,75,75,75,75,75,75,75,75,75,75,75,75,75,75,75,75,75,75,75,75,75,75,75,75,75,75,75,75],"card_choices":[{"not_picked":["BlazeAway","MilkyWay"],"picked":"EarthLightRay","floor":1.0},{"not_picked":["LuminesStrike","MilkyWay"],"picked":"SprinkleStarSeal","floor":2.0},{"not_picked":["SuperPerseids","GalacticHalo"],"picked":"AlicesGift","floor":4.0},{"not_picked":["EnergyRecoil","RefractionSpark"],"picked":"MillisecondPulsars","floor":6.0},{"not_picked":["RefractionSpark","Orbital","DC"],"picked":"SKIP","floor":7.0},{"not_picked":["DC","ShootingEcho"],"picked":"6A","floor":11.0},{"not_picked":["GrandCross","PowerUp","PulseMagic"],"picked":"SKIP","floor":12.0},{"not_picked":["GrandCross","GravityBeat"],"picked":"ShootingEcho","floor":13.0},{"not_picked":["LuminesStrike","DC"],"picked":"CasketOfStar","floor":14.0},{"not_picked":["BigCrunch","EscapeVelocity"],"picked":"BlazingStar","floor":16.0},{"not_picked":["PowerUp","NonDirectionalLaser","DoubleSpark"],"picked":"SKIP","floor":18},{"not_picked":["BlazeAway+1","UnstableBomb"],"picked":"SprinkleStarSeal+1","floor":19},{"not_picked":["GravityBeat+1","EarthLightRay"],"picked":"EventHorizon","floor":20},{"not_picked":["EnergyFlow","SporeBomb","SuperNova"],"picked":"SKIP","floor":21},{"not_picked":["ShootingEcho+1","GalacticHalo","GravityBeat"],"picked":"SKIP","floor":23},{"not_picked":["PowerUp+1","MysteriousBeam","Acceleration"],"picked":"SKIP","floor":25},{"not_picked":["IllusionStar+1","SporeBomb"],"picked":"GasGiant","floor":28},{"not_picked":["WitchLeyline","MagicAbsorber","JA"],"picked":"SKIP","floor":30},{"not_picked":["WitchOfGreed+1","Robbery+1","ShootTheMoon"],"picked":"SKIP","floor":31},{"not_picked":["AbsoluteMagnitude","ManaRampage"],"picked":"BinaryStars","floor":33},{"not_picked":["MeteoricShower+1","MysteriousBeam+1"],"picked":"ShootingEcho+1","floor":35},{"not_picked":["Acceleration+1","GalacticHalo+1"],"picked":"6A","floor":36},{"not_picked":["UnstableBomb","DC+1","EnergyFlow"],"picked":"SKIP","floor":37},{"not_picked":["SporeBomb+1","LuminesStrike","StarDustReverie"],"picked":"SKIP","floor":39},{"not_picked":["6A","IllusionStar","DragonMeteor+1"],"picked":"SKIP","floor":40},{"not_picked":["DoubleSpark","BlazeAway","PowerUp+1"],"picked":"SKIP","floor":45},{"not_picked":["IllusionStar+1","ShootingEcho","MagicChant+1"],"picked":"SKIP","floor":47},{"not_picked":["WitchOfGreed+1","DoubleSpark"],"picked":"OrrerysSun","floor":48},{"not_picked":["MysteriousBeam+1","GrandCross+1","MachineGunSpark"],"picked":"SKIP","floor":54}],"player_experience":566830,"relics_obtained":[{"floor":6.0,"key":"Bag of Marbles"},{"floor":9.0,"key":"HollowMod:StagPassRelic"},{"floor":14.0,"key":"Chameleon Ring"},{"floor":23,"key":"aspiration:FrozenJewel"},{"floor":25,"key":"Nunchaku"},{"floor":28,"key":"aspiration:AnachronicSnailShell"},{"floor":31,"key":"HollowMod:LifeEnderRelic"},{"floor":40,"key":"War Paint"},{"floor":43,"key":"theForsaken:Gavel"},{"floor":45,"key":"halation:KoshaPiece"},{"floor":48,"key":"Runesmith:AutoHammer"},{"floor":54,"key":"CCEMRelics:JestersCrown"}],"event_choices":[{"damage_healed":0.0,"max_hp_gain":0.0,"max_hp_loss":0.0,"gold_gain":0.0,"event_name":"betterSkull:BetterSkull","player_choice":"UP UP ","floor":10.0,"gold_loss":0.0,"damage_taken":29.0,"cards_upgraded":["MillisecondPulsars","UpSweep"],"relics_obtained":[]},{"damage_healed":0,"gold_gain":0,"player_choice":"3","damage_taken":0,"max_hp_gain":0,"max_hp_loss":0,"event_name":"betterMatch:BetterMatch","floor":24,"gold_loss":0,"cards_obtained":[]},{"damage_healed":0,"gold_gain":0,"player_choice":"UP UP ","damage_taken":31,"relics_obtained":[],"max_hp_gain":0,"max_hp_loss":0,"event_name":"betterSkull:BetterSkull","floor":41,"gold_loss":0,"cards_upgraded":["EventHorizon","Defend_MRS"]}],"is_beta":false,"boss_relics":[{"not_picked":["hubris:HollowSoul","Ring of Chaos"],"picked":"hubris:Backtick"},{"not_picked":["conspire:RoyalGoblet","vexMod:RockOfEvil"],"picked":"potionbrewer:BhaskarasWheel"}],"items_purged_floors":[3,22,38,42],"is_endless":false,"potions_floor_spawned":[1,4,11,14,19,28,36,47],"ascension_level":1}}