{"host":"o5or1zybx7au40zl","time":1607864240,"event":{"mods":["2.2 Compatiblity","Act Like it!","BaseMod","Better Third Choice","Conspire","Dota2Spire","GifTheSpireLib","Hubris","Infinite Spire","Minty Spire (QoL Compilation)","Replay The Spire","StSLib","The Bug Knight"],"gold_per_floor":[115,134,134,153,167,167,199,199,199,199,199,199,213,244,244,343,343,353,452,464,464,464,497,193,219,219,219,219,252,252,252,252,352,352,364,40,40,50,62,73,104,117,117,117,117],"floor_reached":44,"playtime":1445,"items_purged":[],"score":629,"play_id":"a9db22f0-0ffa-4d52-b2e2-906e4e153ec9","local_time":"20201213135720","is_ascension_mode":false,"campfire_choices":[{"floor":6,"key":"RECALL"},{"data":"Run Through","floor":8,"key":"SMITH"},{"floor":15,"key":"REST"},{"floor":28,"key":"REST"},{"data":"infinitespire:FinalStrike","floor":30,"key":"SMITH"},{"floor":32,"key":"REST"}],"circlet_count":0,"master_deck":["conspire:GhostlyStrike","conspire:GhostlyStrike","conspire:GhostlyStrike","conspire:GhostlyStrike","conspire:GhostlyStrike","conspire:GhostlyDefend","conspire:GhostlyDefend","conspire:GhostlyDefend","conspire:GhostlyDefend","Bash+1","ReplayTheSpireMod:Stacked+1","Iron Wave","Run Through+1","ReplayReversal+1","Clash","Pommel Strike","Double Tap","Headbutt+1","infinitespire:FinalStrike+1","hubris:NaturalOne","Cleave+1","Tantrum+1","Replay:BluntJabs+1","infinitespire:FinalStrike","Apotheosis","HollowMod:GreatSlash+1","Whirlwind","Twin Strike+1","LessonLearned","Twin Strike+1"],"relics":["Burning Blood","Orichalcum","hubris:Icosahedron","Lantern","SlaversCollar","hubris:Towel","Blood Vial","Boot","PrismaticShard","Bird Faced Urn","Dota2Spire:ShadowBlade","Dota2Spire:UrnOfShadows","infinitespire:Burning Sword","Dota2Spire:BattleFury","Dota2Spire:Desolator","Vajra","Darkstone Periapt"],"acts_visited":["Exordium","TheCity","TheBeyond"],"potions_floor_usage":[16,25,25,33,44],"damage_taken":[{"damage":0,"enemies":"2 Louse","floor":1,"turns":3},{"damage":2,"enemies":"conspire:RoseBush","floor":2,"turns":4},{"damage":4,"enemies":"Small Slimes","floor":4,"turns":3},{"damage":6,"enemies":"3 Louse","floor":5,"turns":3},{"damage":17,"enemies":"HollowMod:MossKnight","floor":7,"turns":12},{"damage":5,"enemies":"Exordium Wildlife","floor":13,"turns":3},{"damage":29,"enemies":"3 Sentries","floor":14,"turns":11},{"damage":19,"enemies":"The Guardian","floor":16,"turns":8},{"damage":0,"enemies":"Chosen","floor":18,"turns":3},{"damage":0,"enemies":"Spheric Guardian","floor":20,"turns":1},{"damage":23,"enemies":"conspire:SneckoGhost","floor":23,"turns":6},{"damage":64,"enemies":"Nightmare","floor":25,"turns":8},{"damage":0,"enemies":"conspire:Head Lice","floor":29,"turns":4},{"damage":69,"enemies":"hubris:MusketHawk","floor":33,"turns":5},{"damage":13,"enemies":"Orb Walker","floor":35,"turns":2},{"damage":4,"enemies":"3 Darklings","floor":38,"turns":3},{"damage":12,"enemies":"Spire Growth","floor":39,"turns":3},{"damage":38,"enemies":"Maw","floor":40,"turns":4},{"damage":0,"enemies":"Nemesis","floor":41,"turns":2},{"damage":31,"enemies":"Sphere and 2 Shapes","floor":42,"turns":2},{"damage":34,"enemies":"Nightmare","floor":44,"turns":3}],"seed_played":"1003864920649208829","potions_obtained":[{"floor":2,"key":"HeartOfIron"},{"floor":5,"key":"Languid Potion"},{"floor":7,"key":"Block Potion"},{"floor":16,"key":"Adrenaline Potion"},{"floor":18,"key":"Dota2Spire:HealingSalve"},{"floor":25,"key":"PowerPotion"},{"floor":35,"key":"SteroidPotion"},{"floor":39,"key":"DuplicationPotion"},{"floor":42,"key":"Elixir"}],"is_trial":false,"path_per_floor":["M","M","?","M","M","R","E","R","T","?","?","?","M","E","R","B",null,"M","?","M","AVR","?","E","$","NM","T","?","R","E","R","?","R","B",null,"M","$","?","M","M","M","E","M","T","NM"],"character_chosen":"IRONCLAD","items_purchased":["Boot","PrismaticShard","Dota2Spire:BattleFury","Whirlwind"],"campfire_rested":3,"item_purchase_floors":[24,24,36,36],"current_hp_per_floor":[80,80,80,80,80,80,69,69,69,69,69,69,70,47,71,58,80,80,80,80,80,80,63,63,7,7,33,57,65,65,46,70,11,80,73,73,73,77,73,43,51,28,28,0,0],"gold":117,"neow_bonus":"UPGRADE_CARD","is_daily":false,"chose_seed":false,"campfire_upgraded":2,"win_rate":0.0,"timestamp":1607864240,"path_taken":["M","M","?","M","M","R","E","R","T","?","?","?","M","E","R","BOSS","M","?","M","AVR","?","E","$","NM","T","?","R","E","R","?","R","BOSS","M","$","?","M","?","M","E","M","T","NM"],"items_purchased_type":["Relic","Relic","Relic","Card"],"build_version":"2020-11-30","purchased_purges":0,"victory":false,"max_hp_per_floor":[80,80,80,80,80,80,80,80,80,80,80,80,80,80,80,80,80,80,80,80,80,80,80,80,80,80,80,80,80,80,80,80,80,80,80,80,80,80,80,80,80,80,80,80,80],"card_choices":[{"not_picked":["hubris:ReadiedAction","Warcry"],"picked":"ReplayTheSpireMod:Stacked","floor":1},{"not_picked":["Shrug It Off","Armaments"],"picked":"Iron Wave","floor":2},{"not_picked":["Flex","Headbutt"],"picked":"Run Through","floor":4},{"not_picked":["Flex","Headbutt"],"picked":"ReplayReversal","floor":5},{"not_picked":["Offering","Eclipse"],"picked":"Clash","floor":7},{"not_picked":["ReplayReversal","Shrug It Off"],"picked":"Pommel Strike","floor":13},{"not_picked":["Pommel Strike","Sever Soul","Burning Pact"],"picked":"SKIP","floor":14},{"not_picked":["Brutality","Eclipse"],"picked":"Double Tap","floor":16},{"not_picked":["True Grit","Cleave"],"picked":"Headbutt+1","floor":18},{"not_picked":["Havoc+1","Cleave","Wild Strike"],"picked":"SKIP","floor":20},{"not_picked":["Second Wind+1","Run Through"],"picked":"Cleave+1","floor":23},{"not_picked":["Evaluate","Dash"],"picked":"Tantrum+1","floor":25},{"not_picked":["Crescendo","Tactician+1"],"picked":"Replay:BluntJabs+1","floor":29},{"not_picked":["infinitespire:UltimateForm","infinitespire:TheBestDefense"],"picked":"infinitespire:FinalStrike","floor":31},{"not_picked":["HollowMod:WhiteLadysBlessing","Poison Darts"],"picked":"Apotheosis","floor":33},{"not_picked":["Thunderclap+1","Barrage"],"picked":"HollowMod:GreatSlash+1","floor":35},{"not_picked":["hubris:SharpeningStone","Quick Slash+1","Body Slam+1"],"picked":"SKIP","floor":38},{"not_picked":["Tactician+1","HollowMod:CloakDash+1"],"picked":"Twin Strike+1","floor":39},{"not_picked":["Deflect+1","ReplayTheSpireMod:Stacked"],"picked":"LessonLearned","floor":40},{"not_picked":["All Out Attack+1","Crescendo+1","HollowMod:VengefulVoid"],"picked":"SKIP","floor":41},{"not_picked":["Armaments+1","Melter"],"picked":"Twin Strike+1","floor":42}],"player_experience":962440,"relics_obtained":[{"floor":7,"key":"Orichalcum"},{"floor":14,"key":"Lantern"},{"floor":23,"key":"Blood Vial"},{"floor":25,"key":"Bird Faced Urn"},{"floor":26,"key":"Dota2Spire:ShadowBlade"},{"floor":29,"key":"Dota2Spire:UrnOfShadows"},{"floor":41,"key":"Vajra"},{"floor":43,"key":"Darkstone Periapt"}],"event_choices":[{"damage_healed":0,"gold_gain":0,"player_choice":"Agree","damage_taken":0,"max_hp_gain":0,"max_hp_loss":0,"event_name":"conspire:LoneGhost","floor":3,"gold_loss":0},{"damage_healed":0,"gold_gain":0,"player_choice":"Grow","damage_taken":0,"max_hp_gain":0,"max_hp_loss":0,"event_name":"Living Wall","floor":11,"gold_loss":0,"cards_upgraded":["ReplayReversal"]},{"damage_healed":0,"gold_gain":0,"player_choice":"Leave","damage_taken":0,"max_hp_gain":0,"max_hp_loss":0,"event_name":"conspire:Investor","floor":12,"gold_loss":0},{"damage_healed":0,"gold_gain":99,"player_choice":"Steal","damage_taken":0,"max_hp_gain":0,"max_hp_loss":0,"event_name":"betterThird:BetterNest","floor":19,"gold_loss":0},{"damage_healed":26,"gold_gain":0,"player_choice":"Heal","damage_taken":0,"max_hp_gain":0,"max_hp_loss":0,"event_name":"The Library","floor":27,"gold_loss":0},{"damage_healed":0,"gold_gain":0,"player_choice":"Gave Potion","damage_taken":0,"relics_obtained":["Dota2Spire:Desolator"],"max_hp_gain":0,"max_hp_loss":0,"event_name":"WeMeetAgain","floor":37,"gold_loss":0}],"is_beta":false,"boss_relics":[{"not_picked":["Coffee Dripper","Electric Blood"],"picked":"SlaversCollar"},{"not_picked":["ChewingGum","Astrolabe"],"picked":"infinitespire:Burning Sword"}],"items_purged_floors":[],"is_endless":false,"potions_floor_spawned":[2,5,7,16,18,25,35,39,42],"killed_by":"Nightmare","ascension_level":0}}