{"host":"wuk1ltmmka824l9y","time":1607867018,"event":{"mods":["AchievementEnabler","BaseMod","Custom Start","DeckTracker","Minty Spire (QoL Compilation)","Quick Restart","StSLib","SuperFastMode"],"gold_per_floor":[117,117,129,129,143,143,153,153,179,179,205,205,220,235,235,335,335,353,353,353,370,370,65,81,116,194,94,108,118,118,143,143,244,244,257,257,257,268,268,298,298,324,347,222,222,222,254,268,268,268],"floor_reached":51,"playtime":1508,"items_purged":["Strike_G","Strike_G","Strike_G"],"score":900,"play_id":"b0c3459a-ec9e-435b-a052-ee21ca438dbb","local_time":"20201213224338","is_ascension_mode":true,"campfire_choices":[{"data":"Crippling Poison","floor":6.0,"key":"SMITH"},{"data":"Die Die Die","floor":8.0,"key":"SMITH"},{"data":"Backflip","floor":10.0,"key":"SMITH"},{"data":"Neutralize","floor":12.0,"key":"SMITH"},{"data":"Catalyst","floor":15.0,"key":"SMITH"},{"floor":30.0,"key":"REST"},{"data":"Catalyst","floor":32.0,"key":"SMITH"},{"data":"Wraith Form v2","floor":41.0,"key":"SMITH"},{"data":"Tactician","floor":49.0,"key":"SMITH"}],"circlet_count":0,"master_deck":["Strike_G","Defend_G","Defend_G+1","Defend_G","Defend_G","Defend_G","Neutralize+1","Crippling Poison+1","Backflip+1","Die Die Die+1","Backflip+1","Tactician+1","Catalyst+1","Corpse Explosion","Deadly Poison+1","Catalyst+1","Noxious Fumes","Acrobatics","Catalyst+1","Wraith Form v2+1","Prepared","Finesse","Escape Plan+1","Calculated Gamble+1"],"relics":["Ring of the Serpent","Vajra","War Paint","Omamori","Ginger","Lee\u0027s Waffle","StoneCalendar","Blue Candle","Bronze Scales","Calling Bell","Regal Pillow","Shuriken","Incense Burner","Mercury Hourglass","CaptainsWheel","Lantern","Lizard Tail"],"acts_visited":["Exordium","TheCity","TheBeyond","TheBeyond"],"potions_floor_usage":[50,50],"damage_taken":[{"damage":0.0,"enemies":"Small Slimes","floor":1.0,"turns":3.0},{"damage":0.0,"enemies":"2 Louse","floor":3.0,"turns":3.0},{"damage":2.0,"enemies":"Cultist","floor":5.0,"turns":4.0},{"damage":19.0,"enemies":"Large Slime","floor":7.0,"turns":8.0},{"damage":14.0,"enemies":"3 Sentries","floor":11.0,"turns":8.0},{"damage":6.0,"enemies":"3 Louse","floor":13.0,"turns":2.0},{"damage":1.0,"enemies":"Blue Slaver","floor":14.0,"turns":3.0},{"damage":3.0,"enemies":"The Guardian","floor":16.0,"turns":7.0},{"damage":17.0,"enemies":"Spheric Guardian","floor":18.0,"turns":6.0},{"damage":8.0,"enemies":"2 Thieves","floor":21.0,"turns":3.0},{"damage":5.0,"enemies":"Snecko","floor":24.0,"turns":3.0},{"damage":27.0,"enemies":"Gremlin Leader","floor":25.0,"turns":5.0},{"damage":31.0,"enemies":"Sentry and Sphere","floor":28.0,"turns":6.0},{"damage":28.0,"enemies":"Snake Plant","floor":29.0,"turns":5.0},{"damage":5.0,"enemies":"Book of Stabbing","floor":31.0,"turns":5.0},{"damage":10.0,"enemies":"Automaton","floor":33.0,"turns":4.0},{"damage":10.0,"enemies":"Orb Walker","floor":35.0,"turns":3.0},{"damage":9.0,"enemies":"3 Shapes","floor":38.0,"turns":3.0},{"damage":40.0,"enemies":"Nemesis","floor":40.0,"turns":5.0},{"damage":0.0,"enemies":"Reptomancer","floor":42.0,"turns":4.0},{"damage":10.0,"enemies":"Nemesis","floor":47.0,"turns":5.0},{"damage":13.0,"enemies":"Maw","floor":48.0,"turns":4.0},{"damage":14,"enemies":"Donu and Deca","floor":50,"turns":5}],"seed_played":"-5317231436675089069","potions_obtained":[{"floor":5.0,"key":"CunningPotion"},{"floor":7.0,"key":"Regen Potion"},{"floor":13.0,"key":"EssenceOfSteel"},{"floor":14.0,"key":"Poison Potion"},{"floor":21.0,"key":"DuplicationPotion"},{"floor":29.0,"key":"SkillPotion"},{"floor":31.0,"key":"Ancient Potion"},{"floor":38.0,"key":"PowerPotion"},{"floor":42.0,"key":"SpeedPotion"},{"floor":47.0,"key":"FearPotion"}],"is_trial":false,"path_per_floor":["M","?","M","?","M","R","M","R","T","R","E","R","M","M","R","B",null,"M","?","?","M","?","$","M","E","T","$","M","M","R","E","R","B",null,"M","?","?","M","?","E","R","E","T","$","?","?","E","M","R","B",null],"character_chosen":"THE_SILENT","items_purchased":["Lee\u0027s Waffle","Noxious Fumes"],"campfire_rested":1,"item_purchase_floors":[23,23],"current_hp_per_floor":[70,70,70,70,68,68,49,49,49,49,35,35,29,28,28,25,70,53,53,40,32,32,82,77,50,50,50,19,6,30,25,25,15,82,72,72,72,63,63,23,23,23,23,23,23,68,58,45,45,31],"gold":268,"neow_bonus":"RANDOM_COMMON_RELIC","is_daily":false,"chose_seed":false,"campfire_upgraded":8,"win_rate":0.0,"timestamp":1607867018,"path_taken":["M","?","M","?","M","R","M","R","T","R","E","R","M","M","R","BOSS","M","?","?","M","?","$","M","E","T","?","M","M","R","E","R","BOSS","M","?","?","M","?","E","R","E","T","?","?","?","E","?","R","BOSS"],"items_purchased_type":["Relic","Card"],"build_version":"2020-11-30","purchased_purges":3,"victory":true,"max_hp_per_floor":[70,70,70,70,70,70,70,70,70,70,70,70,70,70,70,70,70,70,70,75,75,75,82,82,82,82,82,82,82,82,82,82,82,82,82,82,82,82,78,78,78,78,78,78,78,68,68,68,68,68],"card_choices":[{"not_picked":["Outmaneuver","Terror"],"picked":"Crippling Poison","floor":1.0},{"not_picked":["Sucker Punch","Underhanded Strike"],"picked":"Backflip","floor":3.0},{"not_picked":["Dodge and Roll","Backstab"],"picked":"Die Die Die","floor":5.0},{"not_picked":["Terror","Slice"],"picked":"Backflip","floor":7.0},{"not_picked":["All Out Attack","Dodge and Roll","Riddle With Holes"],"picked":"SKIP","floor":11.0},{"not_picked":["Outmaneuver","Sucker Punch"],"picked":"Tactician","floor":13.0},{"not_picked":["Escape Plan","Masterful Stab"],"picked":"Catalyst","floor":14.0},{"not_picked":["Night Terror","Burst"],"picked":"Corpse Explosion","floor":16.0},{"not_picked":["Tactician+1","Poisoned Stab"],"picked":"Deadly Poison+1","floor":18.0},{"not_picked":["Cloak And Dagger","All Out Attack","Outmaneuver"],"picked":"SKIP","floor":21.0},{"not_picked":["Backstab","Flying Knee","Dagger Spray"],"picked":"SKIP","floor":24.0},{"not_picked":["Choke","Cloak And Dagger","Quick Slash"],"picked":"SKIP","floor":25.0},{"not_picked":["Flechettes","Acrobatics","Blade Dance+1"],"picked":"SKIP","floor":28.0},{"not_picked":["Flechettes","Blade Dance+1"],"picked":"Acrobatics","floor":28.0},{"not_picked":["Acrobatics","Flechettes+1","Accuracy"],"picked":"SKIP","floor":29.0},{"not_picked":["Dodge and Roll","Grand Finale"],"picked":"Catalyst+1","floor":31.0},{"not_picked":["Venomology","After Image"],"picked":"Wraith Form v2","floor":33.0},{"not_picked":["Dodge and Roll","Glass Knife"],"picked":"Prepared","floor":35.0},{"not_picked":["Mind Blast","Impatience"],"picked":"Finesse","floor":36.0},{"not_picked":["Deflect","Flying Knee+1"],"picked":"Escape Plan+1","floor":38.0},{"not_picked":["Acrobatics+1","Flechettes+1","Dagger Throw+1"],"picked":"SKIP","floor":40.0},{"not_picked":["Concentrate+1","Slice"],"picked":"Calculated Gamble+1","floor":42.0},{"not_picked":["Footwork+1","Envenom","Expertise+1"],"picked":"SKIP","floor":47.0},{"not_picked":["Underhanded Strike+1","Backstab","Heel Hook+1"],"picked":"SKIP","floor":48.0}],"player_experience":317267,"relics_obtained":[{"floor":9.0,"key":"War Paint"},{"floor":11.0,"key":"Omamori"},{"floor":25.0,"key":"StoneCalendar"},{"floor":26.0,"key":"Blue Candle"},{"floor":31.0,"key":"Bronze Scales"},{"floor":34.0,"key":"Regal Pillow"},{"floor":34.0,"key":"Shuriken"},{"floor":34.0,"key":"Incense Burner"},{"floor":40.0,"key":"Mercury Hourglass"},{"floor":42.0,"key":"CaptainsWheel"},{"floor":43.0,"key":"Lantern"},{"floor":47.0,"key":"Lizard Tail"}],"event_choices":[{"damage_healed":0.0,"max_hp_gain":0.0,"max_hp_loss":0.0,"gold_gain":0.0,"event_name":"Liars Game","player_choice":"Ignored","floor":2.0,"gold_loss":0.0,"damage_taken":0.0},{"cards_removed":["Strike_G"],"damage_healed":0.0,"max_hp_gain":0.0,"max_hp_loss":0.0,"gold_gain":0.0,"event_name":"Purifier","player_choice":"Purged","floor":4.0,"gold_loss":0.0,"damage_taken":0.0},{"damage_healed":0.0,"max_hp_gain":0.0,"max_hp_loss":0.0,"gold_gain":0.0,"event_name":"The Mausoleum","player_choice":"Opened","floor":19.0,"gold_loss":0.0,"damage_taken":0.0,"relics_obtained":["Ginger"]},{"damage_healed":0.0,"max_hp_gain":5.0,"max_hp_loss":0.0,"gold_gain":0.0,"event_name":"Forgotten Altar","player_choice":"Shed Blood","floor":20.0,"gold_loss":0.0,"damage_taken":18.0},{"damage_healed":0.0,"max_hp_gain":0.0,"max_hp_loss":0.0,"gold_gain":0.0,"event_name":"The Library","player_choice":"Read","floor":22.0,"gold_loss":0.0,"damage_taken":0.0,"cards_obtained":["Catalyst"]},{"damage_healed":0.0,"max_hp_gain":0.0,"max_hp_loss":0.0,"gold_gain":0.0,"event_name":"SensoryStone","player_choice":"Memory 1","floor":36.0,"gold_loss":0.0,"damage_taken":0.0},{"damage_healed":0.0,"max_hp_gain":0.0,"max_hp_loss":0.0,"gold_gain":0.0,"event_name":"Tomb of Lord Red Mask","player_choice":"Ignored","floor":37.0,"gold_loss":0.0,"damage_taken":0.0},{"damage_healed":0.0,"max_hp_gain":0.0,"max_hp_loss":4.0,"gold_gain":0.0,"event_name":"Winding Halls","player_choice":"Max HP","floor":39.0,"gold_loss":0.0,"damage_taken":0.0},{"cards_removed":["Survivor"],"damage_healed":0.0,"max_hp_gain":0.0,"max_hp_loss":0.0,"gold_gain":0.0,"event_name":"Falling","player_choice":"Removed Skill","floor":45.0,"gold_loss":0.0,"damage_taken":0.0},{"damage_healed":68.0,"max_hp_gain":0.0,"max_hp_loss":10.0,"gold_gain":0.0,"event_name":"The Moai Head","player_choice":"Heal","floor":46.0,"gold_loss":0.0,"damage_taken":0.0}],"is_beta":false,"boss_relics":[{"not_picked":["Runic Dome","Busted Crown"],"picked":"Ring of the Serpent"},{"not_picked":["Tiny House","Sozu"],"picked":"Calling Bell"}],"items_purged_floors":[23,27,44],"is_endless":false,"potions_floor_spawned":[5,7,13,14,21,28,29,31,38,42,47],"ascension_level":2}}