{"host":"Ilker","time":1607827162,"event":{"mods":["BaseMod","Bestiary","Block Reminder","Colored Map","DeckTracker","Highlight Path","Minty Spire (QoL Compilation)","Quick Restart","Relic Sorter","Relic Stats"],"gold_per_floor":[116,116,6,156,182,182,215,215,239,270,292,304,23,33,33,106,106,119,119,135,151,0,0,0],"floor_reached":23,"playtime":1201,"items_purged":["Decay"],"score":494,"play_id":"8d01165c-99d6-4876-84fa-29cdff0ecbf7","local_time":"20201213053922","is_ascension_mode":true,"campfire_choices":[{"data":"Catalyst","floor":6.0,"key":"SMITH"},{"floor":8.0,"key":"REST"},{"floor":15.0,"key":"REST"}],"circlet_count":0,"master_deck":["AscendersBane","Strike_G","Strike_G","Strike_G","Strike_G","Strike_G","Defend_G","Defend_G","Defend_G","Defend_G","Defend_G","Survivor","Neutralize","Noxious Fumes+1","Catalyst+1","Dagger Spray","Doubt","Sucker Punch","Well Laid Plans","Leg Sweep","Dodge and Roll","PiercingWail","Footwork","Deadly Poison","Night Terror","Acrobatics","Cloak And Dagger+1","Burst","Envenom"],"relics":["Ring of the Snake","NeowsBlessing","Dream Catcher","Regal Pillow","Centennial Puzzle","Potion Belt","Odd Mushroom","Meat on the Bone","Velvet Choker"],"acts_visited":["Exordium","TheCity"],"potions_floor_usage":[20,23],"damage_taken":[{"damage":0.0,"enemies":"Small Slimes","floor":1.0,"turns":1.0},{"damage":0.0,"enemies":"Gremlin Nob","floor":7.0,"turns":1.0},{"damage":0.0,"enemies":"Lagavulin","floor":10.0,"turns":1.0},{"damage":4.0,"enemies":"The Mushroom Lair","floor":11.0,"turns":4.0},{"damage":0.0,"enemies":"Jaw Worm","floor":12.0,"turns":4.0},{"damage":0.0,"enemies":"2 Louse","floor":14.0,"turns":3.0},{"damage":25.0,"enemies":"The Guardian","floor":16.0,"turns":9.0},{"damage":21.0,"enemies":"Spheric Guardian","floor":18.0,"turns":5.0},{"damage":26,"enemies":"2 Thieves","floor":20,"turns":5},{"damage":4,"enemies":"Centurion and Healer","floor":21,"turns":8},{"damage":37,"enemies":"Book of Stabbing","floor":23,"turns":5}],"seed_played":"1766764072052718408","potions_obtained":[{"floor":7.0,"key":"GamblersBrew"},{"floor":11.0,"key":"Energy Potion"},{"floor":12.0,"key":"SpeedPotion"},{"floor":20,"key":"AttackPotion"}],"is_trial":false,"path_per_floor":["M","?","$","?","T","R","E","R","T","E","?","M","$","M","R","B",null,"M","?","M","M","$","E"],"character_chosen":"THE_SILENT","items_purchased":["Catalyst","Dagger Spray","Meat on the Bone","Envenom"],"campfire_rested":2,"item_purchase_floors":[3,3,13,22],"current_hp_per_floor":[59,59,59,59,59,59,59,66,66,66,62,62,62,62,66,41,60,39,39,25,33,33,0,0],"gold":0,"neow_bonus":"THREE_ENEMY_KILL","is_daily":false,"chose_seed":false,"campfire_upgraded":1,"win_rate":0.0,"timestamp":1607827162,"path_taken":["M","?","$","?","?","R","E","R","T","E","?","M","$","M","R","BOSS","M","?","M","M","$","E"],"items_purchased_type":["Card","Card","Relic","Card"],"build_version":"2020-12-07","purchased_purges":1,"victory":false,"max_hp_per_floor":[66,66,66,66,66,66,66,66,66,66,66,66,66,66,66,66,66,66,66,66,66,66,66,66],"relic_stats":{"Dream Catcher":2,"Regal Pillow":0,"Centennial Puzzle":[18],"counters":[11,46],"obtain_stats":[{"Potion Belt":10,"Dream Catcher":5,"Regal Pillow":7,"Centennial Puzzle":9,"NeowsBlessing":0,"Velvet Choker":17,"Odd Mushroom":11,"Ring of the Snake":0,"Meat on the Bone":13},{"Potion Belt":3,"Dream Catcher":1,"Regal Pillow":2,"Centennial Puzzle":2,"NeowsBlessing":0,"Velvet Choker":7,"Odd Mushroom":4,"Ring of the Snake":0,"Meat on the Bone":5},{"Potion Belt":3,"Dream Catcher":1,"Regal Pillow":2,"Centennial Puzzle":2,"NeowsBlessing":0,"Velvet Choker":23,"Odd Mushroom":7,"Ring of the Snake":0,"Meat on the Bone":11}],"Ring of the Snake":[22],"Meat on the Bone":24},"card_choices":[{"not_picked":["Cloak And Dagger","Dodge and Roll"],"picked":"Noxious Fumes","floor":1.0},{"not_picked":["Blade Dance","Underhanded Strike"],"picked":"Sucker Punch","floor":7.0},{"not_picked":["Choke","Dodge and Roll"],"picked":"Well Laid Plans","floor":8.0},{"not_picked":["Blur","Calculated Gamble"],"picked":"Leg Sweep","floor":10.0},{"not_picked":["Blade Dance","Deflect"],"picked":"Dodge and Roll","floor":11.0},{"not_picked":["Escape Plan","Poisoned Stab"],"picked":"PiercingWail","floor":12.0},{"not_picked":["Expertise","Bullet Time"],"picked":"Footwork","floor":14.0},{"not_picked":["Bane","Poisoned Stab"],"picked":"Deadly Poison","floor":15.0},{"not_picked":["Venomology","Unload"],"picked":"Night Terror","floor":16.0},{"not_picked":["Dodge and Roll","Slice"],"picked":"Acrobatics","floor":18.0},{"not_picked":["Slice+1","Distraction"],"picked":"Cloak And Dagger+1","floor":20},{"not_picked":["Dagger Spray+1","Backflip"],"picked":"Burst","floor":21}],"player_experience":1652410,"relics_obtained":[{"floor":5.0,"key":"Dream Catcher"},{"floor":7.0,"key":"Regal Pillow"},{"floor":9.0,"key":"Centennial Puzzle"},{"floor":10.0,"key":"Potion Belt"},{"floor":11.0,"key":"Odd Mushroom"}],"event_choices":[{"damage_healed":0.0,"max_hp_gain":0.0,"max_hp_loss":0.0,"gold_gain":0.0,"event_name":"Living Wall","player_choice":"Grow","floor":2.0,"gold_loss":0.0,"damage_taken":0.0,"cards_upgraded":["Noxious Fumes"]},{"damage_healed":0.0,"max_hp_gain":0.0,"max_hp_loss":0.0,"gold_gain":150.0,"event_name":"Liars Game","player_choice":"AGREE","floor":4.0,"gold_loss":0.0,"damage_taken":0.0,"cards_obtained":["Doubt"]},{"damage_healed":0.0,"max_hp_gain":0.0,"max_hp_loss":0.0,"gold_gain":0.0,"event_name":"Mushrooms","player_choice":"Fought Mushrooms","floor":11.0,"gold_loss":0.0,"damage_taken":0.0},{"damage_healed":0.0,"max_hp_gain":0.0,"max_hp_loss":0.0,"gold_gain":0.0,"event_name":"Forgotten Altar","player_choice":"Smashed Altar","floor":19.0,"gold_loss":0.0,"damage_taken":0.0,"cards_obtained":["Decay"]}],"is_beta":true,"boss_relics":[{"not_picked":["SlaversCollar","Ectoplasm"],"picked":"Velvet Choker"}],"items_purged_floors":[22],"is_endless":false,"potions_floor_spawned":[7,11,12,20],"killed_by":"Book of Stabbing","ascension_level":20}}