{"host":"exexdi9os29xec1d","time":1607861960,"event":{"mods":["Act Like it!","BaseMod","Colored Map","Conspire","Downfall","Gensokyo","Hero for Fun","Hubris","Infinite Spire","Marisa（F雨　魔理沙）","Minty Spire (QoL Compilation)","READ ME - Guardian Mod","Remilia（蕾米莉亚）","Replay The Spire","Shop Mod","StSLib","The Animator","The Bug Knight","The Cursed","The Disciple","The Hierophant","The Necromancer","The Servant 0.9.4","Youmu（魂魄妖梦）","[地精首领爬塔]The Maniac"],"gold_per_floor":[111,124,124,144,167,167,167,167],"floor_reached":7,"playtime":612,"items_purged":[],"score":43,"play_id":"206f4fd5-767e-4de8-a91c-96dac804e0f0","local_time":"20201213201920","is_ascension_mode":false,"campfire_choices":[{"data":"HollowMod:PogoStrike","floor":6,"key":"SMITH"}],"circlet_count":0,"master_deck":["HollowMod:NailStrikeStart","HollowMod:NailStrikeStart","HollowMod:NailStrikeStart","HollowMod:NailStrikeStart","HollowMod:QuickDashStart","HollowMod:QuickDashStart","HollowMod:QuickDashStart","HollowMod:QuickDashStart","HollowMod:FocusHealStart","HollowMod:PogoStrike+1","HollowMod:LordofShades","HollowMod:DashSlash","HollowMod:SoulSplash","HollowMod:VengefulSpirit","HollowMod:WraithStrike"],"relics":["HollowMod:VesselMask","Golden Idol"],"acts_visited":["Exordium"],"potions_floor_usage":[],"damage_taken":[{"damage":5,"enemies":"Small Slimes","floor":1,"turns":5},{"damage":8,"enemies":"2 Louse","floor":2,"turns":3},{"damage":0,"enemies":"Cultist","floor":4,"turns":3},{"damage":7,"enemies":"Exordium Wildlife","floor":5,"turns":5},{"damage":59,"enemies":"Gremlin Nob","floor":7,"turns":5}],"seed_played":"5996334811128250894","potions_obtained":[{"floor":2,"key":"Strength Potion"},{"floor":4,"key":"GamblersBrew"}],"is_trial":false,"path_per_floor":["M","M","?","M","M","R","E"],"character_chosen":"THE_BUGKNIGHT","items_purchased":[],"campfire_rested":0,"item_purchase_floors":[],"current_hp_per_floor":[70,62,44,44,37,37,0,0],"gold":167,"neow_bonus":"ONE_RANDOM_RARE_CARD","is_daily":false,"chose_seed":false,"campfire_upgraded":1,"win_rate":0.0,"timestamp":1607861960,"path_taken":["M","M","?","M","M","R","E"],"items_purchased_type":[],"build_version":"2020-11-30","purchased_purges":0,"victory":false,"max_hp_per_floor":[75,75,75,75,75,75,75,75],"card_choices":[{"not_picked":["HollowMod:VengefulSpirit","HollowMod:NewLittleFool"],"picked":"HollowMod:DashSlash","floor":1},{"not_picked":["HollowMod:ChannelNail","HollowMod:CrystalDash"],"picked":"HollowMod:SoulSplash","floor":2},{"not_picked":["HollowMod:FastStrike","HollowMod:NewJinnsSoul"],"picked":"HollowMod:VengefulSpirit","floor":4},{"not_picked":["HollowMod:SoulEater","HollowMod:GreatSlash"],"picked":"HollowMod:WraithStrike","floor":5}],"player_experience":28779,"relics_obtained":[],"event_choices":[{"damage_healed":0,"gold_gain":0,"player_choice":"Take Damage","damage_taken":18,"relics_obtained":["Golden Idol"],"max_hp_gain":0,"max_hp_loss":0,"event_name":"Golden Idol","floor":3,"gold_loss":0}],"is_beta":false,"boss_relics":[],"items_purged_floors":[],"is_endless":false,"potions_floor_spawned":[2,4],"killed_by":"Gremlin Nob","ascension_level":0}}