{"host":"mg6qqnp83j5r6p2r","time":1607823747,"event":{"mods":["BaseMod","Colored Map","Colored Powertips","Highlight Path","Minty Spire (QoL Compilation)","Rare Cards Sparkle","Relic Sorter","Relic Stats","StSLib"],"gold_per_floor":[218,233,44,44,69,69,105,124,124,0,38,138,156,181,181,311,311,330,354,30,30,30,30,73,73,99,99,138,153,153,187,187,315,315,339,339,339,87,151,194,194,527,527,191,218,20,32,65,65,65,65,65,6,41,41,41],"floor_reached":55,"playtime":3023,"items_purged":["Strike_P","Injury","Writhe","Wireheading+1"],"score":932,"play_id":"b065aa54-df4d-4558-9b90-6a968f8c9d37","local_time":"20201212194227","is_ascension_mode":true,"campfire_choices":[{"data":"Eruption","floor":6.0,"key":"SMITH"},{"floor":15.0,"key":"RECALL"},{"data":"ClearTheMind","floor":23.0,"key":"SMITH"},{"floor":25.0,"key":"DIG"},{"floor":27.0,"key":"DIG"},{"floor":30.0,"key":"REST"},{"floor":32.0,"key":"DIG"},{"floor":41.0,"key":"DIG"},{"floor":49.0,"key":"DIG"},{"floor":52,"key":"DIG"}],"circlet_count":0,"master_deck":["Defend_P+1","Defend_P+1","Defend_P+1","Defend_P+1","Eruption+1","Vigilance+1","EmptyFist+1","FollowUp+1","Ragnarok+1","CutThroughFate+1","Crescendo+1","Eruption+1","ClearTheMind+1","FlurryOfBlows+1","Wireheading+1","FollowUp+1","FlurryOfBlows+1","Blasphemy+1","ConjureBlade+1","DeusExMachina+1","Alpha+1","Perseverance+1","DeceiveReality+1","Jack Of All Trades+1","EmptyBody+1","Sanctity+1","EmptyMind+1","Establishment+1","TalkToTheHand+1"],"relics":["PureWater","Membership Card","Toy Ornithopter","TeardropLocket","DollysMirror","Mango","Astrolabe","Lee\u0027s Waffle","Lantern","Bag of Marbles","Turnip","Shovel","InkBottle","Bronze Scales","The Courier","Anchor","Lizard Tail","War Paint","Busted Crown","Mark of the Bloom","Medical Kit","Omamori","Vajra","Gambling Chip","Akabeko","Boot","ClockworkSouvenir","Mummified Hand","Sundial","Bottled Lightning","Letter Opener","Ornamental Fan","Centennial Puzzle","PreservedInsect","Mercury Hourglass","Strange Spoon","HornCleat"],"acts_visited":["Exordium","TheCity","TheBeyond","TheEnding"],"potions_floor_usage":[50,55,55],"damage_taken":[{"damage":0.0,"enemies":"Cultist","floor":1.0,"turns":2.0},{"damage":0.0,"enemies":"Small Slimes","floor":2.0,"turns":3.0},{"damage":0.0,"enemies":"2 Louse","floor":5.0,"turns":2.0},{"damage":41.0,"enemies":"3 Sentries","floor":7.0,"turns":10.0},{"damage":0.0,"enemies":"Looter","floor":8.0,"turns":1.0},{"damage":4.0,"enemies":"Gremlin Nob","floor":11.0,"turns":3.0},{"damage":4.0,"enemies":"Exordium Thugs","floor":13.0,"turns":3.0},{"damage":0.0,"enemies":"2 Fungi Beasts","floor":14.0,"turns":2.0},{"damage":43.0,"enemies":"Hexaghost","floor":16.0,"turns":9.0},{"damage":40.0,"enemies":"Shell Parasite","floor":18.0,"turns":4.0},{"damage":35.0,"enemies":"3 Byrds","floor":19.0,"turns":4.0},{"damage":42.0,"enemies":"Gremlin Leader","floor":24.0,"turns":7.0},{"damage":32.0,"enemies":"Slavers","floor":28.0,"turns":6.0},{"damage":5.0,"enemies":"Sentry and Sphere","floor":29.0,"turns":4.0},{"damage":0.0,"enemies":"Gremlin Leader","floor":31.0,"turns":3.0},{"damage":26.0,"enemies":"Collector","floor":33.0,"turns":9.0},{"damage":6.0,"enemies":"Orb Walker","floor":35.0,"turns":4.0},{"damage":8.0,"enemies":"2 Orb Walkers","floor":39.0,"turns":2.0},{"damage":13.0,"enemies":"Nemesis","floor":40.0,"turns":7.0},{"damage":20.0,"enemies":"Reptomancer","floor":45.0,"turns":4.0},{"damage":0.0,"enemies":"3 Shapes","floor":47.0,"turns":3.0},{"damage":9.0,"enemies":"Giant Head","floor":48.0,"turns":6.0},{"damage":10,"enemies":"Donu and Deca","floor":50,"turns":5},{"damage":14,"enemies":"Shield and Spear","floor":54,"turns":3},{"damage":27,"enemies":"The Heart","floor":55,"turns":2}],"seed_played":"1146601216384088395","potions_obtained":[{"floor":5.0,"key":"Explosive Potion"},{"floor":7.0,"key":"SkillPotion"},{"floor":8.0,"key":"Weak Potion"},{"floor":14.0,"key":"Dexterity Potion"},{"floor":18.0,"key":"FearPotion"},{"floor":24.0,"key":"Fire Potion"},{"floor":28.0,"key":"StancePotion"},{"floor":29.0,"key":"ColorlessPotion"},{"floor":33.0,"key":"ColorlessPotion"},{"floor":39.0,"key":"CultistPotion"},{"floor":47.0,"key":"Explosive Potion"}],"is_trial":false,"path_per_floor":["M","M","$","?","M","R","E","M","T","$","E","?","M","M","R","B",null,"M","M","$","?","?","R","E","R","T","R","E","M","R","E","R","B",null,"M","?","?","$","?","E","R","?","T","$","E","$","M","E","R","B",null,"R","$","E","B"],"character_chosen":"WATCHER","items_purchased":["Membership Card","DollysMirror","ClearTheMind","FlurryOfBlows","Lee\u0027s Waffle","Lantern","Bag of Marbles","Jack Of All Trades","Medical Kit","Omamori","Vajra","ClockworkSouvenir","Mummified Hand","Sundial","Letter Opener","Ornamental Fan","Strange Spoon"],"campfire_rested":1,"item_purchase_floors":[3,10,10,10,20,20,20,20,38,38,38,44,44,44,46,46,53],"current_hp_per_floor":[72,72,72,72,72,72,31,31,31,31,51,51,47,47,47,4,86,46,11,93,93,93,93,56,56,56,56,29,24,51,61,61,35,93,87,87,87,87,79,66,66,66,66,66,46,46,46,37,37,27,27,27,27,13,0,0],"gold":41,"neow_bonus":"HUNDRED_GOLD","is_daily":false,"chose_seed":false,"campfire_upgraded":2,"win_rate":0.0,"timestamp":1607823747,"path_taken":["M","M","$","?","M","R","E","M","T","$","E","?","?","M","R","BOSS","M","M","$","?","?","R","E","R","T","R","E","M","R","E","R","BOSS","M","?","?","$","?","E","R","?","T","?","E","$","?","E","R","BOSS","R","$","E","BOSS"],"items_purchased_type":["Relic","Relic","Card","Card","Relic","Relic","Relic","Card","Relic","Relic","Relic","Relic","Relic","Relic","Relic","Relic","Relic"],"build_version":"2020-11-30","purchased_purges":4,"victory":false,"max_hp_per_floor":[72,72,72,72,72,72,72,72,72,72,86,86,86,86,86,86,86,86,86,93,93,93,93,93,93,93,93,93,93,93,93,93,93,93,93,93,93,93,93,93,93,93,93,93,93,93,93,93,93,93,93,93,93,93,93,93],"relic_stats":{"Lee\u0027s Waffle":82,"Mark of the Bloom":108,"counters":[25,108],"Astrolabe":["ConjureBlade","DeusExMachina","Alpha"],"PreservedInsect":68,"Letter Opener":[100],"War Paint":["Vigilance","Defend_P"],"Medical Kit":[0],"Boot":[6],"Mercury Hourglass":[18],"Strange Spoon":[4],"Lizard Tail":0,"Centennial Puzzle":[6],"Shovel":6,"Busted Crown":14,"Mummified Hand":[19],"Sundial":[2],"Ornamental Fan":[52],"Bronze Scales":[120],"Gambling Chip":[8],"Turnip":[10],"obtain_stats":[{"Lantern":20,"Mark of the Bloom":36,"Vajra":38,"Mango":11,"TeardropLocket":9,"Boot":41,"ClockworkSouvenir":44,"Lizard Tail":31,"Centennial Puzzle":48,"Shovel":24,"HornCleat":54,"DollysMirror":10,"Mummified Hand":44,"Sundial":44,"Gambling Chip":39,"InkBottle":25,"Lee\u0027s Waffle":20,"Golden Idol":4,"Astrolabe":17,"The Courier":27,"PreservedInsect":49,"Omamori":38,"Letter Opener":46,"War Paint":32,"Medical Kit":38,"Akabeko":40,"Mercury Hourglass":52,"Strange Spoon":53,"Anchor":28,"Busted Crown":34,"Ornamental Fan":46,"Bronze Scales":26,"Turnip":21,"Bag of Marbles":20,"Membership Card":3,"Bottled Lightning":45,"PureWater":0,"Toy Ornithopter":7},{"Lantern":11,"Mark of the Bloom":17,"Vajra":17,"Mango":6,"TeardropLocket":5,"Boot":19,"ClockworkSouvenir":19,"Lizard Tail":15,"Centennial Puzzle":22,"Shovel":12,"HornCleat":24,"DollysMirror":5,"Mummified Hand":19,"Sundial":19,"Gambling Chip":18,"InkBottle":12,"Lee\u0027s Waffle":11,"Golden Idol":2,"Astrolabe":9,"The Courier":12,"PreservedInsect":22,"Omamori":17,"Letter Opener":20,"War Paint":15,"Medical Kit":17,"Akabeko":19,"Mercury Hourglass":23,"Strange Spoon":23,"Anchor":13,"Busted Crown":16,"Ornamental Fan":20,"Bronze Scales":12,"Turnip":11,"Bag of Marbles":11,"Membership Card":2,"Bottled Lightning":20,"PureWater":0,"Toy Ornithopter":4},{"Lantern":43,"Mark of the Bloom":76,"Vajra":76,"Mango":21,"TeardropLocket":18,"Boot":85,"ClockworkSouvenir":85,"Lizard Tail":63,"Centennial Puzzle":98,"Shovel":50,"HornCleat":106,"DollysMirror":18,"Mummified Hand":85,"Sundial":85,"Gambling Chip":78,"InkBottle":50,"Lee\u0027s Waffle":43,"Golden Idol":5,"Astrolabe":35,"The Courier":50,"PreservedInsect":98,"Omamori":76,"Letter Opener":89,"War Paint":63,"Medical Kit":76,"Akabeko":85,"Mercury Hourglass":103,"Strange Spoon":103,"Anchor":56,"Busted Crown":72,"Ornamental Fan":89,"Bronze Scales":50,"Turnip":43,"Bag of Marbles":43,"Membership Card":5,"Bottled Lightning":89,"PureWater":0,"Toy Ornithopter":17}],"Toy Ornithopter":30,"InkBottle":[30]},"card_choices":[{"not_picked":["ThirdEye","CarveReality"],"picked":"EmptyFist","floor":1.0},{"not_picked":["Pray","Prostrate"],"picked":"FollowUp","floor":2.0},{"not_picked":["Pray","CarveReality"],"picked":"Ragnarok","floor":5.0},{"not_picked":["Fasting2","Wireheading"],"picked":"CutThroughFate","floor":7.0},{"not_picked":["Conclude","Nirvana"],"picked":"Crescendo","floor":8.0},{"not_picked":["BattleHymn","Protect"],"picked":"Wireheading","floor":11.0},{"not_picked":["Prostrate","Pray"],"picked":"FollowUp","floor":13.0},{"not_picked":["FollowUp","Halt"],"picked":"FlurryOfBlows","floor":14.0},{"not_picked":["Wish","ConjureBlade"],"picked":"Blasphemy","floor":16.0},{"not_picked":["ThirdEye","EmptyMind+1"],"picked":"Perseverance+1","floor":18.0},{"not_picked":["Prostrate","Weave"],"picked":"DeceiveReality","floor":19.0},{"not_picked":["Alpha","CutThroughFate"],"picked":"Sanctity+1","floor":24.0},{"not_picked":["Prostrate+1","Wallop","WheelKick"],"picked":"SKIP","floor":28.0},{"not_picked":["SashWhip+1","PathToVictory"],"picked":"Wireheading","floor":29.0},{"not_picked":["JustLucky","FollowUp"],"picked":"EmptyMind","floor":31.0},{"not_picked":["MasterReality","SpiritShield"],"picked":"Establishment","floor":33.0},{"not_picked":["SignatureMove+1"],"picked":"SKIP","floor":35.0},{"not_picked":["CarveReality"],"picked":"SKIP","floor":40.0},{"not_picked":["Vengeance"],"picked":"SKIP","floor":45.0},{"not_picked":["FlurryOfBlows+1"],"picked":"SKIP","floor":47.0},{"not_picked":["FlyingSleeves+1"],"picked":"SKIP","floor":48.0},{"not_picked":[],"picked":"TalkToTheHand+1","floor":54}],"player_experience":155972,"relics_obtained":[{"floor":7.0,"key":"Toy Ornithopter"},{"floor":9.0,"key":"TeardropLocket"},{"floor":11.0,"key":"Mango"},{"floor":24.0,"key":"Shovel"},{"floor":25.0,"key":"InkBottle"},{"floor":26.0,"key":"Bronze Scales"},{"floor":27.0,"key":"The Courier"},{"floor":28.0,"key":"Anchor"},{"floor":31.0,"key":"Lizard Tail"},{"floor":32.0,"key":"War Paint"},{"floor":39.0,"key":"Gambling Chip"},{"floor":40.0,"key":"Akabeko"},{"floor":41.0,"key":"Boot"},{"floor":45.0,"key":"Bottled Lightning"},{"floor":48.0,"key":"Centennial Puzzle"},{"floor":49.0,"key":"PreservedInsect"},{"floor":52,"key":"Mercury Hourglass"},{"floor":54,"key":"HornCleat"}],"event_choices":[{"damage_healed":0.0,"max_hp_gain":0.0,"max_hp_loss":0.0,"gold_gain":0.0,"event_name":"Golden Idol","player_choice":"Take Wound","floor":4.0,"gold_loss":0.0,"damage_taken":0.0,"relics_obtained":["Golden Idol"],"cards_obtained":["Injury"]},{"damage_healed":0.0,"max_hp_gain":0.0,"max_hp_loss":0.0,"gold_gain":100.0,"event_name":"Golden Shrine","player_choice":"Pray","floor":12.0,"gold_loss":0.0,"damage_taken":0.0},{"damage_healed":0.0,"max_hp_gain":0.0,"max_hp_loss":0.0,"gold_gain":0.0,"event_name":"The Mausoleum","player_choice":"Opened","floor":21.0,"gold_loss":0.0,"damage_taken":0.0,"relics_obtained":["Turnip"],"cards_obtained":["Writhe"]},{"damage_healed":0.0,"max_hp_gain":0.0,"max_hp_loss":0.0,"gold_gain":0.0,"event_name":"The Library","player_choice":"Read","floor":22.0,"gold_loss":0.0,"damage_taken":0.0,"cards_obtained":["EmptyBody"]},{"damage_healed":0.0,"max_hp_gain":0.0,"max_hp_loss":0.0,"gold_gain":0.0,"event_name":"MindBloom","player_choice":"Upgrade","floor":36.0,"gold_loss":0.0,"damage_taken":0.0,"cards_upgraded":["Defend_P","Defend_P","Defend_P","EmptyFist","FollowUp","Ragnarok","CutThroughFate","Crescendo","FlurryOfBlows","Wireheading","FollowUp","FlurryOfBlows","Blasphemy","DeceiveReality","Jack Of All Trades","EmptyBody","Wireheading","EmptyMind","Establishment"],"relics_obtained":["Mark of the Bloom"]},{"damage_healed":0.0,"max_hp_gain":0.0,"max_hp_loss":0.0,"gold_gain":0.0,"event_name":"Tomb of Lord Red Mask","player_choice":"Ignored","floor":37.0,"gold_loss":0.0,"damage_taken":0.0},{"damage_healed":0.0,"max_hp_gain":0.0,"max_hp_loss":0.0,"gold_gain":0.0,"event_name":"Mysterious Sphere","player_choice":"Fight","floor":39.0,"gold_loss":0.0,"damage_taken":0.0},{"damage_healed":0.0,"max_hp_gain":0.0,"max_hp_loss":0.0,"gold_gain":333.0,"event_name":"The Moai Head","player_choice":"Gave Idol","floor":42.0,"relics_lost":["Golden Idol"],"gold_loss":0.0,"damage_taken":0.0}],"is_beta":false,"boss_relics":[{"not_picked":["Runic Dome","Snecko Eye"],"picked":"Astrolabe"},{"not_picked":["Empty Cage","Coffee Dripper"],"picked":"Busted Crown"}],"items_purged_floors":[3,20,38,44],"is_endless":false,"potions_floor_spawned":[5,7,8,14,18,24,28,29,33,39,47],"killed_by":"The Heart","ascension_level":1}}