{"host":"0530d8gaxbqeriw8","time":1607876992,"event":{"mods":["BaseMod","HololiveMod","KinomotoSakuraMod(¤ì¤§¥»?)","Minty Spire (QoL Compilation)","The Servant 0.9.4"],"gold_per_floor":[114,114,33,33,49,67,82,113,113,35,110,130,161,175,175,271,271,288,288,305,320,331,360,376,376,376,376,389,415,415,441,441,539,539,559,559,578,578,411,438,450,462,474,499,530,577,589,611,623,635],"floor_reached":51,"playtime":3000,"items_purged":["Writhe"],"score":759,"play_id":"98a12bb0-7fcc-4df3-b8b4-80a16d1b6e92","local_time":"20201214002952","is_ascension_mode":false,"campfire_choices":[{"data":"Searing Blow","floor":15.0,"key":"SMITH"},{"data":"Iron Wave","floor":25,"key":"SMITH"},{"data":"Bash","floor":32,"key":"SMITH"},{"data":"Offering","floor":41,"key":"SMITH"},{"data":"Searing Blow+2","floor":49,"key":"SMITH"}],"circlet_count":0,"master_deck":["Strike_R+1","Strike_R+1","Strike_R+1","Strike_R+1","Defend_R+1","Defend_R+1","Bash+1","Searing Blow+3","Body Slam+1","Twin Strike+1","Barricade+1","Battle Trance+1","Brutality+1","Dropkick+1","Whirlwind+1","Headbutt+1","Headbutt+1","Juggernaut+1","Iron Wave+1","Dropkick+1","Uppercut+1","Shrug It Off+1","Offering+1","Clash+1","PanicButton+1","Sadistic Nature+1","Magnetism+1","Finesse+1","Warcry+1","Iron Wave+1","Clothesline+1","Iron Wave+1","Perfected Strike+1"],"relics":["Philosopher\u0027s Stone","Orichalcum","StoneCalendar","Ornamental Fan","Blood Vial","Astrolabe","Happy Flower","HornCleat","Strawberry","Boot","Red Mask","Black Star","Mercury Hourglass","MawBank","Molten Egg 2","Incense Burner","Lantern","Mark of the Bloom"],"acts_visited":["TheBeyond"],"potions_floor_usage":[33,33,50,50],"damage_taken":[{"damage":17.0,"enemies":"Small Slimes","floor":1.0,"turns":5.0},{"damage":7.0,"enemies":"Jaw Worm","floor":5.0,"turns":4.0},{"damage":1.0,"enemies":"Cultist","floor":6.0,"turns":5.0},{"damage":9.0,"enemies":"Blue Slaver","floor":7.0,"turns":4.0},{"damage":19.0,"enemies":"3 Sentries","floor":8.0,"turns":9.0},{"damage":7.0,"enemies":"3 Louse","floor":12.0,"turns":5.0},{"damage":5.0,"enemies":"Gremlin Nob","floor":13.0,"turns":5.0},{"damage":10.0,"enemies":"Looter","floor":14.0,"turns":4.0},{"damage":37.0,"enemies":"The Guardian","floor":16.0,"turns":9.0},{"damage":27.0,"enemies":"2 Thieves","floor":18.0,"turns":5.0},{"damage":1.0,"enemies":"3 Byrds","floor":20.0,"turns":4.0},{"damage":13.0,"enemies":"Centurion and Healer","floor":21.0,"turns":5.0},{"damage":12.0,"enemies":"Snake Plant","floor":22.0,"turns":5.0},{"damage":94.0,"enemies":"Slavers","floor":23.0,"turns":7.0},{"damage":8.0,"enemies":"Cultist and Chosen","floor":24.0,"turns":5.0},{"damage":2,"enemies":"Sentry and Sphere","floor":28,"turns":5},{"damage":25,"enemies":"Gremlin Leader","floor":29,"turns":6},{"damage":8,"enemies":"Masked Bandits","floor":31,"turns":5},{"damage":12,"enemies":"Champ","floor":33,"turns":8},{"damage":0,"enemies":"Orb Walker","floor":35,"turns":5},{"damage":17,"enemies":"3 Darklings","floor":37,"turns":5},{"damage":7,"enemies":"Giant Head","floor":40,"turns":7},{"damage":3,"enemies":"Writhing Mass","floor":44,"turns":5},{"damage":27,"enemies":"4 Shapes","floor":45,"turns":5},{"damage":24,"enemies":"Nemesis","floor":46,"turns":6},{"damage":1,"enemies":"3 Darklings","floor":48,"turns":4},{"damage":65,"enemies":"Time Eater","floor":50,"turns":12}],"seed_played":"-2611872992468805789","potions_obtained":[{"floor":5.0,"key":"ColorlessPotion"},{"floor":13.0,"key":"SpeedPotion"},{"floor":21.0,"key":"LiquidBronze"},{"floor":35,"key":"SkillPotion"},{"floor":37,"key":"DistilledChaos"}],"is_trial":false,"path_per_floor":["M","?","$","?","M","M","M","E","T","$","?","M","E","M","R","B",null,"M","?","M","M","M","E","M","R","T","?","M","E","?","?","R","B",null,"M","?","M","?","$","E","R","?","T","M","M","E","?","M","R","B",null],"character_chosen":"IRONCLAD","items_purchased":["Searing Blow","Battle Trance","Finesse"],"campfire_rested":0,"item_purchase_floors":[3,10,39],"current_hp_per_floor":[80,80,80,80,80,80,80,80,80,80,80,80,80,80,80,80,80,80,85,85,85,85,80,85,85,85,92,92,92,92,92,92,92,92,92,92,92,92,92,92,92,92,92,92,92,92,92,92,92,92],"gold":647,"neow_bonus":"BOSS_RELIC","is_daily":false,"chose_seed":false,"campfire_upgraded":5,"win_rate":0.0,"timestamp":1607876992,"path_taken":["M","?","$","?","?","M","M","E","T","$","?","M","E","M","R","BOSS","M","?","M","M","M","E","M","R","T","?","M","E","?","?","R","BOSS","M","?","M","?","?","E","R","?","T","M","?","E","?","M","R","BOSS"],"items_purchased_type":["Card","Card","Card"],"build_version":"2020-11-30","purchased_purges":1,"victory":true,"max_hp_per_floor":[80,80,80,80,80,80,80,80,80,80,80,80,80,80,80,80,80,80,85,85,85,85,85,85,85,85,92,92,92,92,92,92,92,92,92,92,92,92,92,92,92,92,92,92,92,92,92,92,92,92],"card_choices":[{"not_picked":["Armaments","Rupture","Infernal Blade"],"picked":"SKIP","floor":1.0},{"not_picked":["Cleave","Entrench"],"picked":"Twin Strike","floor":5.0},{"not_picked":["True Grit","Warcry","Rupture"],"picked":"SKIP","floor":6.0},{"not_picked":["Cleave","Clothesline","Armaments"],"picked":"SKIP","floor":7.0},{"not_picked":["Shrug It Off","Cleave"],"picked":"Barricade","floor":8.0},{"not_picked":["Sword Boomerang","Anger","Armaments"],"picked":"SKIP","floor":12.0},{"not_picked":["Flex","Second Wind","Dropkick"],"picked":"SKIP","floor":13.0},{"not_picked":["Flame Barrier","Sever Soul","Blood for Blood"],"picked":"SKIP","floor":14.0},{"not_picked":["Juggernaut","Limit Break"],"picked":"Brutality","floor":16.0},{"not_picked":["Second Wind","Warcry","Reckless Charge"],"picked":"SKIP","floor":18.0},{"not_picked":["Ghostly Armor","Disarm+1","Power Through"],"picked":"SKIP","floor":20.0},{"not_picked":["True Grit","Fire Breathing"],"picked":"Headbutt","floor":21.0},{"not_picked":["Armaments","Metallicize"],"picked":"Headbutt","floor":22.0},{"not_picked":["Metallicize","Shrug It Off+1"],"picked":"Juggernaut","floor":23.0},{"not_picked":["Clash","Warcry"],"picked":"Iron Wave","floor":24},{"not_picked":["Metallicize","Anger"],"picked":"Dropkick","floor":28},{"not_picked":["Cleave","Perfected Strike+1"],"picked":"Uppercut","floor":29},{"not_picked":["Clash","Entrench"],"picked":"Shrug It Off","floor":31},{"not_picked":["Impervious","Feed"],"picked":"Offering","floor":33},{"not_picked":["Heavy Blade","Sword Boomerang+1","Dropkick+1"],"picked":"SKIP","floor":35},{"not_picked":["Second Wind","Blood for Blood"],"picked":"Clash+1","floor":37},{"not_picked":["Dramatic Entrance","Panacea"],"picked":"PanicButton","floor":38},{"not_picked":["HandOfGreed","The Bomb"],"picked":"Sadistic Nature","floor":38},{"not_picked":["Madness","Panacea"],"picked":"Magnetism","floor":38},{"not_picked":["Rupture","Barricade"],"picked":"Warcry","floor":40},{"not_picked":["Dark Embrace","Flex","Twin Strike+1"],"picked":"SKIP","floor":44},{"not_picked":["Combust+1","Twin Strike+1"],"picked":"Clothesline+1","floor":45},{"not_picked":["Warcry+1","Dual Wield+1"],"picked":"Iron Wave+1","floor":46},{"not_picked":["Headbutt+1","Infernal Blade+1"],"picked":"Perfected Strike+1","floor":48}],"player_experience":19723,"relics_obtained":[{"floor":8.0,"key":"StoneCalendar"},{"floor":9.0,"key":"Ornamental Fan"},{"floor":13.0,"key":"Blood Vial"},{"floor":23.0,"key":"Happy Flower"},{"floor":26,"key":"HornCleat"},{"floor":29,"key":"Boot"},{"floor":31,"key":"Red Mask"},{"floor":40,"key":"Mercury Hourglass"},{"floor":40,"key":"MawBank"},{"floor":43,"key":"Molten Egg 2"},{"floor":46,"key":"Incense Burner"},{"floor":46,"key":"Lantern"}],"event_choices":[{"damage_healed":0.0,"max_hp_gain":0.0,"max_hp_loss":0.0,"gold_gain":0.0,"event_name":"Big Fish","player_choice":"Box","floor":2.0,"gold_loss":0.0,"damage_taken":0.0,"relics_obtained":["Orichalcum"],"cards_obtained":["Regret"]},{"damage_healed":0.0,"max_hp_gain":0.0,"max_hp_loss":0.0,"gold_gain":0.0,"event_name":"Match and Keep!","player_choice":"1 cards matched","floor":4.0,"gold_loss":0.0,"damage_taken":0.0,"cards_obtained":["Body Slam"]},{"damage_healed":0.0,"max_hp_gain":0.0,"max_hp_loss":0.0,"gold_gain":75.0,"event_name":"World of Goop","player_choice":"Gather Gold","floor":11.0,"gold_loss":0.0,"damage_taken":11.0},{"damage_healed":0.0,"max_hp_gain":5.0,"max_hp_loss":0.0,"gold_gain":0.0,"event_name":"Forgotten Altar","player_choice":"Shed Blood","floor":19.0,"gold_loss":0.0,"damage_taken":20.0},{"damage_healed":0,"gold_gain":0,"player_choice":"Opened","damage_taken":0,"relics_obtained":["Strawberry"],"max_hp_gain":0,"max_hp_loss":0,"event_name":"The Mausoleum","floor":27,"gold_loss":0,"cards_obtained":["Writhe"]},{"damage_healed":0,"gold_gain":0,"player_choice":"Ignored","damage_taken":0,"max_hp_gain":0,"max_hp_loss":0,"event_name":"Ghosts","floor":30,"gold_loss":0},{"damage_healed":0,"gold_gain":0,"player_choice":"Fought Bandits","damage_taken":0,"max_hp_gain":0,"max_hp_loss":0,"event_name":"Masked Bandits","floor":31,"gold_loss":0},{"cards_removed":["Strike_R"],"damage_healed":0,"gold_gain":0,"player_choice":"Removed Attack","damage_taken":0,"max_hp_gain":0,"max_hp_loss":0,"event_name":"Falling","floor":36,"gold_loss":0},{"damage_healed":0,"gold_gain":0,"player_choice":"Memory 3","damage_taken":10,"max_hp_gain":0,"max_hp_loss":0,"event_name":"SensoryStone","floor":38,"gold_loss":0},{"cards_removed":["Decay"],"damage_healed":0,"gold_gain":0,"player_choice":"Took Card","damage_taken":0,"max_hp_gain":0,"max_hp_loss":0,"event_name":"NoteForYourself","floor":42,"gold_loss":0,"cards_obtained":["Iron Wave"]},{"damage_healed":0,"gold_gain":0,"player_choice":"Upgrade","damage_taken":0,"relics_obtained":["Mark of the Bloom"],"max_hp_gain":0,"max_hp_loss":0,"event_name":"MindBloom","floor":47,"gold_loss":0,"cards_upgraded":["Strike_R","Strike_R","Strike_R","Strike_R","Defend_R","Defend_R","Searing Blow","Body Slam","Twin Strike","Barricade","Battle Trance","Brutality","Headbutt","Headbutt","Juggernaut","Dropkick","Uppercut","Shrug It Off","PanicButton","Sadistic Nature","Magnetism","Finesse","Warcry","Iron Wave"]}],"is_beta":false,"boss_relics":[{"not_picked":["SacredBark","SlaversCollar"],"picked":"Astrolabe"},{"not_picked":["Busted Crown","Runic Cube"],"picked":"Black Star"}],"items_purged_floors":[39],"is_endless":false,"potions_floor_spawned":[5,13,21,23,24,35,37,44],"ascension_level":0}}