{"host":"63sioh49uueqzogg","time":1607830686,"event":{"mods":["BaseMod","Card Forge","Colored Map","Colored Powertips","Minty Spire (QoL Compilation)","StSLib","The Animator"],"gold_per_floor":[127,127,127,153,153,168,12,52,52,52,70,96,96,14,14,18,18],"floor_reached":16,"playtime":574,"items_purged":[],"score":160,"play_id":"add926bc-584d-4d7f-a1ad-b4f9795b55f3","local_time":"20201212193806","is_ascension_mode":true,"campfire_choices":[{"data":"animator:Nanami","floor":10,"key":"SMITH"},{"data":"animator:Shiro","floor":13,"key":"SMITH"},{"data":"animator:GuildGirl","floor":15,"key":"SMITH"}],"circlet_count":0,"master_deck":["animator:Strike_MadokaMagica","animator:Defend_MadokaMagica","animator:Strike","animator:Strike","animator:Strike","animator:Defend","animator:Defend","animator:Defend","animator:IrohaTamaki+1","animator:YuiTsuruno","animator:MamiTomoe+1","animator:Nanami+1","animator:GuildGirl+1","animator:SuzuneAmano+1","animator:Shiro+1"],"relics":["animator:LivingPicture","animator:TheMissingPiece","Hammer of Thor","Seething Fire","Anvil of the Gods","NeowsBlessing","animator:WornHelmet","Bag of Marbles","Nunchaku","Potion Belt","Molten Egg 2","Vajra"],"acts_visited":["Exordium"],"potions_floor_usage":[16,16],"damage_taken":[{"damage":0,"enemies":"Jaw Worm","floor":1,"turns":1},{"damage":0,"enemies":"2 Louse","floor":6,"turns":1},{"damage":0,"enemies":"Gremlin Nob","floor":8,"turns":1},{"damage":0,"enemies":"Cultist","floor":11,"turns":3},{"damage":2,"enemies":"Blue Slaver","floor":12,"turns":5},{"damage":15,"enemies":"Slime Boss","floor":16,"turns":6}],"seed_played":"-8282002148547135425","potions_obtained":[{"floor":6,"key":"Block Potion"},{"floor":11,"key":"SkillPotion"}],"is_trial":false,"path_per_floor":["M","?","?","T","?","M","$","E","T","R","M","M","R","?","R","B"],"character_chosen":"THE_ANIMATOR","items_purchased":["Nunchaku"],"campfire_rested":0,"item_purchase_floors":[7],"current_hp_per_floor":[59,59,26,26,26,26,26,26,26,26,27,25,25,25,25,10,10],"gold":18,"neow_bonus":"THREE_ENEMY_KILL","is_daily":false,"chose_seed":false,"campfire_upgraded":3,"win_rate":0.0,"timestamp":1607830686,"path_taken":["M","?","?","?","?","?","$","E","T","R","M","M","R","?","R","BOSS"],"items_purchased_type":["Relic"],"build_version":"2020-11-30","purchased_purges":0,"victory":false,"max_hp_per_floor":[66,66,66,66,66,66,66,66,66,66,67,67,67,67,67,67,67],"card_choices":[{"not_picked":["animator:Jibril","animator:RinTohsaka"],"picked":"animator:MamiTomoe","floor":1},{"not_picked":["animator:HiiragiShinya","animator:Shigure"],"picked":"animator:Nanami","floor":6},{"not_picked":["animator:NarberalGamma","animator:CowGirl"],"picked":"animator:GuildGirl","floor":8},{"not_picked":["animator:SayakaMiki","animator:OrikoMikuni"],"picked":"animator:SuzuneAmano+1","floor":11},{"not_picked":["animator:Sebas","animator:ChlammyZell"],"picked":"animator:Shiro","floor":12}],"player_experience":552920,"relics_obtained":[{"floor":4,"key":"Bag of Marbles"},{"floor":8,"key":"Potion Belt"},{"floor":9,"key":"Molten Egg 2"}],"event_choices":[{"damage_healed":0,"gold_gain":0,"player_choice":"Grow","damage_taken":0,"max_hp_gain":0,"max_hp_loss":0,"event_name":"Living Wall","floor":2,"gold_loss":0,"cards_upgraded":["animator:IrohaTamaki"]},{"damage_healed":0,"gold_gain":0,"player_choice":"Success","damage_taken":33,"relics_obtained":["animator:WornHelmet"],"max_hp_gain":0,"max_hp_loss":0,"event_name":"Scrap Ooze","floor":3,"gold_loss":0},{"damage_healed":0,"gold_gain":0,"player_choice":"Upgraded","damage_taken":0,"max_hp_gain":0,"max_hp_loss":0,"event_name":"Upgrade Shrine","floor":5,"gold_loss":0,"cards_upgraded":["animator:MamiTomoe"]},{"damage_healed":0,"gold_gain":0,"player_choice":"Paid Gold","damage_taken":0,"relics_obtained":["Vajra"],"max_hp_gain":0,"max_hp_loss":0,"event_name":"WeMeetAgain","floor":14,"gold_loss":82}],"is_beta":false,"boss_relics":[],"items_purged_floors":[],"is_endless":false,"potions_floor_spawned":[6,11],"killed_by":"Slime Boss","ascension_level":6}}