{"host":"5u4m3sklrpw6xc20","time":1607827530,"event":{"mods":["2.2 Compatiblity","BaseMod","Better Third Choice","CapriCore","Colored Map","Hubris","Infinite Spire","Minty Spire (QoL Compilation)","Permanent Neow","Replay The Spire","Spicy Shops","StSLib","SuperFastMode"],"gold_per_floor":[110,110,110,110,130,156,156,174,228,246,9999177,9999177,9999177,9999177,9999177,9999177,9999177,9999177,9999177,9999177,9997401,9997401,9997401,9997401,9997401,9997401,9997401,9997401,9997401,9995489,9995489,9995489,9995489,9995489,9995489,9995489,9995489,9992936,9992936,9992936,9992936,9992936,9992936,9992936,9992936,9992936,9992936,9992936,9992936,9992936,9992936,9992936,9990823,9990823,9990823],"floor_reached":56,"playtime":1723,"items_purged":["Strike_R+1","Strike_R+1","Defend_R+1","Defend_R+1"],"score":1561,"play_id":"7e760c7f-d1d9-4349-87d0-2bae01eb308e","local_time":"20201212204530","is_ascension_mode":false,"campfire_choices":[{"floor":7.0,"key":"RECALL"},{"floor":15.0,"key":"DIG"}],"circlet_count":0,"master_deck":["Defend_R+1","Defend_R+1","Bash+1","infinitespire:SevenWalls+1","Body Slam+1","Entrench+1","Barricade+1","Entrench+1","Pot Of Greed+1","Offering+1","Flash of Steel+1","infinitespire:NeuralNetwork+1","Pot Of Greed+1","infinitespire:Collect+1"],"relics":["Burning Blood","Molten Egg 2","Toxic Egg 2","Frozen Egg 2","Quantum Egg","Golden Egg","Replay:Wax Seal","Sozu","Ectoplasm","Art of War","BargainBundle","Cauldron","hubris:MysteriousPyramids","Lizard Tail","Bottled Flame","Red Skull","ReplayTheSpireMod:Ring of Exchange","Replay:Accelerometer","Omamori","HornCleat","Coffee Dripper","PreservedInsect","hubris:Icosahedron","hubris:Reverence","Bottled Tornado","Grinning Jar","Runic Cube","ReplayTheSpireMod:Shallot","Singing Bowl","ClockworkSouvenir","Runic Dome","ReplayTheSpireMod:Ninjato","hubris:TinFlute","Pocketwatch","Sozu","Ring of Chaos","Mirror","Counterbalance","infinitespire:Eraser","ReplayFunnel","Black Blood","Iron Hammer","Replay:Bottled Flurry","hubris:Spice","Replay:Lucky Slots","Nunchaku"],"acts_visited":[],"potions_floor_usage":[],"damage_taken":[{"damage":0.0,"enemies":"2 Louse","floor":1.0,"turns":2.0},{"damage":0.0,"enemies":"Jaw Worm","floor":5.0,"turns":2.0},{"damage":8.0,"enemies":"Gremlin Nob","floor":6.0,"turns":4.0},{"damage":0.0,"enemies":"Small Slimes","floor":8.0,"turns":3.0},{"damage":0.0,"enemies":"Red Slaver","floor":10.0,"turns":3.0},{"damage":0.0,"enemies":"3 Sentries","floor":12.0,"turns":7.0},{"damage":0.0,"enemies":"Looter","floor":13.0,"turns":1.0},{"damage":0.0,"enemies":"3 Louse","floor":14.0,"turns":2.0},{"damage":0.0,"enemies":"Hexaghost","floor":16.0,"turns":6.0},{"damage":0.0,"enemies":"Shell Parasite","floor":18.0,"turns":4.0},{"damage":0.0,"enemies":"Slavers","floor":23.0,"turns":3.0},{"damage":0.0,"enemies":"3 Byrds","floor":24.0,"turns":4.0},{"damage":0.0,"enemies":"Snake Plant","floor":27.0,"turns":3.0},{"damage":0.0,"enemies":"Chosen and Byrds","floor":29.0,"turns":5.0},{"damage":0.0,"enemies":"Cultist and Chosen","floor":31.0,"turns":3.0},{"damage":0.0,"enemies":"Automaton","floor":33.0,"turns":3.0},{"damage":0.0,"enemies":"3 Shapes","floor":35.0,"turns":3.0},{"damage":6.0,"enemies":"3 Darklings","floor":37.0,"turns":3.0},{"damage":6.0,"enemies":"Spire Growth","floor":39.0,"turns":1.0},{"damage":6.0,"enemies":"Jaw Worm Horde","floor":42.0,"turns":2.0},{"damage":6.0,"enemies":"Transient","floor":44.0,"turns":3.0},{"damage":6.0,"enemies":"infinitespire:Three Voidlings","floor":45.0,"turns":2.0},{"damage":6.0,"enemies":"Nightmare_Alpha","floor":45.0,"turns":3.0},{"damage":6,"enemies":"Writhing Mass","floor":46,"turns":1},{"damage":15,"enemies":"Nemesis","floor":47,"turns":3},{"damage":6,"enemies":"Sphere and 2 Shapes","floor":48,"turns":1},{"damage":16,"enemies":"infinitespire:MassOfShapes","floor":50,"turns":2},{"damage":0,"enemies":"Shield and Spear","floor":54,"turns":1},{"damage":8,"enemies":"The Heart","floor":55,"turns":3}],"seed_played":"28148626235137159","potions_obtained":[{"floor":6.0,"key":"PowerPotion"}],"is_trial":false,"path_per_floor":["M","?","?","?","M","E","R","M","T","M","$","E","M","M","R_BF","B",null,"M","?","?","$","?","E","M","?","T","M","R","M","$","M","R_BF","B",null,"M","?","M","$","M","R","AVR","M","T","M","?","M","E","M","R","B",null,"R","$","E","B",null],"character_chosen":"IRONCLAD","items_purchased":["Art of War","BargainBundle","Cauldron","hubris:MysteriousPyramids","Lizard Tail","Replay:Accelerometer","Omamori","HornCleat","Coffee Dripper","PreservedInsect","Grinning Jar","Runic Cube","ReplayTheSpireMod:Shallot","Singing Bowl","ClockworkSouvenir","ReplayTheSpireMod:Ninjato","hubris:TinFlute","Pocketwatch","Sozu","Ring of Chaos","Flash of Steel+1","ReplayFunnel","Black Blood","Iron Hammer","Replay:Bottled Flurry","hubris:Spice","Replay:Lucky Slots"],"campfire_rested":0,"item_purchase_floors":[11,11,11,11,11,21,21,21,21,21,30,30,30,30,30,38,38,38,38,38,38,53,53,53,53,53,53],"current_hp_per_floor":[80,80,60,60,66,64,64,70,70,76,76,80,80,80,80,80,80,80,71,71,71,71,77,80,80,80,80,80,80,80,82,82,82,82,84,84,86,86,88,88,88,90,90,92,94,96,89,91,91,81,100,100,108,110,110],"gold":9990823,"neow_bonus":"","is_daily":false,"chose_seed":false,"campfire_upgraded":0,"win_rate":0.0,"timestamp":1607827530,"path_taken":["M","?","?","?","M","E","R","?","T","M","$","E","M","M","R_BF","BOSS","M","?","?","$","?","E","?","?","T","?","R","M","?","M","R_BF","BOSS","M","?","M","$","M","R","AVR","M","T","?","?","M","E","M","R","BOSS","R","$","E","BOSS"],"items_purchased_type":["Relic","Relic","Relic","Relic","Relic","Relic","Relic","Relic","Relic","Relic","Relic","Relic","Relic","Relic","Relic","Relic","Relic","Relic","Relic","Relic","Card","Relic","Relic","Relic","Relic","Relic","Relic"],"build_version":"2020-11-30","purchased_purges":4,"victory":true,"max_hp_per_floor":[80,80,80,80,80,80,80,80,80,80,80,80,80,80,80,80,80,80,80,80,80,80,80,80,80,80,80,80,80,80,82,82,82,82,84,84,86,86,88,88,88,90,90,92,94,96,98,100,100,100,100,100,108,110,110],"card_choices":[{"not_picked":["True Grit+1","Sword Boomerang+1","Headbutt+1"],"picked":"SKIP","floor":1.0},{"not_picked":["infinitespire:Starlight","ReplayTheSpireMod:Haul"],"picked":"infinitespire:SevenWalls","floor":3.0},{"not_picked":["Clothesline+1","Shrug It Off+1","ReplayTheSpireMod:Strike From Hell+1"],"picked":"SKIP","floor":5.0},{"not_picked":["Wild Strike+1","Headbutt+1"],"picked":"Body Slam+1","floor":6.0},{"not_picked":["Hemokinesis+1","Pommel Strike+1"],"picked":"Entrench+1","floor":8.0},{"not_picked":["Uppercut+1","Replay:Undeath\u0027s Touch+1","Anger+1"],"picked":"SKIP","floor":10.0},{"not_picked":["Replay:Undeath\u0027s Touch+1","Thunderclap+1","hubris:CleavingFinish+1"],"picked":"SKIP","floor":12.0},{"not_picked":["ReplayTheSpireMod:LeadingStrike+1","hubris:CleavingFinish+1","Feel No Pain+1"],"picked":"SKIP","floor":13.0},{"not_picked":["Double Tap+1","Dropkick+1","Body Slam+1"],"picked":"SKIP","floor":14.0},{"not_picked":["Corruption+1","Feed+1"],"picked":"Barricade+1","floor":16.0},{"not_picked":["infinitespire:OneForAll+1","Seeing Red+1","Wild Strike+1"],"picked":"SKIP","floor":18.0},{"not_picked":["Warcry+1","Double Tap+1","Rage+1"],"picked":"SKIP","floor":23.0},{"not_picked":["ReplayTheSpireMod:Stacked+1","Shrug It Off+1","ReplayTheSpireMod:Muscle Training+1"],"picked":"SKIP","floor":24.0},{"not_picked":["ReplayTheSpireMod:Stacked+1","Shrug It Off+1","ReplayTheSpireMod:Muscle Training+1"],"picked":"SKIP","floor":24.0},{"not_picked":["Heavy Blade+1","Body Slam+1","Whirlwind+1"],"picked":"SKIP","floor":27.0},{"not_picked":["Warcry+1","Replay:Undeath\u0027s Touch+1"],"picked":"Entrench+1","floor":29.0},{"not_picked":["Disarm+1","Perfected Strike+1","Heavy Blade+1"],"picked":"Singing Bowl","floor":31.0},{"not_picked":["Barricade+1","Exhume+1"],"picked":"Offering+1","floor":33.0},{"not_picked":["Wild Strike+1","Hemokinesis+1","Whirlwind+1"],"picked":"Singing Bowl","floor":35.0},{"not_picked":["Shrug It Off+1","Clash+1","Reckless Charge+1"],"picked":"Singing Bowl","floor":37.0},{"not_picked":["Replay:Undeath\u0027s Touch+1","hubris:ReadiedAction+1","Shrug It Off+1"],"picked":"Singing Bowl","floor":39.0},{"not_picked":["Clothesline+1","ReplayTheSpireMod:Strike From Hell+1","Flame Barrier+1"],"picked":"Singing Bowl","floor":42.0},{"not_picked":["Clash+1","Thunderclap+1","Corruption+1"],"picked":"Singing Bowl","floor":44.0},{"not_picked":["hubris:Rewind","infinitespire:SevenWalls"],"picked":"infinitespire:Collect","floor":45},{"not_picked":["True Grit+1","Pommel Strike+1","Iron Wave+1"],"picked":"Singing Bowl","floor":45},{"not_picked":["Warcry+1","Armaments+1","Pommel Strike+1"],"picked":"Singing Bowl","floor":46},{"not_picked":["Abandon+1","Armaments+1","Sword Boomerang+1"],"picked":"Singing Bowl","floor":47},{"not_picked":["Seeing Red+1","Berserk+1","Hemokinesis+1"],"picked":"Singing Bowl","floor":48},{"not_picked":["Shrug It Off+1","Iron Wave+1","Infernal Blade+1"],"picked":"Singing Bowl","floor":54}],"player_experience":199500,"relics_obtained":[{"floor":6.0,"key":"Replay:Wax Seal"},{"floor":12.0,"key":"Bottled Flame"},{"floor":15.0,"key":"Red Skull"},{"floor":20.0,"key":"ReplayTheSpireMod:Ring of Exchange"},{"floor":23.0,"key":"hubris:Reverence"},{"floor":26.0,"key":"Bottled Tornado"},{"floor":43.0,"key":"Mirror"},{"floor":45,"key":"Counterbalance"},{"floor":47,"key":"infinitespire:Eraser"},{"floor":54,"key":"Nunchaku"}],"event_choices":[{"damage_healed":0.0,"max_hp_gain":0.0,"max_hp_loss":0.0,"gold_gain":0.0,"event_name":"MindBloom","player_choice":"Upgrade","floor":0.0,"gold_loss":0.0,"damage_taken":0.0,"cards_upgraded":["Strike_R","Strike_R","Strike_R","Strike_R","Strike_R","Defend_R","Defend_R","Defend_R","Defend_R","Bash"],"relics_obtained":["Mark of the Bloom"]},{"cards_removed":["Strike_R"],"damage_healed":0.0,"max_hp_gain":0.0,"max_hp_loss":0.0,"gold_gain":0.0,"event_name":"Living Wall","player_choice":"Forget","floor":2.0,"gold_loss":0.0,"damage_taken":0.0},{"cards_removed":["Strike_R"],"damage_healed":0.0,"max_hp_gain":0.0,"max_hp_loss":0.0,"gold_gain":0.0,"event_name":"Purifier","player_choice":"Purged","floor":4.0,"gold_loss":0.0,"damage_taken":0.0},{"damage_healed":0.0,"max_hp_gain":0.0,"max_hp_loss":0.0,"gold_gain":0.0,"event_name":"Cursed Tome","player_choice":"Stopped","floor":19.0,"gold_loss":0.0,"damage_taken":9.0},{"cards_removed":["Strike_R"],"damage_healed":0.0,"max_hp_gain":0.0,"max_hp_loss":0.0,"gold_gain":0.0,"event_name":"Purifier","player_choice":"Purged","floor":25.0,"gold_loss":0.0,"damage_taken":0.0},{"damage_healed":0.0,"max_hp_gain":0.0,"max_hp_loss":0.0,"gold_gain":0.0,"event_name":"Transmorgrifier","player_choice":"Ignored","floor":32.0,"gold_loss":0.0,"damage_taken":0.0},{"damage_healed":0.0,"max_hp_gain":0.0,"max_hp_loss":0.0,"gold_gain":0.0,"event_name":"Upgrade Shrine","player_choice":"Ignored","floor":36.0,"gold_loss":0.0,"damage_taken":0.0},{"damage_healed":0,"gold_gain":0,"player_choice":"Ignored","damage_taken":0,"max_hp_gain":0,"max_hp_loss":0,"event_name":"Upgrade Shrine","floor":45,"gold_loss":0}],"is_beta":false,"boss_relics":[{"not_picked":["hubris:HollowSoul","ReplayTheSpireMod:DimensionalGlitch","Snecko Eye"]},{"not_picked":["ChewingGum","Empty Cage"],"picked":"Runic Dome"}],"items_purged_floors":[11,21,30,53],"is_endless":false,"potions_floor_spawned":[6,14,16,18,24,31,42,44,45,48],"ascension_level":0}}