{"host":"n4oa921u88t6jog9","time":1607877170,"event":{"mods":["BaseMod","Colored Map","DeckTracker","Minty Spire (QoL Compilation)","StSLib","SuperFastMode"],"gold_per_floor":[112,123,198,53,53,81,96,129,129,145,145,164,164,176,176,276,276,291,301,301,301],"floor_reached":20,"playtime":633,"items_purged":["Strike_R"],"score":317,"play_id":"13a46e9b-3d20-4fcb-8477-91091bb01c7c","local_time":"20201214013250","is_ascension_mode":true,"campfire_choices":[{"data":"Entrench","floor":11,"key":"SMITH"},{"data":"Body Slam","floor":13,"key":"SMITH"},{"data":"Shrug It Off","floor":15,"key":"SMITH"}],"circlet_count":0,"master_deck":["AscendersBane","Strike_R","Strike_R","Strike_R","Strike_R","Defend_R","Defend_R","Defend_R","Defend_R","Bash","Entrench+1","Wild Strike","Battle Trance","Immolate","Second Wind","Shrug It Off+1","Body Slam+1","Juggernaut","Flame Barrier+1"],"relics":["Burning Blood","NeowsBlessing","Question Card","StoneCalendar","Champion Belt","Runic Pyramid"],"acts_visited":["Exordium","TheCity"],"potions_floor_usage":[16,16],"damage_taken":[{"damage":0,"enemies":"Jaw Worm","floor":1,"turns":1},{"damage":0,"enemies":"2 Louse","floor":2,"turns":1},{"damage":0,"enemies":"Lagavulin","floor":6,"turns":1},{"damage":1,"enemies":"Cultist","floor":7,"turns":3},{"damage":15,"enemies":"3 Sentries","floor":8,"turns":4},{"damage":18,"enemies":"Red Slaver","floor":10,"turns":4},{"damage":1,"enemies":"Blue Slaver","floor":12,"turns":4},{"damage":0,"enemies":"3 Louse","floor":14,"turns":1},{"damage":50,"enemies":"The Guardian","floor":16,"turns":12},{"damage":19,"enemies":"2 Thieves","floor":18,"turns":4},{"damage":19,"enemies":"3 Byrds","floor":19,"turns":5},{"damage":0,"enemies":"3 Cultists","floor":20,"turns":4}],"seed_played":"7093717063401260214","potions_obtained":[{"floor":6,"key":"ColorlessPotion"},{"floor":7,"key":"SpeedPotion"},{"floor":8,"key":"Weak Potion"},{"floor":10,"key":"CultistPotion"},{"floor":14,"key":"DuplicationPotion"},{"floor":18,"key":"Dexterity Potion"},{"floor":19,"key":"Fire Potion"}],"is_trial":false,"path_per_floor":["M","M","?","$","?","E","M","E","T","M","R","M","R","M","R","B",null,"M","M","M"],"character_chosen":"IRONCLAD","items_purchased":["Battle Trance"],"campfire_rested":0,"item_purchase_floors":[4],"current_hp_per_floor":[78,80,69,69,69,75,80,71,71,59,59,64,64,70,70,26,67,54,41,41,41],"gold":301,"neow_bonus":"THREE_ENEMY_KILL","is_daily":false,"chose_seed":false,"campfire_upgraded":3,"win_rate":0.0,"timestamp":1607877170,"path_taken":["M","M","?","$","?","E","M","E","T","M","R","M","R","M","R","BOSS","M","M","M"],"items_purchased_type":["Card"],"build_version":"2020-11-30","purchased_purges":1,"victory":false,"max_hp_per_floor":[80,80,80,80,80,80,80,80,80,80,80,80,80,80,80,80,80,80,80,80,80],"card_choices":[{"not_picked":["Clothesline","Flex"],"picked":"Entrench","floor":1},{"not_picked":["Reckless Charge","Clothesline"],"picked":"Wild Strike","floor":2},{"not_picked":["Burning Pact","Wild Strike"],"picked":"Immolate","floor":6},{"not_picked":["Rupture","Iron Wave","Whirlwind","Sever Soul"],"picked":"SKIP","floor":7},{"not_picked":["Flex","Cleave","Clash"],"picked":"Second Wind","floor":8},{"not_picked":["Rampage","Second Wind","Armaments"],"picked":"Shrug It Off","floor":10},{"not_picked":["Warcry","Inflame","Fire Breathing"],"picked":"Body Slam","floor":12},{"not_picked":["Clothesline","Headbutt","Twin Strike","Dual Wield"],"picked":"SKIP","floor":14},{"not_picked":["Brutality","Immolate","Berserk"],"picked":"Juggernaut","floor":16},{"not_picked":["Wild Strike","True Grit","Combust+1","Clothesline+1"],"picked":"SKIP","floor":18},{"not_picked":["Flex","Shockwave","Pommel Strike"],"picked":"Flame Barrier+1","floor":19}],"player_experience":335086,"relics_obtained":[{"floor":6,"key":"Question Card"},{"floor":8,"key":"StoneCalendar"},{"floor":9,"key":"Champion Belt"}],"event_choices":[{"damage_healed":0,"gold_gain":75,"player_choice":"Gather Gold","damage_taken":11,"max_hp_gain":0,"max_hp_loss":0,"event_name":"World of Goop","floor":3,"gold_loss":0},{"damage_healed":0,"gold_gain":0,"player_choice":"Bought 0 Potions","damage_taken":0,"max_hp_gain":0,"max_hp_loss":0,"event_name":"The Woman in Blue","floor":5,"gold_loss":0}],"is_beta":false,"boss_relics":[{"not_picked":["Mark of Pain","Fusion Hammer"],"picked":"Runic Pyramid"}],"items_purged_floors":[4],"is_endless":false,"potions_floor_spawned":[6,7,8,10,14,18,19],"killed_by":"3 Cultists","ascension_level":10}}