{"host":"d43m95u7l79th215","time":1607825690,"event":{"mods":["BaseMod","Colored Map","Downfall","Friendly Minions","GungeonMod","Hermit","Hubris","Hunter ??","Jorbs\u0027s Wanderer Trilogy","Marisa????????","Minty Spire (QoL Compilation)","Quick Restart","Replay The Spire","StSLib","The Cursed","The Necromancer","The Servant 0.9.4","[IsaacMod]????","vexMod"],"gold_per_floor":[99,99,129,129,229,258,284,300,345,345,382,401,435,462,486,601,601,451,485,485,514,514,554,579,597,522,569,569,605,16,16,44,48,48],"floor_reached":33,"playtime":1849,"items_purged":["Strike_W"],"score":433,"play_id":"eaa6dfb7-3cd4-49c7-9399-0d3a5313eb80","local_time":"20201213031450","is_ascension_mode":true,"campfire_choices":[{"floor":1,"key":"RECALL"},{"data":"EpicFetus","floor":4,"key":"SMITH"},{"data":"Summon_Death_Knight","floor":10,"key":"SMITH"},{"data":"Summon_Undead_Army","floor":18,"key":"SMITH"},{"data":"Bone_Armory","floor":22,"key":"SMITH"},{"floor":26,"key":"REST"}],"circlet_count":0,"master_deck":["Strike_W","Strike_W","Strike_W","Defend_W","Defend_W","Defend_W","Defend_W","Negative_Energy_Arrows","Bone_Wall","EpicFetus+1","Blood_Wake","Negative_Energy_Mist","Negative_Energy_Burst","Bone_Armor","Summon_Death_Knight+1","Bone_Bullets","Summon_Undead_Army+1","Bone_Shift","Blood_Wake","Detonate_Bones","Vampiric_Strike+1","Flying Knee","Bone_Armory+1","Uncharnel","Bone_Prison","Negative_Energy_Shield","Grasp_Heart","Bone_Spikes+1","Summon_Lich","Life_Drain","Metamorphosis","Bone_Armory"],"relics":["Vampire_Amulet","HushsDoor","YumHeart","downfall:HeartsMalice","Replay:Bandana","vexMod:Dragonfruit","Vajra","GuppysPaw","Odd Mushroom","Regal Pillow","Honey Jar","downfall:HeartBlessingRed","downfall:HeartBlessingGreen","DemoMod:GundromedaStrain","AnarchistCookbook","downfall:HeartBlessingBlue","hubris:TenFootPole","Mercury Hourglass","SteamSale","Counterbalance","BelialBook"],"acts_visited":["Exordium","TheCity"],"potions_floor_usage":[16,16,21,27,33,33],"damage_taken":[{"damage":0,"enemies":"Jaw Worm","floor":2,"turns":1},{"damage":0,"enemies":"Lagavulin","floor":3,"turns":1},{"damage":0,"enemies":"3 Sentries","floor":6,"turns":1},{"damage":1,"enemies":"Cultist","floor":8,"turns":3},{"damage":20,"enemies":"Gremlin Nob","floor":9,"turns":4},{"damage":12,"enemies":"The Mushroom Lair","floor":11,"turns":3},{"damage":0,"enemies":"2 Louse","floor":12,"turns":1},{"damage":3,"enemies":"Exordium Thugs","floor":13,"turns":3},{"damage":3,"enemies":"Blue Slaver","floor":15,"turns":5},{"damage":31,"enemies":"downfall:Ironclad","floor":16,"turns":7},{"damage":25,"enemies":"Book of Stabbing","floor":19,"turns":6},{"damage":5,"enemies":"Chosen","floor":21,"turns":3},{"damage":51,"enemies":"Gremlin Leader","floor":23,"turns":6},{"damage":17,"enemies":"Shell Parasite","floor":25,"turns":5},{"damage":46,"enemies":"Slavers","floor":27,"turns":5},{"damage":35,"enemies":"Shelled Parasite and Fungi","floor":29,"turns":6},{"damage":0,"enemies":"downfall:FleeingMerchant","floor":30,"turns":5},{"damage":17,"enemies":"Centurion and Healer","floor":32,"turns":5},{"damage":47,"enemies":"downfall:Watcher","floor":33,"turns":4}],"seed_played":"-5440352050979968175","potions_obtained":[{"floor":6,"key":"Elixir"},{"floor":11,"key":"CultistPotion"},{"floor":12,"key":"Adrenaline Potion"},{"floor":21,"key":"Fruit Juice"},{"floor":23,"key":"Languid Potion"},{"floor":25,"key":"CultistPotion"},{"floor":32,"key":"Adrenaline Potion"}],"is_trial":false,"path_per_floor":["R","M","E","R","?","E","T","M","E","R","?","M","M","T","M","B",null,"R","E","?","M","R","E","T","M","R","E","T","M","$","?","M","B"],"character_chosen":"NECROMANCER","items_purchased":["SteamSale","Summon_Lich","Counterbalance","Life_Drain","BelialBook","Metamorphosis"],"campfire_rested":1,"item_purchase_floors":[30,30,30,30,30,30],"current_hp_per_floor":[75,75,75,75,75,80,80,80,62,80,74,78,79,79,78,71,80,80,57,57,62,62,50,50,36,89,52,52,22,24,24,46,0,0],"gold":48,"neow_bonus":"THREE_ENEMY_KILL","is_daily":false,"chose_seed":false,"campfire_upgraded":4,"win_rate":0.0,"timestamp":1607825690,"path_taken":["R","M","E","R","?","E","T","M","E","R","?","M","M","?","M","BOSS","R","E","?","M","R","E","T","M","R","E","?","M","$","?","M","BOSS"],"items_purchased_type":["Relic","Card","Relic","Card","Relic","Card"],"build_version":"2020-11-30","purchased_purges":1,"victory":false,"max_hp_per_floor":[75,75,75,75,75,80,80,80,80,80,80,80,80,80,80,80,80,80,80,80,85,85,85,85,85,95,95,95,95,95,95,95,95,95],"card_choices":[{"not_picked":[],"picked":"EpicFetus","floor":0},{"not_picked":["Negative_Energy_Sphere","Bomb"],"picked":"Blood_Wake","floor":2},{"not_picked":["Detonate_Bones","Corrupt"],"picked":"Negative_Energy_Mist","floor":3},{"not_picked":["Life_Tap","Whirlwind_of_Bones"],"picked":"Negative_Energy_Burst","floor":6},{"not_picked":["Bomb","Negative_Energy_Javelin"],"picked":"Bone_Armor","floor":8},{"not_picked":["Slay_Living","Bones_to_Steel"],"picked":"Summon_Death_Knight","floor":9},{"not_picked":["Death_March_Dance","Bomb"],"picked":"Bone_Bullets","floor":11},{"not_picked":["Violent_Necrosis","Negative_Energy_Javelin"],"picked":"Summon_Undead_Army","floor":12},{"not_picked":["Finger_Of_Death","Chill_Blood"],"picked":"Bone_Shift","floor":13},{"not_picked":["Shackles_Of_Pain","Finger_Of_Death"],"picked":"Blood_Wake","floor":15},{"not_picked":["Hellfire","Blood_Wake"],"picked":"Detonate_Bones","floor":16},{"not_picked":["Siphon_Strength+1","Blood_Curse","Corrupt"],"picked":"Vampiric_Strike+1","floor":19},{"not_picked":["Finger_Of_Death","Life_Tap","Strike_from_Beyond+1"],"picked":"Bone_Armory","floor":21},{"not_picked":["Vampiric_Strike","Toxic_Smoke_Screen+1","Scare+1"],"picked":"Uncharnel","floor":23},{"not_picked":["Negative_Energy_Sphere","Blood_for_Blood","Blood_Is_Power"],"picked":"Bone_Prison","floor":25},{"not_picked":["Negative_Energy_Javelin","Exploit","Blood_Shield+1"],"picked":"Negative_Energy_Shield","floor":27},{"not_picked":["Epidemic","Negative_Energy_Mist","Death_Coil"],"picked":"Grasp_Heart","floor":29},{"not_picked":["Bone_Bullets","Acid_Javelin","Negative_Energy_Javelin"],"picked":"Bone_Spikes+1","floor":30},{"not_picked":["Shackles_Of_Pain","Bone_Spikes","Strike_from_Beyond"],"picked":"Bone_Armory","floor":32}],"player_experience":412859,"relics_obtained":[{"floor":3,"key":"Replay:Bandana"},{"floor":6,"key":"vexMod:Dragonfruit"},{"floor":7,"key":"Vajra"},{"floor":9,"key":"GuppysPaw"},{"floor":11,"key":"Odd Mushroom"},{"floor":14,"key":"Regal Pillow"},{"floor":19,"key":"DemoMod:GundromedaStrain"},{"floor":23,"key":"AnarchistCookbook"},{"floor":27,"key":"hubris:TenFootPole"},{"floor":28,"key":"Mercury Hourglass"}],"event_choices":[{"damage_healed":0,"gold_gain":100,"player_choice":"Gold","damage_taken":0,"max_hp_gain":0,"max_hp_loss":0,"event_name":"Wheel of Change","floor":5,"gold_loss":0},{"damage_healed":0,"gold_gain":0,"player_choice":"Fought Mushrooms","damage_taken":0,"max_hp_gain":0,"max_hp_loss":0,"event_name":"Mushrooms","floor":11,"gold_loss":0},{"damage_healed":0,"gold_gain":0,"player_choice":"Read","damage_taken":0,"max_hp_gain":0,"max_hp_loss":0,"event_name":"The Library","floor":20,"gold_loss":0,"cards_obtained":["Flying Knee"]}],"is_beta":false,"boss_relics":[{"not_picked":["vexMod:DeviousBotling","Replay:Bronze Core"],"picked":"Honey Jar"},{"not_picked":[]}],"items_purged_floors":[30],"is_endless":false,"potions_floor_spawned":[6,11,12,13,15,21,23,25,32],"killed_by":"downfall:Watcher","ascension_level":2}}