{"host":"o7j6aatxjwpw1421","time":1607873845,"event":{"mods":["2.2 Compatiblity","BaseMod","Colored Map","DeckTracker","Highlight Path","Keyboard Shortcuts","Minty Spire (QoL Compilation)","Permanent Neow","Quick Restart","StSLib","SuperFastMode","everything is the same but u backflip on backflip"],"gold_per_floor":[110,185,198,198,8,8,21,52,77,96,21,21,38,38,38,115,115,127,143,154,154,11,343,343,343,343],"floor_reached":25,"playtime":1292,"items_purged":["Strike_G"],"score":387,"play_id":"b1e894eb-a1bd-49c5-920a-52176cbf2833","local_time":"20201214003725","is_ascension_mode":true,"campfire_choices":[{"data":"Neutralize","floor":6,"key":"SMITH"},{"data":"Accuracy","floor":12,"key":"SMITH"},{"data":"Phantasmal Killer","floor":15,"key":"SMITH"},{"floor":24,"key":"REST"}],"circlet_count":0,"master_deck":["AscendersBane","Strike_G+1","Strike_G","Defend_G","Defend_G","Defend_G","Defend_G","Survivor","Neutralize+1","Skewer+1","Footwork","Setup","Accuracy+1","Blade Dance","Noxious Fumes","Deadly Poison","Backstab","Escape Plan","Phantasmal Killer+1","Burst","Well Laid Plans","Reflex","Acrobatics"],"relics":["Ring of the Snake","Whetstone","Pen Nib","SlaversCollar","TwistedFunnel","Old Coin"],"acts_visited":["Exordium","TheCity"],"potions_floor_usage":[8,10,16,23,23],"damage_taken":[{"damage":5,"enemies":"Cultist","floor":1,"turns":7},{"damage":1,"enemies":"2 Louse","floor":3,"turns":3},{"damage":4,"enemies":"Jaw Worm","floor":7,"turns":4},{"damage":13,"enemies":"3 Sentries","floor":8,"turns":8},{"damage":3,"enemies":"3 Louse","floor":10,"turns":3},{"damage":0,"enemies":"Gremlin Gang","floor":13,"turns":5},{"damage":12,"enemies":"Slime Boss","floor":16,"turns":7},{"damage":11,"enemies":"Spheric Guardian","floor":18,"turns":3},{"damage":3,"enemies":"Chosen","floor":19,"turns":5},{"damage":4,"enemies":"3 Cultists","floor":20,"turns":4},{"damage":26,"enemies":"Gremlin Leader","floor":23,"turns":6},{"damage":19,"enemies":"Masked Bandits","floor":25,"turns":3}],"seed_played":"-6860012243603960587","potions_obtained":[{"floor":3,"key":"ColorlessPotion"},{"floor":7,"key":"GamblersBrew"},{"floor":8,"key":"CultistPotion"},{"floor":13,"key":"Weak Potion"},{"floor":20,"key":"Regen Potion"}],"is_trial":false,"path_per_floor":["M","?","M","?","$","R","M","E","T","M","$","R","M","?","R","B",null,"M","M","M","?","$","E","R","?"],"character_chosen":"THE_SILENT","items_purchased":["Accuracy","Blade Dance","Backstab","TwistedFunnel"],"campfire_rested":1,"item_purchase_floors":[5,5,11,22],"current_hp_per_floor":[54,43,42,42,42,42,38,25,25,22,22,22,22,22,22,10,48,37,34,30,30,30,19,37,18,18],"gold":343,"neow_bonus":"REMOVE_TWO","is_daily":false,"chose_seed":false,"campfire_upgraded":3,"win_rate":0.0,"timestamp":1607873845,"path_taken":["M","?","M","?","$","R","M","E","T","M","?","R","M","?","R","BOSS","M","?","M","?","$","E","R","?"],"items_purchased_type":["Card","Card","Card","Relic"],"build_version":"2020-11-30","purchased_purges":1,"victory":false,"max_hp_per_floor":[60,60,60,60,60,60,60,60,60,60,60,60,60,60,60,60,60,60,60,60,60,60,60,60,60,60],"card_choices":[{"not_picked":["Prepared","Deadly Poison"],"picked":"Skewer","floor":1},{"not_picked":["Acrobatics","Bane"],"picked":"Footwork","floor":3},{"not_picked":["Blur","Calculated Gamble"],"picked":"Noxious Fumes","floor":7},{"not_picked":["Quick Slash","All Out Attack"],"picked":"Deadly Poison","floor":8},{"not_picked":["Dodge and Roll","Terror","Infinite Blades"],"picked":"SKIP","floor":10},{"not_picked":["Calculated Gamble","Infinite Blades"],"picked":"Escape Plan","floor":13},{"not_picked":["Storm of Steel","After Image"],"picked":"Burst","floor":16},{"not_picked":["Escape Plan","Blade Dance"],"picked":"Well Laid Plans","floor":18},{"not_picked":["Poisoned Stab+1","Dagger Throw","Finisher"],"picked":"SKIP","floor":19},{"not_picked":["Distraction","Catalyst"],"picked":"Reflex","floor":20},{"not_picked":["Flying Knee","All Out Attack"],"picked":"Acrobatics","floor":23}],"player_experience":228498,"relics_obtained":[{"floor":8,"key":"Whetstone"},{"floor":9,"key":"Pen Nib"},{"floor":23,"key":"Old Coin"}],"event_choices":[{"damage_healed":0,"gold_gain":75,"player_choice":"Gather Gold","damage_taken":11,"max_hp_gain":0,"max_hp_loss":0,"event_name":"World of Goop","floor":2,"gold_loss":0},{"damage_healed":0,"gold_gain":0,"cards_transformed":["Strike_G"],"player_choice":"Change","damage_taken":0,"max_hp_gain":0,"max_hp_loss":0,"event_name":"Living Wall","floor":4,"gold_loss":0,"cards_obtained":["Setup"]},{"damage_healed":0,"gold_gain":0,"player_choice":"1 cards matched","damage_taken":0,"max_hp_gain":0,"max_hp_loss":0,"event_name":"Match and Keep!","floor":14,"gold_loss":0,"cards_obtained":["Phantasmal Killer"]},{"damage_healed":0,"gold_gain":0,"player_choice":"Ignored","damage_taken":0,"max_hp_gain":0,"max_hp_loss":0,"event_name":"The Mausoleum","floor":21,"gold_loss":0},{"damage_healed":0,"gold_gain":0,"player_choice":"Fought Bandits","damage_taken":0,"max_hp_gain":0,"max_hp_loss":0,"event_name":"Masked Bandits","floor":25,"gold_loss":0}],"is_beta":false,"boss_relics":[{"not_picked":["Runic Dome","Calling Bell"],"picked":"SlaversCollar"}],"items_purged_floors":[5],"is_endless":false,"potions_floor_spawned":[3,7,8,13,20],"killed_by":"Masked Bandits","ascension_level":15}}