{"host":"qljq6nt1bltq73k9","time":1607835925,"event":{"mods":["BaseMod","Colored Map","Colored Powertips","Downfall","Lobotomy","Minty Spire (QoL Compilation)","Quick Restart","Replay The Spire","StSLib"],"gold_per_floor":[99999,98978,98938,98177,98177,98177,98196,98214,98214,98230,97139,97153,96373,96390,96390,96485,96485,96498,95953,95953,95953,95953,95984,95984,95984,95984,95996,95513,95527,95452,95452,95452,95552,95652,95669,95669,95720,96050,96067,96067,96081,95760,95808,95840,95840,95605,95605,95617,95617,95617],"floor_reached":51,"playtime":2117,"items_purged":[],"score":933,"play_id":"92d5ed58-9a67-4eab-bd38-7c70b480c03e","local_time":"20201213130525","is_ascension_mode":false,"campfire_choices":[{"floor":32,"key":"REST"}],"circlet_count":0,"master_deck":["SpecialBullet","SpecialBullet","SpecialBullet","SpecialBullet","SpecialBullet","SpecialBullet","SpecialBullet","CentralCode","ExtractionCode","SecurityCode","CrimsonScar+1","BlackSwan_ego","WristCuter","Secret Technique","Regret_ego","Spore","Scarecrow","VoidDream","FourthMatchFlame+1","CherryBlossom","Adoration","SoundOfStar","expansioncontent:QuickStudy","SnowQueen","SomewhereSpear","Soda","Chrysalis","BlackSwan_ego","OSAHOGD","Heaven","DaCapo","Ecstasy+1","Spore+1","Magnetism+1","Christmas+1","FourthMatchFlame+1","InformationCode","LongBird","Lamp+2","BodiesMountain","WristCuter","Soda+1","expansioncontent:StudyTheSpire+1","CherryBlossoms","Christmas+1","RitualDagger","DaCapo+1","GrinderMk4+1","Mercenary","WristCuter+1","TodaysExpression+1","Harvest","Spore+1","FieryBird","Mimicry+1","GreedKing","TrainingCode"],"relics":["CogitoBucket","RabbitCall","NeowsBlessing","Mirror","Bird Faced Urn","Chemical X","Bag of Marbles","Medical Kit","Replay:Bottled Snecko","Replay:Arrowhead","Ice Cream","OrangePellets","Whetstone","Juzu Bracelet","ReplayTheSpireMod:Shallot","DollysMirror","ReplayTheSpireMod:DimensionalGlitch","Membership Card","Golden Egg","Replay:Mystery Machine","Mercury Hourglass","Nloth\u0027s Gift","MawBank","Unceasing Top","Frozen Egg 2","HandDrill","SkinProphecy","Replay:Wanted Poster","Replay:PocketPolymizer","Old Coin","AspirationHeart","AtMidnight","Eternal Feather","Chameleon Ring","Strange Spoon","Replay:Wax Seal","Bronze Scales","Replay:Baseball","Sling"],"acts_visited":["Exordium","TheCity","TheBeyond"],"potions_floor_usage":[3,16,29,29,29,29,33,50,51,51],"damage_taken":[{"damage":0,"enemies":"2 Louse","floor":1,"turns":1},{"damage":0,"enemies":"Cultist","floor":7,"turns":1},{"damage":0,"enemies":"Small Slimes","floor":8,"turns":1},{"damage":0,"enemies":"3 Louse","floor":10,"turns":2},{"damage":0,"enemies":"2 Fungi Beasts","floor":12,"turns":2},{"damage":0,"enemies":"Lots of Slimes","floor":14,"turns":1},{"damage":33,"enemies":"The Guardian","floor":16,"turns":7},{"damage":28,"enemies":"Shell Parasite","floor":18,"turns":4},{"damage":0,"enemies":"3 Byrds","floor":20,"turns":1},{"damage":21,"enemies":"Snecko","floor":22,"turns":4},{"damage":48,"enemies":"Book of Stabbing","floor":23,"turns":5},{"damage":58,"enemies":"Snake Plant","floor":29,"turns":4},{"damage":30,"enemies":"Collector","floor":33,"turns":5},{"damage":46,"enemies":"3 Shapes","floor":35,"turns":4},{"damage":54,"enemies":"2 Orb Walkers","floor":37,"turns":4},{"damage":10,"enemies":"Orb Walker","floor":39,"turns":2},{"damage":56,"enemies":"Transient","floor":41,"turns":5},{"damage":0,"enemies":"Reptomancer","floor":44,"turns":4},{"damage":29,"enemies":"Spire Growth","floor":48,"turns":5},{"damage":11,"enemies":"Awakened One","floor":50,"turns":3},{"damage":30,"enemies":"Malkuth","floor":51,"turns":9},{"damage":115,"enemies":"Yesod","floor":51,"turns":5}],"seed_played":"5886695616920276715","potions_obtained":[{"floor":1,"key":"LifebloodPotion"},{"floor":3,"key":"Fruit Juice"},{"floor":3,"key":"DuplicationPotion"},{"floor":33,"key":"Cursed Concoction"},{"floor":39,"key":"Venom Potion"}],"is_trial":false,"path_per_floor":["M","$","?","$","?","R","M","M","T","M","$","M","$","M","R","B",null,"M","$","M","?","M","E","?","?","T","R","$","M","?","?","R","B",null,"M","?","?","?","M","R","M","$","T","E","R","$","?","M","R_BF","B",null],"character_chosen":"Angela","items_purchased":["Mirror","Bird Faced Urn","Chemical X","Regret_ego","BlackSwan_ego","WristCuter","EntropicBrew","LiquidBronze","Bag of Marbles","Medical Kit","Replay:Bottled Snecko","Secret Technique","Regret_ego","Ice Cream","OrangePellets","CherryBlossom","Adoration","SoundOfStar","expansioncontent:QuickStudy","Whetstone","Juzu Bracelet","ReplayTheSpireMod:Shallot","Soda","Chrysalis","DollysMirror","Membership Card","Golden Egg","Replay:Mystery Machine","Magnetism","Christmas","LifebloodPotion","FourthMatchFlame","Unceasing Top","Frozen Egg 2","HandDrill","Soda+1","expansioncontent:StudyTheSpire+1","DistilledChaos","Eternal Feather","Chameleon Ring","Strange Spoon","Replay:Baseball","Sling","Mimicry+1"],"campfire_rested":1,"item_purchase_floors":[2,2,2,2,2,2,2,2,4,4,4,4,4,11,11,11,11,11,11,11,13,13,13,13,13,19,19,19,19,19,19,19,28,28,28,28,28,28,42,42,42,46,46,46],"current_hp_per_floor":[70,70,75,75,75,75,75,75,75,75,75,75,75,85,85,75,85,67,67,79,79,73,50,50,34,34,34,34,33,33,27,54,65,92,85,85,77,77,76,76,51,51,51,92,122,122,122,128,128,132],"gold":95617,"neow_bonus":"THREE_ENEMY_KILL","is_daily":false,"chose_seed":false,"campfire_upgraded":0,"win_rate":0.0,"timestamp":1607835925,"path_taken":["M","$","?","?","?","R","M","M","T","M","$","M","$","M","R","BOSS","M","$","M","?","M","E","?","?","T","R","$","M","?","?","R","BOSS","M","?","?","?","M","R","M","$","T","E","R","$","?","M","R_BF","BOSS"],"items_purchased_type":["Relic","Relic","Relic","Card","Card","Card","Potion","Potion","Relic","Relic","Relic","Card","Card","Relic","Relic","Card","Card","Card","Card","Relic","Relic","Relic","Card","Card","Relic","Relic","Relic","Relic","Card","Card","Potion","Card","Relic","Relic","Relic","Card","Card","Potion","Relic","Relic","Relic","Relic","Relic","Card"],"build_version":"2020-11-30","purchased_purges":0,"victory":true,"max_hp_per_floor":[70,70,75,75,75,75,75,75,75,75,75,75,75,85,85,85,85,85,85,85,85,85,85,85,90,90,90,90,90,90,90,90,92,92,94,94,100,100,102,102,116,116,116,122,122,122,122,128,128,132],"card_choices":[{"not_picked":["Hypocrisy"],"picked":"CrimsonScar","floor":1},{"not_picked":["Penitence","LifeForTheDareDevil"],"picked":"Spore","floor":7},{"not_picked":["BeautyBeast","Scorched"],"picked":"Scarecrow","floor":8},{"not_picked":["Lantern","Loneliness","Penitence"],"picked":"SKIP","floor":8},{"not_picked":["WallGazer","FairyFestival"],"picked":"VoidDream","floor":10},{"not_picked":["FeatherOfHonor","FrostShard"],"picked":"FourthMatchFlame","floor":10},{"not_picked":["DespairKnight","Bloodbath"],"picked":"SnowQueen","floor":12},{"not_picked":["Harmony","Diffraction"],"picked":"SomewhereSpear","floor":12},{"not_picked":["Porccubus","BigBadWolf"],"picked":"OSAHOGD","floor":14},{"not_picked":["FrostShard","Horn"],"picked":"Heaven","floor":14},{"not_picked":["Funeral","Murderer","Scorched"],"picked":"Singing Bowl","floor":16},{"not_picked":["Twilight","Adoration"],"picked":"DaCapo","floor":16},{"not_picked":["SomewhereSpear","Laetitia_ego+1"],"picked":"Ecstasy+1","floor":18},{"not_picked":["CherryBlossoms","HeroicMonk","BlackSwan"],"picked":"Singing Bowl","floor":18},{"not_picked":["Amita","Noise"],"picked":"Spore+1","floor":18},{"not_picked":["Funeral","NakedNest","PunishingBird"],"picked":"Singing Bowl","floor":20},{"not_picked":["Laetitia_ego","RapturousDream","TodaysExpression"],"picked":"SKIP","floor":20},{"not_picked":["PunishingBird","BeautyBeast","GalaxyChild"],"picked":"Singing Bowl","floor":22},{"not_picked":["Bloodbath","FairyFestival"],"picked":"LongBird","floor":22},{"not_picked":["SoundOfStar","BlackSwan_ego"],"picked":"Lamp","floor":22},{"not_picked":["Scorched","GreedKing","CherryBlossoms"],"picked":"Singing Bowl","floor":23},{"not_picked":["LittleHelper","OldLady"],"picked":"BodiesMountain","floor":23},{"not_picked":["Loneliness+1","Beak"],"picked":"WristCuter","floor":23},{"not_picked":["Murderer","Freischutz"],"picked":"CherryBlossoms","floor":29},{"not_picked":["Regret_ego+1","Lantern"],"picked":"Christmas+1","floor":29},{"not_picked":["Pinks","Justitia"],"picked":"DaCapo","floor":33},{"not_picked":["NakedNest","Bloodbath","Funeral"],"picked":"Singing Bowl","floor":33},{"not_picked":["GalaxyChild","Yin","WhitesApple"],"picked":"Singing Bowl","floor":35},{"not_picked":["Hornet","RapturousDream"],"picked":"GrinderMk4+1","floor":35},{"not_picked":["BigBadWolf","GalaxyChild"],"picked":"Mercenary","floor":37},{"not_picked":["Beak","Lantern+1"],"picked":"WristCuter+1","floor":37},{"not_picked":["InTheNameOfLoveAndHate","Beak"],"picked":"TodaysExpression+1","floor":39},{"not_picked":["Bloodbath","PunishingBird","SpiderBud"],"picked":"Singing Bowl","floor":39},{"not_picked":["GreedKing","HappyTeddy","QueenBee"],"picked":"Singing Bowl","floor":41},{"not_picked":["MagicBullet+1","Horn"],"picked":"Spore+1","floor":41},{"not_picked":["Bloodbath","BlackArmy"],"picked":"FieryBird","floor":44},{"not_picked":["Beak","Heaven","Horn"],"picked":"SKIP","floor":44},{"not_picked":["CENSORED","Porccubus","HappyTeddy"],"picked":"Singing Bowl","floor":48},{"not_picked":["BlackArmy","Funeral"],"picked":"GreedKing","floor":48},{"not_picked":["Soda+1","RapturousDream+1","Pleasure+1"],"picked":"SKIP","floor":48}],"player_experience":369858,"relics_obtained":[{"floor":9,"key":"Replay:Arrowhead"},{"floor":23,"key":"Mercury Hourglass"},{"floor":26,"key":"MawBank"},{"floor":37,"key":"Replay:PocketPolymizer"},{"floor":38,"key":"Old Coin"},{"floor":41,"key":"AtMidnight"},{"floor":43,"key":"Replay:Wax Seal"},{"floor":44,"key":"Bronze Scales"}],"event_choices":[{"damage_healed":0,"gold_gain":0,"player_choice":"Bought 3 Potions","damage_taken":0,"max_hp_gain":0,"max_hp_loss":0,"event_name":"The Woman in Blue","floor":3,"gold_loss":0},{"damage_healed":0,"gold_gain":0,"cards_transformed":["Regret_ego"],"player_choice":"Change","damage_taken":0,"max_hp_gain":0,"max_hp_loss":0,"event_name":"Living Wall","floor":5,"gold_loss":0,"cards_obtained":["RedEyes"]},{"damage_healed":0,"gold_gain":0,"player_choice":"Ignored","damage_taken":0,"max_hp_gain":0,"max_hp_loss":0,"event_name":"Vampires","floor":21,"gold_loss":0},{"damage_healed":0,"gold_gain":0,"player_choice":"Traded Relic","damage_taken":0,"relics_obtained":["Nloth\u0027s Gift"],"max_hp_gain":0,"max_hp_loss":0,"event_name":"N\u0027loth","floor":24,"relics_lost":["AspirationHeart"],"gold_loss":0},{"damage_healed":0,"gold_gain":0,"player_choice":"Shed Blood","damage_taken":21,"max_hp_gain":5,"max_hp_loss":0,"event_name":"Forgotten Altar","floor":25,"gold_loss":0},{"cards_removed":["SpecialBullet"],"damage_healed":0,"gold_gain":0,"player_choice":"Gave Gold","damage_taken":0,"max_hp_gain":0,"max_hp_loss":0,"event_name":"Beggar","floor":30,"gold_loss":75},{"damage_healed":0,"gold_gain":0,"player_choice":"Joined the Cult","damage_taken":6,"max_hp_gain":0,"max_hp_loss":0,"event_name":"Nest","floor":31,"gold_loss":0,"cards_obtained":["RitualDagger"]},{"damage_healed":0,"gold_gain":0,"player_choice":"Ignored","damage_taken":0,"max_hp_gain":0,"max_hp_loss":0,"event_name":"Tomb of Lord Red Mask","floor":36,"gold_loss":0},{"damage_healed":0,"gold_gain":0,"player_choice":"Fight","damage_taken":0,"max_hp_gain":0,"max_hp_loss":0,"event_name":"Mysterious Sphere","floor":37,"gold_loss":0},{"damage_healed":0,"gold_gain":0,"player_choice":"Full Heal","damage_taken":0,"max_hp_gain":0,"max_hp_loss":0,"event_name":"Wheel of Change","floor":47,"gold_loss":0}],"is_beta":false,"boss_relics":[{"not_picked":["Ring of Chaos","SacredBark"],"picked":"ReplayTheSpireMod:DimensionalGlitch"},{"not_picked":["Coffee Dripper","sneckomod:SneckoTalon"],"picked":"Replay:Wanted Poster"}],"items_purged_floors":[],"is_endless":false,"potions_floor_spawned":[1,12,20,33,39,48],"ascension_level":0}}