{"host":"ehwj6oc29l3x8nvc","time":1607824436,"event":{"mods":["BaseMod","BetterRewards","Colored Map","Colored Powertips","Minty Spire (QoL Compilation)","StSLib","Transform Curses"],"gold_per_floor":[218,168,168,181,181,181,197,221,221,221,25,59,59,71,71,174,174,187,187,187,204,84,84,84,84],"floor_reached":24,"playtime":1554,"items_purged":["True Grit"],"score":192,"play_id":"668e775c-cf02-4e4a-b455-91649cf431c9","local_time":"20201212185356","is_ascension_mode":false,"campfire_choices":[{"floor":6,"key":"REST"},{"floor":10,"key":"REST"},{"floor":15,"key":"REST"},{"floor":23,"key":"REST"}],"circlet_count":0,"master_deck":["Strike_R","Strike_R","Strike_R","Strike_R+1","Defend_R","Defend_R","Defend_R","Defend_R","Bash","Body Slam+1","Body Slam","Seeing Red","Shrug It Off","Metallicize","Cleave","Dual Wield","Thunderclap","Feed","Metallicize","Impervious","Ghostly Armor","Armaments"],"relics":["Burning Blood","Odd Mushroom","Pen Nib","Orrery","Bag of Marbles","SacredBark","Shuriken"],"acts_visited":["Exordium","TheCity"],"potions_floor_usage":[7,12,16],"damage_taken":[{"damage":5,"enemies":"2 Louse","floor":1,"turns":3},{"damage":1,"enemies":"Small Slimes","floor":4,"turns":4},{"damage":2,"enemies":"Cultist","floor":7,"turns":4},{"damage":43,"enemies":"The Mushroom Lair","floor":8,"turns":5},{"damage":13,"enemies":"Lagavulin","floor":12,"turns":6},{"damage":6,"enemies":"Exordium Wildlife","floor":14,"turns":3},{"damage":29,"enemies":"Hexaghost","floor":16,"turns":13},{"damage":21,"enemies":"3 Byrds","floor":18,"turns":7},{"damage":33,"enemies":"Spheric Guardian","floor":21,"turns":9},{"damage":55,"enemies":"Cultist and Chosen","floor":24,"turns":6}],"seed_played":"8877361703382771861","potions_obtained":[{"floor":4,"key":"BlessingOfTheForge"},{"floor":8,"key":"PowerPotion"},{"floor":14,"key":"FearPotion"}],"is_trial":false,"path_per_floor":["M","?","?","M","?","R","M","?","T","R","$","E","$","M","R","B",null,"M","?","T","M","$","R","M"],"character_chosen":"IRONCLAD","items_purchased":["Shrug It Off","Orrery","Armaments"],"campfire_rested":4,"item_purchase_floors":[11,11,22],"current_hp_per_floor":[80,80,64,69,69,80,80,43,43,67,67,60,60,60,80,57,80,68,52,52,28,28,55,0,0],"gold":84,"neow_bonus":"HUNDRED_GOLD","is_daily":false,"chose_seed":false,"campfire_upgraded":0,"win_rate":0.0,"timestamp":1607824436,"path_taken":["M","?","?","M","?","R","M","?","T","R","$","E","?","M","R","BOSS","M","?","?","M","$","R","M"],"items_purchased_type":["Card","Relic","Card"],"build_version":"2020-11-30","purchased_purges":1,"victory":false,"max_hp_per_floor":[80,80,80,80,80,80,80,80,80,80,80,80,80,80,80,80,80,83,88,88,91,91,91,91,91],"card_choices":[{"not_picked":["Uppercut","Headbutt"],"picked":"Body Slam","floor":1},{"not_picked":["Heavy Blade","Sword Boomerang","Searing Blow"],"picked":"SKIP","floor":4},{"not_picked":["Second Wind","Blood for Blood"],"picked":"Body Slam","floor":7},{"not_picked":["Warcry","Sword Boomerang"],"picked":"Seeing Red","floor":8},{"not_picked":["Iron Wave","Anger"],"picked":"Metallicize","floor":11},{"not_picked":["Flex","Clash"],"picked":"True Grit","floor":11},{"not_picked":["Burning Pact","Heavy Blade"],"picked":"Cleave","floor":11},{"not_picked":["Rampage","Intimidate"],"picked":"Dual Wield","floor":11},{"not_picked":["Sword Boomerang","Clothesline"],"picked":"Thunderclap","floor":11},{"not_picked":["Heavy Blade","Warcry"],"picked":"Feed","floor":12},{"not_picked":["Clothesline","Blood for Blood"],"picked":"Metallicize","floor":14},{"not_picked":["Corruption","Brutality"],"picked":"Impervious","floor":16},{"not_picked":["Feel No Pain","Thunderclap+1"],"picked":"Ghostly Armor","floor":18},{"not_picked":["Anger","Twin Strike","Hemokinesis"],"picked":"SKIP","floor":21}],"player_experience":17764,"relics_obtained":[{"floor":8,"key":"Odd Mushroom"},{"floor":9,"key":"Pen Nib"},{"floor":12,"key":"Bag of Marbles"},{"floor":20,"key":"Shuriken"}],"event_choices":[{"cards_removed":["Strike_R"],"damage_healed":0,"gold_gain":0,"player_choice":"Card Removal","damage_taken":0,"max_hp_gain":0,"max_hp_loss":0,"event_name":"The Cleric","floor":2,"gold_loss":50},{"damage_healed":0,"gold_gain":0,"player_choice":"Entered Light","damage_taken":16,"max_hp_gain":0,"max_hp_loss":0,"event_name":"Shining Light","floor":3,"gold_loss":0,"cards_upgraded":["Strike_R","Body Slam"]},{"damage_healed":0,"gold_gain":0,"player_choice":"Ignored","damage_taken":0,"max_hp_gain":0,"max_hp_loss":0,"event_name":"Liars Game","floor":5,"gold_loss":0},{"damage_healed":0,"gold_gain":0,"player_choice":"Fought Mushrooms","damage_taken":0,"max_hp_gain":0,"max_hp_loss":0,"event_name":"Mushrooms","floor":8,"gold_loss":0},{"damage_healed":0,"gold_gain":0,"player_choice":"Shed Blood","damage_taken":21,"max_hp_gain":5,"max_hp_loss":0,"event_name":"Forgotten Altar","floor":19,"gold_loss":0}],"is_beta":false,"boss_relics":[{"not_picked":["Mark of Pain","SlaversCollar"],"picked":"SacredBark"}],"items_purged_floors":[22],"is_endless":false,"potions_floor_spawned":[4,8,14],"killed_by":"Cultist and Chosen","ascension_level":0}}