{"host":"61ejhfsushs0xmcl","time":1607858842,"event":{"mods":["Act Like it!","BaseMod","Colored Map","Gold Saver","Marisa£¨ìFÓê¡¡Ä§ÀíÉ³£©","Minty Spire (QoL Compilation)","MostiFishMod","Replay The Spire","Robot Space Explorer","Spicy Shops","StSLib","TestMod","The Alterego","The Dragon Tamer","Waifu the Spire","óô»ðÖ¸ÄÏ"],"gold_per_floor":[1755,1767,1329,1329,1343,1363,1379,1392,1392,1422,1440,952,952,952,512,615,615,633,650,746,399,435,478,478,512,586,647,696,326,326,381,381,549,649,681,718,718,434,487,558,635,635,635,657,702,736,791,876,876,956,956,956,627,669,703],"floor_reached":56,"playtime":2391,"items_purged":["Doubt","alterego_mod:Defend","alterego_mod:Defend","Decay","alterego_mod:Strike","alterego_mod:Strike","alterego_mod:Impale","alterego_mod:BrynhildrsRune+1"],"score":1449,"play_id":"0ce90615-f2d0-44c7-8c33-a13c718d3757","local_time":"20201213192722","is_ascension_mode":false,"campfire_choices":[{"data":"alterego_mod:TrashNCrash","floor":13.0,"key":"SMITH"},{"data":"alterego_mod:BigMeatyClaws","floor":24,"key":"SMITH"},{"floor":30,"key":"RECALL"},{"data":"alterego_mod:GachaTicket","floor":32,"key":"SMITH"},{"data":"alterego_mod:Palingenesis+1","floor":49,"key":"SMITH"},{"data":"alterego_mod:Palingenesis+2","floor":52,"key":"SMITH"}],"circlet_count":0,"master_deck":["alterego_mod:Defend","alterego_mod:Defend","alterego_mod:BigMeatyClaws+1","alterego_mod:GachaTicket+1","Pot Of Greed+1","MostiFishMod:BrokenBlackCloak+1","Pot Of Greed+1","MostiFishMod:ButterFly","alterego_mod:Santa+1","alterego_mod:Bunnysuit+1","alterego_mod:TrashNCrash+1","alterego_mod:Tantrum+1","alterego_mod:GIGAMILK+1","alterego_mod:SakuraFive","alterego_mod:MaintainEyeContact+1","alterego_mod:Nekomimi+1","alterego_mod:Venus+1","alterego_mod:Birthday+1","Pot Of Greed+1","alterego_mod:Rip+1","alterego_mod:Palingenesis+3","alterego_mod:Cushion+1"],"relics":["alterego_mod:MasochisticConstitution","testmod-TestBox","DaveBox","NeowsBlessing","testmod-ObsoleteBoomerang","Old Coin","Question Card","BrkXgEgg","Grinning Jar","ReplayTheSpireMod:ShopPack","The Courier","Iron Hammer","Gremlin Horn","Toxic Egg 2","War Paint","ImportantClient","testmod-Fanaticism","Replay:Bandana","Chemical X","Technique","Unceasing Top","Shuriken","Replay:Multitool","Lantern","FossilizedHelix","Replay:Wanted Poster","BargainBundle","Replay:Wax Seal","CeramicFish","Boot","testmod-ArcanaOfDestiny","Omamori","Pen Nib","testmod-IndustrialRevolution","Anchor","OrangePellets","Akabeko"],"acts_visited":["Exordium","TheCity","TheBeyond","TheEnding"],"potions_floor_usage":[38,55,55],"damage_taken":[{"damage":11.0,"enemies":"Jaw Worm","floor":1.0,"turns":2.0},{"damage":6.0,"enemies":"Cultist","floor":2.0,"turns":3.0},{"damage":1.0,"enemies":"2 Louse","floor":5.0,"turns":2.0},{"damage":9.0,"enemies":"Blue Slaver","floor":6.0,"turns":2.0},{"damage":10.0,"enemies":"Lots of Slimes","floor":7.0,"turns":4.0},{"damage":8.0,"enemies":"Gremlin Gang","floor":8.0,"turns":2.0},{"damage":0.0,"enemies":"Gremlin Nob","floor":10.0,"turns":2.0},{"damage":7.0,"enemies":"3 Louse","floor":11.0,"turns":5.0},{"damage":30.0,"enemies":"The Guardian","floor":16.0,"turns":4.0},{"damage":40,"enemies":"2 Thieves","floor":18,"turns":2},{"damage":20,"enemies":"Shell Parasite","floor":19,"turns":2},{"damage":20,"enemies":"Chosen and Byrds","floor":22,"turns":2},{"damage":0,"enemies":"Book of Stabbing","floor":23,"turns":1},{"damage":0,"enemies":"Centurion and Healer","floor":25,"turns":2},{"damage":0,"enemies":"Gremlin Leader","floor":27,"turns":1},{"damage":12,"enemies":"Snecko","floor":28,"turns":3},{"damage":0,"enemies":"Book of Stabbing","floor":31,"turns":1},{"damage":0,"enemies":"Automaton","floor":33,"turns":2},{"damage":0,"enemies":"3 Shapes","floor":35,"turns":1},{"damage":34,"enemies":"3 Darklings","floor":36,"turns":2},{"damage":0,"enemies":"Reptomancer","floor":41,"turns":1},{"damage":0,"enemies":"Spire Growth","floor":44,"turns":2},{"damage":0,"enemies":"R_Hoarder","floor":45,"turns":2},{"damage":0,"enemies":"4 Shapes","floor":46,"turns":1},{"damage":0,"enemies":"Nemesis","floor":47,"turns":1},{"damage":0,"enemies":"Transient","floor":48,"turns":2},{"damage":0,"enemies":"Replay:Hell Engine","floor":50,"turns":1},{"damage":20,"enemies":"Shield and Spear","floor":54,"turns":2},{"damage":13,"enemies":"The Heart","floor":55,"turns":2}],"seed_played":"-4305283698870505834","potions_obtained":[{"floor":5.0,"key":"Venom Potion"},{"floor":6.0,"key":"Dexterity Potion"},{"floor":8.0,"key":"BlessingOfTheForge"},{"floor":33,"key":"Elixir"},{"floor":36,"key":"Adrenaline Potion"},{"floor":42,"key":"Strength Potion"},{"floor":47,"key":"EssenceOfSteel"},{"floor":48,"key":"DuplicationPotion"}],"is_trial":false,"path_per_floor":["M","M","$","?","M","M","M","M","T","E","M","$","R","?","R","B",null,"M","M","?","$","M","E","R","M","T","E","M","$","R","E","R","B",null,"M","M","?","$","T","R","E","?","T","M","E","M","E","M","R","B",null,"R","$","E","B",null],"character_chosen":"The_Alterego","items_purchased":["BrkXgEgg","Grinning Jar","ReplayTheSpireMod:ShopPack","Gremlin Horn","Toxic Egg 2","War Paint","alterego_mod:Tantrum+1","Chemical X","Technique","Replay:Multitool","Lantern","BargainBundle","Replay:Wax Seal","testmod-SpacePotion","EntropicBrew","testmod-IndustrialRevolution","Anchor","alterego_mod:Cushion+1","OrangePellets"],"campfire_rested":0,"item_purchase_floors":[3,3,3,12,12,15,15,21,21,29,29,38,38,38,38,53,53,53,53],"current_hp_per_floor":[60,62,62,62,62,58,60,61,61,65,77,77,77,77,77,48,78,73,73,53,53,58,81,81,81,81,81,73,73,73,73,73,81,82,82,83,83,83,83,83,83,83,83,83,83,83,83,83,83,83,83,83,83,84,84],"gold":703,"neow_bonus":"THREE_ENEMY_KILL","is_daily":false,"chose_seed":false,"campfire_upgraded":5,"win_rate":0.0,"timestamp":1607858842,"path_taken":["M","M","$","?","M","M","M","M","T","E","M","$","R","?","R","BOSS","M","M","?","$","?","E","R","M","T","E","M","$","R","E","R","BOSS","M","M","?","$","?","R","E","?","T","M","E","M","E","?","R","BOSS","R","$","E","BOSS"],"items_purchased_type":["Relic","Relic","Relic","Relic","Relic","Relic","Card","Relic","Relic","Relic","Relic","Relic","Relic","Potion","Potion","Relic","Relic","Card","Relic"],"build_version":"2020-11-30","purchased_purges":8,"victory":true,"max_hp_per_floor":[71,72,72,72,73,74,75,76,76,76,77,77,77,77,77,78,78,79,80,80,80,81,81,81,81,81,81,82,82,82,82,82,82,82,82,83,83,83,83,83,83,83,83,83,83,83,83,83,83,83,83,83,83,84,85],"card_choices":[{"not_picked":["alterego_mod:BiFurious","alterego_mod:GoddessCore"],"picked":"alterego_mod:GachaTicket","floor":1.0},{"not_picked":["alterego_mod:Cycle","alterego_mod:Collar","alterego_mod:Rip","alterego_mod:Maid"],"picked":"SKIP","floor":2.0},{"not_picked":["MostiFishMod:OneDayCity","Panache","testmod-Librarian"],"picked":"MostiFishMod:BrokenBlackCloak","floor":3.0},{"not_picked":["Jack Of All Trades","MostiFishMod:JungleRules","Enlightenment"],"picked":"MostiFishMod:ButterFly","floor":3.0},{"not_picked":["alterego_mod:1TonWallop","alterego_mod:Stockings","alterego_mod:Punishment","alterego_mod:PerceptionDisorder"],"picked":"SKIP","floor":5.0},{"not_picked":["alterego_mod:Exercise","alterego_mod:Santa","alterego_mod:BustOut"],"picked":"alterego_mod:Bunnysuit","floor":6.0},{"not_picked":["alterego_mod:Table","alterego_mod:Undulate","alterego_mod:RidiculouslyBig","alterego_mod:Crossover"],"picked":"SKIP","floor":7.0},{"not_picked":["alterego_mod:Rip","alterego_mod:DiscoLights","alterego_mod:BiFurious","alterego_mod:Clones"],"picked":"SKIP","floor":8.0},{"not_picked":["alterego_mod:MagicResistance","alterego_mod:HighServant","alterego_mod:Collar","alterego_mod:SakuraPetals"],"picked":"SKIP","floor":10.0},{"not_picked":["alterego_mod:Cycle","alterego_mod:Jiggle","alterego_mod:Cooking"],"picked":"alterego_mod:TrashNCrash","floor":11.0},{"not_picked":["alterego_mod:Alter+1","alterego_mod:TrickOrTreatment+1","alterego_mod:InsideBaseball+1"],"picked":"alterego_mod:GIGAMILK+1","floor":16.0},{"not_picked":["alterego_mod:Schoolgirl+1","alterego_mod:Santa+1","alterego_mod:TrashNCrash+1"],"picked":"alterego_mod:SakuraFive","floor":18},{"not_picked":["alterego_mod:BiFurious","alterego_mod:Cycle+1","alterego_mod:Complex","alterego_mod:BoobPocket+1"],"picked":"SKIP","floor":19},{"not_picked":["alterego_mod:Lingerie+1","alterego_mod:Exercise","alterego_mod:Skirt+1"],"picked":"alterego_mod:MaintainEyeContact+1","floor":22},{"not_picked":["alterego_mod:MagicResistance+1","alterego_mod:DiscoLights","alterego_mod:DustData+1"],"picked":"alterego_mod:Nekomimi+1","floor":23},{"not_picked":["alterego_mod:TrashNCrash+1","alterego_mod:Clones+1","alterego_mod:BiFurious","alterego_mod:SakuraFive"],"picked":"SKIP","floor":25},{"not_picked":["alterego_mod:Birthday+1","alterego_mod:Maid+1","alterego_mod:TrashNCrash+1"],"picked":"alterego_mod:Venus+1","floor":27},{"not_picked":["alterego_mod:Skirt","alterego_mod:TrashNCrash+1","alterego_mod:Exercise","alterego_mod:PurpleHair+1"],"picked":"SKIP","floor":28},{"not_picked":["alterego_mod:ChallengeComplete","alterego_mod:PresenceConcealment","alterego_mod:Bounce","alterego_mod:Valentines+1"],"picked":"SKIP","floor":31},{"not_picked":["alterego_mod:DeftHands+1","alterego_mod:Punishment+1","alterego_mod:1TonWallop"],"picked":"alterego_mod:Birthday+1","floor":35},{"not_picked":["alterego_mod:SakuraFive","alterego_mod:Complex+1","alterego_mod:DiscoLights+1","alterego_mod:Mirror+1"],"picked":"SKIP","floor":36},{"not_picked":["alterego_mod:Venus+1","alterego_mod:MagicResistance+1","alterego_mod:Birthday+1","alterego_mod:HighServant+1"],"picked":"SKIP","floor":41},{"not_picked":["alterego_mod:Crossover+1","alterego_mod:Clap+1","alterego_mod:Pet+1","alterego_mod:Undulate+1"],"picked":"SKIP","floor":44},{"not_picked":["alterego_mod:TrashNCrash+1","alterego_mod:Birthday+1","alterego_mod:1TonWallop+1"],"picked":"alterego_mod:Rip+1","floor":45},{"not_picked":["alterego_mod:BeGentle+1","alterego_mod:GoddessCore","alterego_mod:Jiggle+1","alterego_mod:Undulate+1"],"picked":"SKIP","floor":46},{"not_picked":["alterego_mod:HighServant+1","alterego_mod:Bunnysuit+1","alterego_mod:Jiggle+1","alterego_mod:Nekomimi"],"picked":"SKIP","floor":47},{"not_picked":["alterego_mod:Jiggle+1","alterego_mod:SuperDuperMasochism+1","alterego_mod:DustData+1"],"picked":"alterego_mod:Palingenesis+1","floor":48},{"not_picked":["alterego_mod:SideboobHour+1","alterego_mod:STier+1","alterego_mod:DustData+1","alterego_mod:Undulate+1"],"picked":"SKIP","floor":54}],"player_experience":791534,"relics_obtained":[{"floor":1.0,"key":"Question Card"},{"floor":9.0,"key":"The Courier"},{"floor":10.0,"key":"Iron Hammer"},{"floor":16.0,"key":"ImportantClient"},{"floor":20,"key":"Replay:Bandana"},{"floor":23,"key":"Unceasing Top"},{"floor":27,"key":"Shuriken"},{"floor":31,"key":"FossilizedHelix"},{"floor":39,"key":"CeramicFish"},{"floor":41,"key":"Boot"},{"floor":43,"key":"testmod-ArcanaOfDestiny"},{"floor":45,"key":"Omamori"},{"floor":47,"key":"Pen Nib"},{"floor":54,"key":"Akabeko"}],"event_choices":[{"damage_healed":0.0,"max_hp_gain":0.0,"max_hp_loss":0.0,"gold_gain":0.0,"event_name":"Wheel of Change","player_choice":"Cursed","floor":14.0,"gold_loss":0.0,"damage_taken":0.0,"cards_obtained":["Decay"]},{"cards_removed":["alterego_mod:Strike"],"damage_healed":0,"gold_gain":0,"player_choice":"Purged","damage_taken":0,"max_hp_gain":0,"max_hp_loss":0,"event_name":"Purifier","floor":37,"gold_loss":0},{"damage_healed":0,"gold_gain":0,"player_choice":"Got Potions","damage_taken":0,"max_hp_gain":0,"max_hp_loss":0,"event_name":"Lab","floor":42,"gold_loss":0}],"is_beta":false,"boss_relics":[{"not_picked":["NightmareShop","Replay:Ancient Bell"],"picked":"testmod-Fanaticism"},{"not_picked":["EE1DDrone","FeatherPendant"],"picked":"Replay:Wanted Poster"}],"items_purged_floors":[3,3,12,15,15,21,29,38],"is_endless":false,"potions_floor_spawned":[5,6,8,16,22,27,31,33,36,47,48,54],"ascension_level":0}}