{"host":"2a1jp7fcxdmpg8w5","time":1607896273,"event":{"mods":["Aspiration","BaseMod","Better Altar","Better Match","Better Note","Better Skull","Better Third Choice","Better Vampires","BetterRewards","Colored Map","Colored Powertips","Conspire","DeckTracker","Downfall","Energized Spire","Halation","Hermit","Highlight Path","Hubris","Infinite Spire","JesterMod","Jorbs\u0027s Wanderer Trilogy","Marked Mod","Melee Mod","Minty Spire (QoL Compilation)","Potionbrewer","Quick Restart","Random Character Button","Rare Cards Sparkle","Relic Sorter","Relic Stats","Replay The Spire","Robot Space Explorer","Small Relic Pack","Spicy Shops","Spire Birthday Party","StSLib","Synergy Search","The Cursed","The Disciple","The Factory","The Jungle","The Kombatant","The Runesmith","TheVacant"],"gold_per_floor":[118,118,138,154,154,172,191,209,262,262,297,297,333,351,351,351,351],"floor_reached":16,"playtime":1171,"items_purged":[],"score":114,"play_id":"c8f4d417-7603-403a-9904-397748552812","local_time":"20201213215113","is_ascension_mode":false,"campfire_choices":[{"floor":15,"key":"DIG"}],"circlet_count":0,"master_deck":["hermit:Strike_Hermit","hermit:Strike_Hermit","hermit:Strike_Hermit","hermit:Strike_Hermit","hermit:Defend_Hermit","hermit:Defend_Hermit","hermit:Defend_Hermit","hermit:Defend_Hermit","hermit:Snapshot","hermit:Covet","hermit:TrackingShot","hermit:TrackingShot","hermit:NoHoldsBarred","Writhe","hermit:Feint","hermit:PistolWhip","hermit:Scavenge","hermit:TakeAim","hermit:Brawl","hermit:FromBeyond"],"relics":["hermit:Momento","aspiration:Nostalgia","stsjorbsmod:BookOfTrialsRelic","relicPack:DSword","hubris:DisguiseKit","Oddly Smooth Stone","Strawberry","Iron Hammer","Bronze Scales"],"acts_visited":["Exordium"],"potions_floor_usage":[13,14],"damage_taken":[{"damage":0,"enemies":"2 Louse","floor":1,"turns":2},{"damage":0,"enemies":"Small Slimes","floor":3,"turns":3},{"damage":6,"enemies":"Jaw Worm","floor":4,"turns":3},{"damage":0,"enemies":"Large Slime","floor":6,"turns":4},{"damage":0,"enemies":"Looter","floor":7,"turns":4},{"damage":3,"enemies":"Blue Slaver","floor":8,"turns":3},{"damage":5,"enemies":"Lagavulin","floor":11,"turns":6},{"damage":15,"enemies":"3 Sentries","floor":13,"turns":6},{"damage":10,"enemies":"3 Louse","floor":14,"turns":3},{"damage":26,"enemies":"The Guardian","floor":16,"turns":2}],"seed_played":"8044705627085144899","potions_obtained":[{"floor":3,"key":"potionbrewer:EndurancePotion"},{"floor":6,"key":"hermit:BlackBile"},{"floor":7,"key":"Weak Potion"},{"floor":8,"key":"Adrenaline Potion"},{"floor":14,"key":"DuplicationPotion"}],"is_trial":false,"path_per_floor":["M","?","M","M","?","M","M","M","T","?","E","?","E","M","R_BF","B"],"character_chosen":"HERMIT","items_purchased":[],"campfire_rested":0,"item_purchase_floors":[],"current_hp_per_floor":[75,40,40,34,34,34,34,31,31,31,33,33,18,8,8,0,0],"gold":351,"neow_bonus":"NOSTALGIA","is_daily":false,"chose_seed":false,"campfire_upgraded":0,"win_rate":0.0,"timestamp":1607896273,"path_taken":["M","?","M","M","?","M","M","M","T","?","E","?","E","M","R_BF","BOSS"],"items_purchased_type":[],"build_version":"2020-11-30","purchased_purges":0,"victory":false,"max_hp_per_floor":[75,75,75,75,75,75,75,75,75,75,82,82,82,82,82,82,82],"relic_stats":{"counters":[10,36],"Bronze Scales":[0],"obtain_stats":[{"hubris:DisguiseKit":5,"relicPack:DSword":2,"aspiration:Nostalgia":0,"stsjorbsmod:BookOfTrialsRelic":0,"Strawberry":11,"Bronze Scales":15,"Oddly Smooth Stone":9,"Iron Hammer":13,"hermit:Momento":0},{"hubris:DisguiseKit":3,"relicPack:DSword":1,"aspiration:Nostalgia":0,"stsjorbsmod:BookOfTrialsRelic":0,"Strawberry":7,"Bronze Scales":9,"Oddly Smooth Stone":6,"Iron Hammer":8,"hermit:Momento":0},{"hubris:DisguiseKit":8,"relicPack:DSword":2,"aspiration:Nostalgia":0,"stsjorbsmod:BookOfTrialsRelic":0,"Strawberry":25,"Bronze Scales":34,"Oddly Smooth Stone":19,"Iron Hammer":31,"hermit:Momento":0}]},"card_choices":[{"not_picked":["hermit:CalledShot","hermit:Enervate"],"picked":"hermit:TrackingShot","floor":1},{"not_picked":["hermit:HighCaliber","hermit:TakeCover"],"picked":"hermit:TrackingShot","floor":3},{"not_picked":["hermit:Headshot","hermit:DeadMansHand"],"picked":"hermit:NoHoldsBarred","floor":4},{"not_picked":["hermit:Quickdraw","hermit:Coalescence","theVacant:Husk"],"picked":"hermit:Feint","floor":6},{"not_picked":["hermit:Coalescence","hermit:Dive","theVacant:CursedBlast"],"picked":"hermit:PistolWhip","floor":7},{"not_picked":["hermit:HoleUp","hermit:Snipe","theVacant:Spinshield"],"picked":"hermit:Scavenge","floor":8},{"not_picked":["hermit:CalledShot","hermit:Headshot","theVacant:OnSecondThought"],"picked":"hermit:TakeAim","floor":11},{"not_picked":["hermit:Headshot","hermit:Shortfuse","theVacant:DarkStrike"],"picked":"hermit:Brawl","floor":13},{"not_picked":["hermit:CursedWeapon","hermit:CalledShot","theVacant:GraveDigger"],"picked":"hermit:FromBeyond","floor":14}],"player_experience":123599,"relics_obtained":[{"floor":9,"key":"Oddly Smooth Stone"},{"floor":11,"key":"Strawberry"},{"floor":13,"key":"Iron Hammer"},{"floor":15,"key":"Bronze Scales"}],"event_choices":[],"is_beta":false,"boss_relics":[],"items_purged_floors":[],"is_endless":false,"potions_floor_spawned":[3,6,7,8,14],"killed_by":"The Guardian","ascension_level":0}}