{"host":"hwui1o2d2vvxl1xp","time":1607830591,"event":{"mods":["AchievementEnabler","Act Like it!","Alarm Clock","BaseMod","CapriCore","Colored Map","Colored Powertips","Dota2Spire","Downfall","Gensokyo","GungeonMod","Minty Spire (QoL Compilation)","MostiFishMod","Pale of the Ancients","Quick Restart","Robot Space Explorer","RumiaBox-露米娅的神秘盒子","Ryuuou龙王","Shop Mod","StSLib","TestMod","The Dragon Tamer","The Forsaken","Waifu the Spire","simple","【功能Mod】混沌之环修复补丁","【功能Mod】聪明的最终Boss","【遗物卡牌】REMEMod","篝火指南"],"gold_per_floor":[112,130,130,145,155,155,187,32,84,126,155,178,204,223,223,336,336,361,370,16,52,52,52],"floor_reached":22,"playtime":1679,"items_purged":[],"score":248,"play_id":"010669f6-34fb-439b-ab1a-b7d6d2130bde","local_time":"20201213113631","is_ascension_mode":false,"campfire_choices":[{"floor":6.0,"key":"RECALL"},{"data":"DemoMod:Invincible","floor":15.0,"key":"SMITH"}],"circlet_count":0,"master_deck":["theForsaken:TheForsaken_Strike","theForsaken:TheForsaken_Strike","theForsaken:TheForsaken_Strike","theForsaken:TheForsaken_Strike","theForsaken:TheForsaken_Defend","theForsaken:TheForsaken_Defend","theForsaken:TheForsaken_Defend","theForsaken:TheForsaken_Defend","theForsaken:Smite","theForsaken:Penitence","DemoMod:Invincible+1","theForsaken:Eulogy","theForsaken:Parry","theForsaken:WordsOfMight","theForsaken:Thunderbolt","theForsaken:Parry","theForsaken:Purification","theForsaken:DivineGuidance","theForsaken:HymnOfPatience","theForsaken:PreciseStrike","theForsaken:Prudence","theForsaken:BlightOfFamine","theForsaken:ShieldCharge","theForsaken:Retribution","theForsaken:ShieldBash","theForsaken:PlagueCurse","Gensokyo:FourOfAKind","Gensokyo:FourOfAKind","Gensokyo:FourOfAKind","Gensokyo:FourOfAKind"],"relics":["theForsaken:JudgementScales","DaveBox","testmod-TestBox","REME_ComplimentaryCards","GuanYuAspect","testmod-ConstraintPeriapt","NeowsBlessing","Question Card","Dota2Spire:BladeMail","CeramicFish","Ccalipers","ImportantClient","testmod-NegativeEmotionEnhancer","theForsaken:PlagueMask","Turnip","DemoMod:LamentConfigurum"],"acts_visited":["Gensokyo:Gensokyo","Gensokyo:Gensokyoer"],"potions_floor_usage":[],"damage_taken":[{"damage":0.0,"enemies":"Gensokyo:Python","floor":1.0,"turns":1.0},{"damage":0.0,"enemies":"Gensokyo:2_Kodama","floor":2.0,"turns":2.0},{"damage":0.0,"enemies":"Gensokyo:Gryphon","floor":4.0,"turns":1.0},{"damage":0.0,"enemies":"Gensokyo:LivingMonolith","floor":5.0,"turns":3.0},{"damage":0.0,"enemies":"Gensokyo:Mamizou","floor":7.0,"turns":7.0},{"damage":6.0,"enemies":"Gensokyo:Cirno","floor":10.0,"turns":6.0},{"damage":5.0,"enemies":"Gensokyo:Python_and_Kodama","floor":11.0,"turns":3.0},{"damage":2.0,"enemies":"Gensokyo:2_Rabbits","floor":12.0,"turns":5.0},{"damage":10.0,"enemies":"Gensokyo:Gryphon_and_Rabbit","floor":13.0,"turns":4.0},{"damage":0.0,"enemies":"Gensokyo:CorruptedTreant","floor":14.0,"turns":2.0},{"damage":23.0,"enemies":"Gensokyo:Kokoro","floor":16.0,"turns":10.0},{"damage":24.0,"enemies":"Gensokyo:AngelMirror","floor":18.0,"turns":3.0},{"damage":38,"enemies":"Gensokyo:3_Dogs","floor":22,"turns":2}],"seed_played":"-4988041332105191290","potions_obtained":[{"floor":2.0,"key":"Swift Potion"},{"floor":10.0,"key":"DuplicationPotion"},{"floor":11.0,"key":"SpeedPotion"},{"floor":12.0,"key":"Block Potion"},{"floor":14.0,"key":"CultistPotion"}],"is_trial":false,"path_per_floor":["M","M","?","M","M","R","E","$","T","E","M","M","M","M","R","B",null,"M","?","$","?","M"],"character_chosen":"THE_FORSAKEN","items_purchased":["CeramicFish","Turnip","DemoMod:LamentConfigurum"],"campfire_rested":0,"item_purchase_floors":[8,20,20],"current_hp_per_floor":[33,33,33,33,33,33,33,33,33,33,29,33,27,32,32,33,33,16,16,16,16,0,0],"gold":52,"neow_bonus":"THREE_ENEMY_KILL","is_daily":false,"chose_seed":false,"campfire_upgraded":1,"win_rate":0.0,"timestamp":1607830591,"path_taken":["M","M","?","M","M","R","E","$","T","E","?","M","M","M","R","BOSS","M","?","$","?","?"],"items_purchased_type":["Relic","Relic","Relic"],"build_version":"2020-11-30","purchased_purges":0,"victory":false,"max_hp_per_floor":[33,33,33,33,33,33,33,33,33,33,33,33,33,33,33,33,33,34,34,34,24,24,24],"card_choices":[{"not_picked":["theForsaken:CreepingInfection","theForsaken:QuickAttack"],"picked":"theForsaken:Eulogy","floor":1.0},{"not_picked":["theForsaken:ChargeAttack","theForsaken:ShieldBash","theForsaken:HorrifyingStrike"],"picked":"theForsaken:Parry","floor":2.0},{"not_picked":["theForsaken:LightRoll","theForsaken:QuickAttack","theForsaken:RainingSunlight"],"picked":"theForsaken:WordsOfMight","floor":3.0},{"not_picked":["theForsaken:StoreUp","theForsaken:Parry","theForsaken:HymnOfPatience"],"picked":"theForsaken:Thunderbolt","floor":3.0},{"not_picked":["theForsaken:NobleSacrifice","theForsaken:Tranquility","theForsaken:Backlash"],"picked":"theForsaken:Parry","floor":4.0},{"not_picked":["theForsaken:NobleSacrifice","theForsaken:Terrorize","theForsaken:HymnOfPatience"],"picked":"theForsaken:Purification","floor":5.0},{"not_picked":["theForsaken:PanicDive","theForsaken:HorrifyingStrike","theForsaken:InspiringBlow"],"picked":"theForsaken:DivineGuidance","floor":7.0},{"not_picked":["theForsaken:WordsOfPestilence","theForsaken:RainingSunlight","theForsaken:BattleHymn"],"picked":"theForsaken:HymnOfPatience","floor":10.0},{"not_picked":["theForsaken:PowerUp","theForsaken:Preservation","theForsaken:ScorchingSunlight"],"picked":"theForsaken:PreciseStrike","floor":11.0},{"not_picked":["theForsaken:DarkBarrier","theForsaken:HymnOfPatience","theForsaken:SiphonStrike"],"picked":"theForsaken:Prudence","floor":12.0},{"not_picked":["theForsaken:Parry","theForsaken:Eulogy","theForsaken:ScorchingSunlight"],"picked":"theForsaken:BlightOfFamine","floor":13.0},{"not_picked":["theForsaken:WrathOfGod","theForsaken:ScorchingSunlight","theForsaken:ShieldBash"],"picked":"theForsaken:ShieldCharge","floor":14.0},{"not_picked":["theForsaken:SpreadingPlague","theForsaken:DesperatePlea","theForsaken:Prudence"],"picked":"theForsaken:Retribution","floor":16.0},{"not_picked":["theForsaken:SiphonStrike","theForsaken:BlindFaith+1","theForsaken:CorruptedWord"],"picked":"theForsaken:ShieldBash","floor":18.0}],"player_experience":33930,"relics_obtained":[{"floor":1.0,"key":"Question Card"},{"floor":7.0,"key":"Dota2Spire:BladeMail"},{"floor":10.0,"key":"Ccalipers"},{"floor":16.0,"key":"ImportantClient"}],"event_choices":[{"damage_healed":0.0,"max_hp_gain":0.0,"max_hp_loss":0.0,"gold_gain":0.0,"event_name":"Plague Doctor","player_choice":"Obtain Plague Curse","floor":19.0,"gold_loss":0.0,"damage_taken":0.0,"cards_obtained":["theForsaken:PlagueCurse"]}],"is_beta":false,"boss_relics":[{"not_picked":["Philosopher\u0027s Stone","ExusiaiGun"],"picked":"testmod-NegativeEmotionEnhancer"}],"items_purged_floors":[],"is_endless":false,"potions_floor_spawned":[2,10,11,12,14],"killed_by":"Gensokyo:3_Dogs","ascension_level":0}}