{"host":"dlyy4wv9zatha4f7","time":1607875163,"event":{"mods":["BaseMod","Better Third Choice","Colored Map","GifTheSpireLib","Infinite Spire","Minty Spire (QoL Compilation)","StSLib","SuperFastMode","Unceasing Turn Reminder"],"gold_per_floor":[360,53,63,80,80,80,45,73,73,73,85,111,125,135,135,230,230,250,250,250,270,282,282,282],"floor_reached":23,"playtime":1367,"items_purged":["Strike_G","Strike_G"],"score":294,"play_id":"6bd807b9-7054-44e9-94ee-229b1238ace0","local_time":"20201213175923","is_ascension_mode":true,"campfire_choices":[{"data":"Neutralize","floor":6.0,"key":"SMITH"},{"data":"Phantasmal Killer","floor":15.0,"key":"SMITH"}],"circlet_count":0,"master_deck":["Strike_G","Strike_G","Strike_G","Defend_G","Defend_G","Defend_G","Defend_G","Defend_G+1","Survivor","Neutralize+1","Quick Slash+1","Predator","Crippling Poison","PiercingWail","Leg Sweep","Escape Plan","Quick Slash","Phantasmal Killer+1","Adrenaline","Dagger Spray+1","infinitespire:SevenWalls","PiercingWail+1","Endless Agony"],"relics":["Ring of the Snake","infinitespire:Lucky Rock","Du-Vu Doll","Turnip","Lantern","Orichalcum","Sozu","Pantograph"],"acts_visited":["Exordium","TheCity"],"potions_floor_usage":[],"damage_taken":[{"damage":0.0,"enemies":"2 Louse","floor":1.0,"turns":4.0},{"damage":6.0,"enemies":"Cultist","floor":3.0,"turns":3.0},{"damage":5.0,"enemies":"Small Slimes","floor":4.0,"turns":3.0},{"damage":20.0,"enemies":"3 Sentries","floor":8.0,"turns":10.0},{"damage":0.0,"enemies":"2 Fungi Beasts","floor":11.0,"turns":4.0},{"damage":6.0,"enemies":"Gremlin Nob","floor":12.0,"turns":3.0},{"damage":0.0,"enemies":"Blue Slaver","floor":13.0,"turns":4.0},{"damage":7.0,"enemies":"Large Slime","floor":14.0,"turns":7.0},{"damage":20.0,"enemies":"Slime Boss","floor":16.0,"turns":14.0},{"damage":9.0,"enemies":"2 Thieves","floor":18.0,"turns":3.0},{"damage":0.0,"enemies":"Chosen","floor":21.0,"turns":3.0},{"damage":0.0,"enemies":"Sentry and Sphere","floor":22.0,"turns":3.0},{"damage":39,"enemies":"Nightmare","floor":23,"turns":6}],"seed_played":"-2482147747184056691","potions_obtained":[{"floor":3.0,"key":"Weak Potion"},{"floor":4.0,"key":"ColorlessPotion"},{"floor":13.0,"key":"Block Potion"},{"floor":14.0,"key":"SpeedPotion"}],"is_trial":false,"path_per_floor":["M","$","M","M","?","R","?","E","T","?","M","E","M","M","R","B",null,"M","?","AVR","M","M","NM"],"character_chosen":"THE_SILENT","items_purchased":["infinitespire:Lucky Rock","Predator"],"campfire_rested":0,"item_purchase_floors":[2,2],"current_hp_per_floor":[63,63,57,52,39,39,54,34,34,34,34,28,28,21,21,1,48,39,39,39,39,39,0,0],"gold":282,"neow_bonus":"TWO_FIFTY_GOLD","is_daily":false,"chose_seed":false,"campfire_upgraded":2,"win_rate":0.0,"timestamp":1607875163,"path_taken":["M","$","M","M","?","R","?","E","T","?","M","E","M","?","R","BOSS","M","?","AVR","?","M","NM"],"items_purchased_type":["Relic","Card"],"build_version":"2020-11-30","purchased_purges":2,"victory":false,"max_hp_per_floor":[63,63,63,63,63,63,63,63,63,63,63,63,63,63,63,63,63,63,63,63,63,63,63,63],"card_choices":[{"not_picked":["Tactician","Heel Hook"],"picked":"Quick Slash","floor":1.0},{"not_picked":["Poisoned Stab","Bane"],"picked":"Crippling Poison","floor":3.0},{"not_picked":["Dagger Throw","Poisoned Stab"],"picked":"PiercingWail","floor":4.0},{"not_picked":["Blade Dance","Noxious Fumes"],"picked":"Leg Sweep","floor":8.0},{"not_picked":["Tactician","Dagger Throw"],"picked":"Escape Plan","floor":11.0},{"not_picked":["Calculated Gamble","Dagger Throw","Riddle With Holes"],"picked":"SKIP","floor":12.0},{"not_picked":["Accuracy","Dodge and Roll"],"picked":"Quick Slash","floor":13.0},{"not_picked":["Quick Slash","Blade Dance"],"picked":"Phantasmal Killer","floor":14.0},{"not_picked":["Malaise","Die Die Die"],"picked":"Adrenaline","floor":16.0},{"not_picked":["Accuracy","Infinite Blades"],"picked":"Dagger Spray","floor":18.0},{"not_picked":["Prepared+1","Acrobatics+1"],"picked":"PiercingWail+1","floor":21.0},{"not_picked":["Finisher","Dagger Spray"],"picked":"Endless Agony","floor":22.0}],"player_experience":2206357,"relics_obtained":[{"floor":8.0,"key":"Du-Vu Doll"},{"floor":9.0,"key":"Turnip"},{"floor":10.0,"key":"Lantern"},{"floor":12.0,"key":"Orichalcum"}],"event_choices":[{"damage_healed":52.0,"max_hp_gain":0.0,"max_hp_loss":63.0,"gold_gain":0.0,"event_name":"betterThird:BetterShining","player_choice":"Upgrade","floor":5.0,"gold_loss":0.0,"damage_taken":13.0,"cards_upgraded":["Defend_G","Quick Slash"]},{"damage_healed":15.0,"max_hp_gain":0.0,"max_hp_loss":0.0,"gold_gain":0.0,"event_name":"The Cleric","player_choice":"Healed","floor":7.0,"gold_loss":35.0,"damage_taken":0.0},{"damage_healed":0.0,"max_hp_gain":0.0,"max_hp_loss":0.0,"gold_gain":0.0,"event_name":"Upgrade Shrine","player_choice":"Upgraded","floor":19.0,"gold_loss":0.0,"damage_taken":0.0,"cards_upgraded":["Dagger Spray"]}],"is_beta":false,"boss_relics":[{"not_picked":["Ring of the Serpent","infinitespire:Cupcake"],"picked":"Sozu"}],"items_purged_floors":[2,20],"is_endless":true,"potions_floor_spawned":[3,4,13,14,22],"killed_by":"Nightmare","ascension_level":9}}