{"host":"whyfdmrq1ty0e9zp","time":1607851488,"event":{"mods":["Act Like it!","BaseMod","Colored Map","Colored Powertips","Conspire","Gensokyo","LagranYue(拉格朗・月)","Marisa（F雨　魔理沙）","Minty Spire (QoL Compilation)","MostiFishMod","Prisma Mod","Quick Restart","Relic Stats","Remilia（蕾米莉亚）","Replay The Spire","StSLib","TestMod","vexMod","【遗物卡牌】REMEMod"],"gold_per_floor":[117,117,117,131,70,96,96,128,128,145,70,96,110,110,110,183,183,193,213,10,25,425,455,455,455,478,504,515,107,107,121,121,199,199,216,51,65,65,120,152,152,181,208,36,50,50,98,126,126,126],"floor_reached":51,"playtime":1539,"items_purged":["Bash","Strike_R","Strike_R","Strike_R","Defend_R"],"score":1856,"play_id":"889dfb17-50d5-42b8-acf5-927ba85ead49","local_time":"20201213172448","is_ascension_mode":true,"campfire_choices":[{"data":"MostiFishMod:StarOceanB","floor":7.0,"key":"SMITH"},{"data":"Burning Pact","floor":15.0,"key":"SMITH"},{"data":"Strike_R","floor":25.0,"key":"PURGE"},{"data":"Strike_R","floor":32.0,"key":"PURGE"},{"data":"Defend_R","floor":41,"key":"PURGE"},{"data":"Defend_R","floor":49,"key":"PURGE"}],"circlet_count":0,"master_deck":["AscendersBane","Defend_R+1","MostiFishMod:StarOceanB+1","Burning Pact+1","CurseOfTheBell","Shrug It Off","Metallicize","ReplayTheSpireMod:Strike From Hell","Sword Boomerang+1","Brutality","Rage","Sword Boomerang+1","Shrug It Off","Battle Trance+1","Sentinel","Brutality"],"relics":["Burning Blood","DaveBox","REME_ComplimentaryCards","testmod-BatchProcessingSystem","Civilization","LagranYue:RandomDrawCardRelic","NeowsBlessing","Question Card","conspire:TopHat","vexMod:InvisibilityCloak","Peace Pipe","Replay:Bottled Flurry","ReplayTheSpireMod:Spearhead","conspire:BottledYoYo","testmod-TurbochargingSystem","Matryoshka","ImportantClient","RhineSuit","LagranYue:GuidanceLightRelic","InkBottle","Smiling Mask","ReplayTheSpireMod:TigerMarble","LagranYue:GuideDeadRelic","Prayer Wheel","testmod-Register","ReplayTheSpireMod:DimensionalGlitch","SynthV","testmod-IndustrialRevolution","Ginger","Replay:Baseball","Toy Ornithopter","Dream Catcher","Omamori","ReplayTheSpireMod:Ring of Addiction","White Beast Statue","SacredBark","ReplayTheSpireMod:Ring of Collecting","Magic Flower","ReplayTheSpireMod:Ninjato"],"acts_visited":["Exordium","TheCity","TheBeyond"],"potions_floor_usage":[],"damage_taken":[{"damage":0.0,"enemies":"Jaw Worm","floor":1.0,"turns":1.0},{"damage":0.0,"enemies":"Small Slimes","floor":4.0,"turns":1.0},{"damage":0.0,"enemies":"Lagavulin","floor":6.0,"turns":1.0},{"damage":23.0,"enemies":"3 Sentries","floor":8.0,"turns":11.0},{"damage":0.0,"enemies":"Cultist","floor":10.0,"turns":3.0},{"damage":3.0,"enemies":"Lagavulin","floor":12.0,"turns":4.0},{"damage":0.0,"enemies":"3 Louse","floor":13.0,"turns":2.0},{"damage":5.0,"enemies":"Hexaghost","floor":16.0,"turns":4.0},{"damage":0.0,"enemies":"Chosen","floor":18.0,"turns":2.0},{"damage":0.0,"enemies":"3 Byrds","floor":19.0,"turns":3.0},{"damage":28.0,"enemies":"Cultist and Chosen","floor":21.0,"turns":5.0},{"damage":29.0,"enemies":"Gremlin Leader","floor":23.0,"turns":4.0},{"damage":0.0,"enemies":"Slavers","floor":27.0,"turns":1.0},{"damage":0.0,"enemies":"Snecko","floor":28.0,"turns":1.0},{"damage":0.0,"enemies":"3 Cultists","floor":31.0,"turns":1.0},{"damage":2.0,"enemies":"Champ","floor":33.0,"turns":3.0},{"damage":8.0,"enemies":"3 Darklings","floor":35.0,"turns":2.0},{"damage":0.0,"enemies":"Orb Walker","floor":37.0,"turns":1.0},{"damage":0,"enemies":"R_Hoarder","floor":40,"turns":2},{"damage":0,"enemies":"Nemesis","floor":42,"turns":1},{"damage":9,"enemies":"Sphere and 2 Shapes","floor":45,"turns":1},{"damage":5,"enemies":"2 Orb Walkers","floor":47,"turns":2},{"damage":0,"enemies":"R_Hoarder","floor":48,"turns":1},{"damage":3,"enemies":"Donu and Deca","floor":50,"turns":1}],"seed_played":"5709273228838743189","potions_obtained":[{"floor":4.0,"key":"testmod-SpacePotion"},{"floor":8.0,"key":"ElixirPotion"},{"floor":12.0,"key":"Dexterity Potion"},{"floor":16.0,"key":"SpeedPotion"},{"floor":35.0,"key":"BlessingOfTheForge"},{"floor":45,"key":"LiquidMemories"}],"is_trial":false,"path_per_floor":["M","?","?","M","?","E","R","E","T","M","$","E","M","?","R","B",null,"M","M","$","M","?","E","?","R","T","E","M","$","?","M","R","B",null,"M","$","M","?","?","E","R","E","T","$","M","?","?","E","R","B",null],"character_chosen":"IRONCLAD","items_purchased":["LagranYue:GuidanceLightRelic","Prayer Wheel","testmod-Register","SynthV","Omamori"],"campfire_rested":0,"item_purchase_floors":[20,29,29,36,44],"current_hp_per_floor":[75,75,75,79,79,83,83,73,73,87,87,99,117,93,93,107,126,146,163,163,261,261,260,260,260,260,291,323,323,323,358,358,415,415,428,428,450,450,450,472,472,495,495,495,510,510,530,570,570,610],"gold":126,"neow_bonus":"THREE_ENEMY_KILL","is_daily":false,"chose_seed":false,"campfire_upgraded":2,"win_rate":0.0,"timestamp":1607851488,"path_taken":["M","?","?","M","?","E","R","E","T","M","$","E","?","?","R","BOSS","M","M","$","M","?","E","?","R","T","E","M","$","?","?","R","BOSS","M","$","M","?","?","E","R","E","T","$","M","?","?","E","R","BOSS"],"items_purchased_type":["Relic","Relic","Relic","Relic","Relic"],"build_version":"2020-11-30","purchased_purges":5,"victory":true,"max_hp_per_floor":[76,76,76,79,79,83,83,90,90,98,98,107,119,119,119,132,132,146,163,163,283,283,305,305,305,305,330,356,356,356,385,385,415,415,451,451,488,464,464,502,502,541,541,541,583,583,627,672,672,719],"relic_stats":{"Peace Pipe":4,"Dream Catcher":0,"counters":[24,58],"Magic Flower":[29],"Prayer Wheel":4,"Ginger":[0],"Question Card":30,"Smiling Mask":300,"obtain_stats":[{"DaveBox":0,"LagranYue:RandomDrawCardRelic":0,"SynthV":36,"SacredBark":46,"testmod-BatchProcessingSystem":0,"Magic Flower":47,"RhineSuit":17,"Ginger":40,"Smiling Mask":26,"Burning Blood":0,"conspire:TopHat":2,"Civilization":0,"vexMod:InvisibilityCloak":2,"Dream Catcher":43,"Matryoshka":12,"Prayer Wheel":29,"Replay:Bottled Flurry":5,"InkBottle":23,"ImportantClient":16,"testmod-TestBox":0,"ReplayTheSpireMod:Ninjato":48,"NeowsBlessing":0,"testmod-Register":29,"ReplayTheSpireMod:Ring of Addiction":46,"LagranYue:GuideDeadRelic":27,"Omamori":44,"testmod-TurbochargingSystem":9,"Question Card":1,"testmod-IndustrialRevolution":39,"White Beast Statue":46,"Calling Bell":2,"Peace Pipe":2,"LagranYue:GuidanceLightRelic":20,"ReplayTheSpireMod:Spearhead":6,"Replay:Baseball":42,"ReplayTheSpireMod:Ring of Collecting":46,"conspire:BottledYoYo":8,"ReplayTheSpireMod:TigerMarble":26,"ReplayTheSpireMod:DimensionalGlitch":34,"Toy Ornithopter":43,"REME_ComplimentaryCards":0},{"DaveBox":0,"LagranYue:RandomDrawCardRelic":0,"SynthV":17,"SacredBark":21,"testmod-BatchProcessingSystem":0,"Magic Flower":22,"RhineSuit":8,"Ginger":19,"Smiling Mask":12,"Burning Blood":0,"conspire:TopHat":1,"Civilization":0,"vexMod:InvisibilityCloak":1,"Dream Catcher":20,"Matryoshka":6,"Prayer Wheel":14,"Replay:Bottled Flurry":2,"InkBottle":12,"ImportantClient":8,"testmod-TestBox":0,"ReplayTheSpireMod:Ninjato":23,"NeowsBlessing":0,"testmod-Register":14,"ReplayTheSpireMod:Ring of Addiction":21,"LagranYue:GuideDeadRelic":13,"Omamori":20,"testmod-TurbochargingSystem":4,"Question Card":1,"testmod-IndustrialRevolution":18,"White Beast Statue":21,"Calling Bell":1,"Peace Pipe":1,"LagranYue:GuidanceLightRelic":10,"ReplayTheSpireMod:Spearhead":3,"Replay:Baseball":20,"ReplayTheSpireMod:Ring of Collecting":21,"conspire:BottledYoYo":4,"ReplayTheSpireMod:TigerMarble":12,"ReplayTheSpireMod:DimensionalGlitch":16,"Toy Ornithopter":20,"REME_ComplimentaryCards":0},{"DaveBox":0,"LagranYue:RandomDrawCardRelic":0,"SynthV":49,"SacredBark":54,"testmod-BatchProcessingSystem":0,"Magic Flower":56,"RhineSuit":27,"Ginger":52,"Smiling Mask":41,"Burning Blood":0,"conspire:TopHat":1,"Civilization":0,"vexMod:InvisibilityCloak":1,"Dream Catcher":53,"Matryoshka":21,"Prayer Wheel":43,"Replay:Bottled Flurry":2,"InkBottle":41,"ImportantClient":27,"testmod-TestBox":0,"ReplayTheSpireMod:Ninjato":57,"NeowsBlessing":0,"testmod-Register":43,"ReplayTheSpireMod:Ring of Addiction":54,"LagranYue:GuideDeadRelic":42,"Omamori":53,"testmod-TurbochargingSystem":14,"Question Card":1,"testmod-IndustrialRevolution":50,"White Beast Statue":54,"Calling Bell":1,"Peace Pipe":1,"LagranYue:GuidanceLightRelic":32,"ReplayTheSpireMod:Spearhead":3,"Replay:Baseball":53,"ReplayTheSpireMod:Ring of Collecting":54,"conspire:BottledYoYo":14,"ReplayTheSpireMod:TigerMarble":41,"ReplayTheSpireMod:DimensionalGlitch":47,"Toy Ornithopter":53,"REME_ComplimentaryCards":0}],"Burning Blood":103,"InkBottle":[8],"Toy Ornithopter":0},"card_choices":[{"not_picked":["Sword Boomerang","Shrug It Off"],"picked":"Burning Pact","floor":1.0},{"not_picked":["Iron Wave","Anger","Entrench"],"picked":"Shrug It Off","floor":4.0},{"not_picked":["Havoc","Cleave","Defy Death"],"picked":"Second Wind","floor":6.0},{"not_picked":["Run Through","Iron Wave","Body Slam","Hemogenesis"],"picked":"SKIP","floor":8.0},{"not_picked":["Twin Strike","Cleave","Combust"],"picked":"Metallicize","floor":10.0},{"not_picked":["Ghostly Armor","Heavy Blade","Replay:Undeath\u0027s Touch","Reckless Charge"],"picked":"SKIP","floor":12.0},{"not_picked":["Pommel Strike","Headbutt","Wild Strike"],"picked":"ReplayTheSpireMod:Strike From Hell","floor":13.0},{"not_picked":["MostiFishMod:TemporaryOutbreak","Demonic Infusion","Corruption"],"picked":"MostiFishMod:NeverNightCountry","floor":16.0},{"not_picked":["ReplayTheSpireMod:Strike From Hell","Dropkick","Iron Wave","Pummel"],"picked":"SKIP","floor":18.0},{"not_picked":["REME_SingleHolding","Heavy Blade+1","conspire:ExplosiveBarrier"],"picked":"Sword Boomerang+1","floor":19.0},{"not_picked":["Rampage","ReplayTheSpireMod:Strike From Hell+1","Bloodletting"],"picked":"Brutality","floor":21.0},{"not_picked":["Run Through","Sever Soul","Battle Trance","Combust"],"picked":"SKIP","floor":23.0},{"not_picked":["Pommel Strike","Twin Strike","Iron Wave","Rage"],"picked":"SKIP","floor":27.0},{"not_picked":["Pommel Strike","Twin Strike","Iron Wave"],"picked":"Rage","floor":27.0},{"not_picked":["Defy Death","Intimidate+1","Clothesline"],"picked":"Sword Boomerang","floor":28.0},{"not_picked":["Intimidate","Twin Strike","Carnage","Headbutt"],"picked":"SKIP","floor":31.0},{"not_picked":["Clothesline","Second Wind","Armaments","Anger"],"picked":"SKIP","floor":31.0},{"not_picked":["Run Through","Thunderclap","Inflame"],"picked":"Shrug It Off","floor":35.0},{"not_picked":["Fire Breathing+1","Hemokinesis","Second Wind","ReplayTheSpireMod:Strike From Hell"],"picked":"SKIP","floor":35.0},{"not_picked":["Twin Strike","MostiFishMod:BrandingRite","Warcry"],"picked":"Battle Trance+1","floor":37.0},{"not_picked":["Pommel Strike","Twin Strike","Armaments","Run Through"],"picked":"SKIP","floor":37.0},{"not_picked":["Battle Trance","Clothesline","ReplayTheSpireMod:Strike From Hell"],"picked":"Sentinel","floor":39},{"not_picked":["Combust","Demon Form","Clothesline+1","Iron Wave+1"],"picked":"SKIP","floor":40},{"not_picked":["Armaments","Sword Boomerang","Feel No Pain","Warcry"],"picked":"SKIP","floor":42},{"not_picked":["Clothesline","Defy Death","Flex"],"picked":"Brutality","floor":45},{"not_picked":["Feel No Pain","Run Through","Thunderclap","Pummel"],"picked":"SKIP","floor":45},{"not_picked":["Feel No Pain","Run Through","Thunderclap","Pummel"],"picked":"SKIP","floor":45},{"not_picked":["Abandon","Body Slam+1","Shrug It Off","Havoc"],"picked":"SKIP","floor":48}],"player_experience":405489,"relics_obtained":[{"floor":1.0,"key":"Question Card"},{"floor":2.0,"key":"conspire:TopHat"},{"floor":2.0,"key":"vexMod:InvisibilityCloak"},{"floor":2.0,"key":"Peace Pipe"},{"floor":6.0,"key":"ReplayTheSpireMod:Spearhead"},{"floor":8.0,"key":"conspire:BottledYoYo"},{"floor":9.0,"key":"testmod-TurbochargingSystem"},{"floor":12.0,"key":"Matryoshka"},{"floor":16.0,"key":"ImportantClient"},{"floor":23.0,"key":"InkBottle"},{"floor":26.0,"key":"Smiling Mask"},{"floor":26.0,"key":"ReplayTheSpireMod:TigerMarble"},{"floor":27.0,"key":"LagranYue:GuideDeadRelic"},{"floor":39,"key":"testmod-IndustrialRevolution"},{"floor":40,"key":"Ginger"},{"floor":42,"key":"Replay:Baseball"},{"floor":43,"key":"Toy Ornithopter"},{"floor":43,"key":"Dream Catcher"},{"floor":46,"key":"ReplayTheSpireMod:Ring of Addiction"},{"floor":46,"key":"White Beast Statue"},{"floor":46,"key":"SacredBark"},{"floor":46,"key":"ReplayTheSpireMod:Ring of Collecting"},{"floor":47,"key":"Magic Flower"},{"floor":48,"key":"ReplayTheSpireMod:Ninjato"}],"event_choices":[{"damage_healed":0.0,"max_hp_gain":0.0,"max_hp_loss":0.0,"gold_gain":0.0,"event_name":"给自己的盒子","player_choice":"Swap Relic","floor":2.0,"relics_lost":["Calling Bell"],"gold_loss":0.0,"damage_taken":0.0,"relics_obtained":["Calling Bell"]},{"damage_healed":0.0,"max_hp_gain":0.0,"max_hp_loss":0.0,"gold_gain":0.0,"event_name":"conspire:Investor","player_choice":"Leave","floor":3.0,"gold_loss":0.0,"damage_taken":0.0},{"damage_healed":0.0,"max_hp_gain":0.0,"max_hp_loss":0.0,"gold_gain":0.0,"event_name":"WeMeetAgain","player_choice":"Paid Gold","floor":5.0,"gold_loss":61.0,"damage_taken":0.0,"relics_obtained":["Replay:Bottled Flurry"]},{"damage_healed":0.0,"max_hp_gain":0.0,"max_hp_loss":0.0,"gold_gain":0.0,"event_name":"Shining Light","player_choice":"Entered Light","floor":14.0,"gold_loss":0.0,"damage_taken":24.0,"cards_upgraded":["Defend_R","Second Wind"]},{"damage_healed":0.0,"max_hp_gain":0.0,"max_hp_loss":0.0,"gold_gain":400.0,"event_name":"恩洛斯的盘子","player_choice":"Sell","floor":22.0,"relics_lost":["testmod-TestBox"],"gold_loss":0.0,"damage_taken":0.0},{"damage_healed":0.0,"max_hp_gain":0.0,"max_hp_loss":0.0,"gold_gain":0.0,"event_name":"Vampires","player_choice":"Ignored","floor":24.0,"gold_loss":0.0,"damage_taken":0.0},{"damage_healed":0.0,"max_hp_gain":0.0,"max_hp_loss":0.0,"gold_gain":0.0,"event_name":"Upgrade Shrine","player_choice":"Upgraded","floor":30.0,"gold_loss":0.0,"damage_taken":0.0,"cards_upgraded":["Sword Boomerang"]},{"damage_healed":0.0,"max_hp_gain":0.0,"max_hp_loss":24.0,"gold_gain":0.0,"event_name":"Winding Halls","player_choice":"Max HP","floor":38.0,"gold_loss":0.0,"damage_taken":0.0},{"damage_healed":0,"gold_gain":0,"player_choice":"Fight","damage_taken":0,"max_hp_gain":0,"max_hp_loss":0,"event_name":"Mysterious Sphere","floor":47,"gold_loss":0}],"is_beta":false,"boss_relics":[{"not_picked":["vexMod:DeviousBotling","MoonlightInvasionPlan"],"picked":"RhineSuit"},{"not_picked":["HereWithMe","Cursed Key"],"picked":"ReplayTheSpireMod:DimensionalGlitch"}],"items_purged_floors":[11,20,29,36,44],"is_endless":false,"potions_floor_spawned":[4,8,12,16,21,28,33,35,40,42,45,47,48],"ascension_level":14}}