{"host":"bf1tnxyvjw6wp3cl","time":1607834315,"event":{"mods":["AchievementEnabler","BaseMod","Block Reminder","Colored Powertips","Minty Spire (QoL Compilation)","Quick Restart","Relic Stats","StSLib","SuperFastMode"],"gold_per_floor":[117,117,42,54,77,77,77,97,121,121,53,53,53,86,86,86,86],"floor_reached":16,"playtime":278,"items_purged":["Pain"],"score":96,"play_id":"ef98fcf0-3a5e-402b-bc28-e8c9397eabad","local_time":"20201212233835","is_ascension_mode":false,"campfire_choices":[{"data":"DeusExMachina","floor":6,"key":"SMITH"},{"data":"JustLucky","floor":10,"key":"SMITH"},{"data":"LikeWater","floor":12,"key":"SMITH"},{"data":"SashWhip","floor":15,"key":"SMITH"}],"circlet_count":0,"master_deck":["Strike_P","Strike_P","Strike_P","Strike_P","Defend_P","Defend_P","Defend_P","Eruption","Vigilance","DeusExMachina+1","SashWhip+1","JustLucky+1","LikeWater+1"],"relics":["PureWater","WarpedTongs","Centennial Puzzle","Tiny Chest","Potion Belt","Nunchaku"],"acts_visited":["Exordium"],"potions_floor_usage":[8],"damage_taken":[{"damage":0,"enemies":"Jaw Worm","floor":1,"turns":2},{"damage":0,"enemies":"Cultist","floor":4,"turns":2},{"damage":0,"enemies":"Small Slimes","floor":8,"turns":1},{"damage":7,"enemies":"Gremlin Nob","floor":14,"turns":6},{"damage":61,"enemies":"Slime Boss","floor":16,"turns":6}],"seed_played":"3993319454477278553","potions_obtained":[{"floor":1,"key":"BlessingOfTheForge"},{"floor":4,"key":"Explosive Potion"}],"is_trial":false,"path_per_floor":["M","?","$","M","T","R","?","M","T","R","$","R","?","E","R","B"],"character_chosen":"WATCHER","items_purchased":["LikeWater"],"campfire_rested":0,"item_purchase_floors":[11],"current_hp_per_floor":[72,72,72,72,72,72,72,72,72,72,72,72,65,58,58,0,0],"gold":86,"neow_bonus":"ONE_RANDOM_RARE_CARD","is_daily":false,"chose_seed":false,"campfire_upgraded":4,"win_rate":0.0,"timestamp":1607834315,"path_taken":["M","?","$","?","?","R","?","?","T","R","$","R","?","E","R","BOSS"],"items_purchased_type":["Card"],"build_version":"2020-11-30","purchased_purges":1,"victory":false,"max_hp_per_floor":[72,72,72,72,72,72,72,72,72,72,72,72,72,72,72,72,72],"relic_stats":{"Centennial Puzzle":[6],"Nunchaku":[1],"counters":[5,17],"Tiny Chest":0,"obtain_stats":[{"Potion Belt":9,"Centennial Puzzle":5,"Nunchaku":14,"Tiny Chest":7,"PureWater":0,"WarpedTongs":2},{"Potion Belt":3,"Centennial Puzzle":2,"Nunchaku":4,"Tiny Chest":2,"PureWater":0,"WarpedTongs":1},{"Potion Belt":5,"Centennial Puzzle":4,"Nunchaku":11,"Tiny Chest":4,"PureWater":0,"WarpedTongs":2}],"WarpedTongs":[15]},"card_choices":[{"not_picked":["DeceiveReality","Evaluate","EmptyMind"],"picked":"SKIP","floor":1},{"not_picked":["SignatureMove","EmptyFist"],"picked":"SashWhip","floor":4},{"not_picked":["ForeignInfluence","Prostrate"],"picked":"JustLucky","floor":8},{"not_picked":["SignatureMove","WindmillStrike","DeceiveReality"],"picked":"SKIP","floor":14}],"player_experience":153156,"relics_obtained":[{"floor":5,"key":"Centennial Puzzle"},{"floor":7,"key":"Tiny Chest"},{"floor":9,"key":"Potion Belt"},{"floor":14,"key":"Nunchaku"}],"event_choices":[{"damage_healed":0,"gold_gain":0,"player_choice":"Rummage","damage_taken":0,"relics_obtained":["WarpedTongs"],"max_hp_gain":0,"max_hp_loss":0,"event_name":"Accursed Blacksmith","floor":2,"gold_loss":0,"cards_obtained":["Pain"]},{"damage_healed":0,"gold_gain":0,"player_choice":"Relic","damage_taken":0,"max_hp_gain":0,"max_hp_loss":0,"event_name":"Wheel of Change","floor":7,"gold_loss":0},{"cards_removed":["Defend_P"],"damage_healed":0,"gold_gain":0,"player_choice":"Card Removal","damage_taken":7,"max_hp_gain":0,"max_hp_loss":0,"event_name":"Golden Wing","floor":13,"gold_loss":0}],"is_beta":false,"boss_relics":[],"items_purged_floors":[3],"is_endless":false,"potions_floor_spawned":[1,4],"killed_by":"Slime Boss","ascension_level":0}}