{"host":"5pvsezzv96u4cz40","time":1607891288,"event":{"mods":["Act Like it!","BaseMod","BetterRewards","CapriCore","Colored Map","Colored Powertips","GifTheSpireLib","Hermit","Hubris","Menagerie","Minty Spire (QoL Compilation)","Remilia??????","Replay The Spire","Shop Mod","StSLib","The Blue Laboratory","The Necromancer","The Vixen","??????REMEMod"],"gold_per_floor":[116,116,43,53,128,156,40,73,99,99,274,306,306,331,331,448,448,481,481,511,511,12,12,48,48,48,48,48,74,88,88],"floor_reached":30,"playtime":2077,"items_purged":["Doubt"],"score":271,"play_id":"356e7c58-64b3-49e0-82b8-5223019db8df","local_time":"20201213212808","is_ascension_mode":false,"campfire_choices":[{"floor":10,"key":"REST"},{"data":"Chrysalis","floor":13,"key":"SMITH"},{"floor":15,"key":"REST"},{"floor":23,"key":"REST"},{"floor":27,"key":"REST"}],"circlet_count":0,"master_deck":["Strike_G","Strike_G","Strike_G","Strike_G+1","Strike_G","Defend_G+1","Defend_G","Defend_G","Defend_G","Defend_G","Survivor","Neutralize","Chrysalis+1","Prepared","Bouncing Flask","Deflect","Slice","Toxin Wave","Blade Dance","Hidden Blade","Outmaneuver","Dash","Phantasmal Killer","Poisoned Stab","Poisoned Stab","Catalyst","Prepared","Infinite Blades"],"relics":["Ring of the Snake","REME_ComplimentaryCards","NeowsBlessing","Replay:Bandana","Happy Flower","hubris:Icosahedron","Question Card","MerchantsRug","hubris:TinFlute","Dream Catcher","hubris:Towel"],"acts_visited":["Exordium","TheCity"],"potions_floor_usage":[12,14,16,18,24,24],"damage_taken":[{"damage":0,"enemies":"2 Louse","floor":1,"turns":1},{"damage":0,"enemies":"Jaw Worm","floor":4,"turns":1},{"damage":0,"enemies":"Gremlin Nob","floor":6,"turns":1},{"damage":0,"enemies":"Small Slimes","floor":8,"turns":3},{"damage":10,"enemies":"3 Louse","floor":12,"turns":5},{"damage":1,"enemies":"Large Slime","floor":14,"turns":5},{"damage":46,"enemies":"Slime Boss","floor":16,"turns":12},{"damage":20,"enemies":"2 Thieves","floor":18,"turns":4},{"damage":7,"enemies":"Shell Parasite","floor":20,"turns":6},{"damage":36,"enemies":"Book of Stabbing","floor":24,"turns":6},{"damage":19,"enemies":"Shelled Parasite and Fungi","floor":29,"turns":6},{"damage":41,"enemies":"Snecko","floor":30,"turns":5}],"seed_played":"-2281242207553584464","potions_obtained":[{"floor":4,"key":"CunningPotion"},{"floor":8,"key":"Swift Potion"},{"floor":12,"key":"Fruit Juice"},{"floor":16,"key":"SpeedPotion"},{"floor":18,"key":"Block Potion"}],"is_trial":false,"path_per_floor":["M","?","$","M","?","E","$","M","T","R","?","M","R","M","R","B",null,"M","?","M","?","$","R","E","?","T","R","?","M","M"],"character_chosen":"THE_SILENT","items_purchased":["Bouncing Flask","Toxin Wave","Blade Dance","Question Card","MerchantsRug","Catalyst","Venom Potion"],"campfire_rested":4,"item_purchase_floors":[3,7,7,22,22,22,22],"current_hp_per_floor":[70,56,56,56,45,45,45,45,45,66,66,61,61,60,75,29,75,55,55,48,48,48,70,34,34,34,56,56,37,0,0],"gold":88,"neow_bonus":"THREE_ENEMY_KILL","is_daily":false,"chose_seed":false,"campfire_upgraded":1,"win_rate":0.0,"timestamp":1607891288,"path_taken":["M","?","$","M","?","E","$","M","T","R","?","M","R","M","R","BOSS","M","?","M","?","$","R","E","?","T","R","?","M","?"],"items_purchased_type":["Card","Card","Card","Relic","Relic","Card","Potion"],"build_version":"2020-11-30","purchased_purges":1,"victory":false,"max_hp_per_floor":[70,70,70,70,70,70,70,70,70,70,70,75,75,75,75,75,75,75,75,75,75,75,75,75,75,75,75,75,75,75,75],"card_choices":[{"not_picked":["Flying Knee","Cloak And Dagger"],"picked":"Prepared","floor":1},{"not_picked":["hubris:SlightOfHand","Flying Knee"],"picked":"Deflect","floor":4},{"not_picked":["A Thousand Cuts","Dodge and Roll"],"picked":"Slice","floor":6},{"not_picked":["Outmaneuver","Sucker Punch"],"picked":"Hidden Blade","floor":8},{"not_picked":["Sucker Punch","hubris:Sniper"],"picked":"Outmaneuver","floor":12},{"not_picked":["Finisher","Predator"],"picked":"Dash","floor":14},{"not_picked":["Venomology","Die Die Die"],"picked":"Phantasmal Killer","floor":16},{"not_picked":["Dagger Spray","PiercingWail+1"],"picked":"Poisoned Stab","floor":18},{"not_picked":["ReplayTheSpireMod:Tripwire","Deflect"],"picked":"Poisoned Stab","floor":20},{"not_picked":["hubris:Counter+1","Dash","hubris:SlightOfHand","Crippling Poison"],"picked":"SKIP","floor":24},{"not_picked":["Underhanded Strike","ReplayTheSpireMod:Tripwire","Escape Plan"],"picked":"Prepared","floor":27},{"not_picked":["Cloak And Dagger+1","Quick Slash","hubris:SlightOfHand"],"picked":"Infinite Blades","floor":29}],"player_experience":102177,"relics_obtained":[{"floor":6,"key":"Replay:Bandana"},{"floor":9,"key":"Happy Flower"},{"floor":24,"key":"hubris:TinFlute"},{"floor":26,"key":"Dream Catcher"}],"event_choices":[{"damage_healed":0,"gold_gain":0,"player_choice":"Entered Light","damage_taken":14,"max_hp_gain":0,"max_hp_loss":0,"event_name":"Shining Light","floor":2,"gold_loss":0,"cards_upgraded":["Defend_G","Strike_G"]},{"damage_healed":0,"gold_gain":75,"player_choice":"Gather Gold","damage_taken":11,"max_hp_gain":0,"max_hp_loss":0,"event_name":"World of Goop","floor":5,"gold_loss":0},{"damage_healed":0,"gold_gain":175,"player_choice":"AGREE","damage_taken":0,"max_hp_gain":0,"max_hp_loss":0,"event_name":"Liars Game","floor":11,"gold_loss":0,"cards_obtained":["Doubt"]},{"damage_healed":0,"gold_gain":0,"player_choice":"Ignored","damage_taken":0,"max_hp_gain":0,"max_hp_loss":0,"event_name":"Vampires","floor":21,"gold_loss":0},{"damage_healed":0,"gold_gain":0,"player_choice":"Ignored","damage_taken":0,"max_hp_gain":0,"max_hp_loss":0,"event_name":"Ghosts","floor":25,"gold_loss":0}],"is_beta":false,"boss_relics":[{"not_picked":["Runic Dome","Ectoplasm"],"picked":"Velvet Choker"}],"items_purged_floors":[22],"is_endless":false,"potions_floor_spawned":[4,8,12,16,18],"killed_by":"Snecko","ascension_level":0}}