{"host":"n23juj4d9qam5hh1","time":1607834128,"event":{"mods":["BaseMod","Better Note","BetterRewards","Infinite Spire","Minty Spire (QoL Compilation)","Relic Stats","StSLib"],"gold_per_floor":[109,109,127,127,139,139,155,155,155,155,175,189,201,201,201,299,299,315,315,315,392,2,27,27,39,63,63,78,78,91,105,105,105,105],"floor_reached":33,"playtime":1347,"items_purged":["Bloodletting"],"score":285,"play_id":"43804c3c-7b5a-4815-91df-81146d44487d","local_time":"20201212233528","is_ascension_mode":true,"campfire_choices":[{"data":"Bash","floor":6,"key":"SMITH"},{"data":"Heavy Blade","floor":8,"key":"SMITH"},{"data":"Ghostly Armor","floor":10,"key":"SMITH"},{"floor":15,"key":"REST"},{"floor":24,"key":"REST"},{"floor":29,"key":"REST"},{"floor":32,"key":"REST"}],"circlet_count":0,"master_deck":["Bash+1","Ghostly Armor+1","Clothesline","Heavy Blade+1","Battle Trance","Pummel","Limit Break+1","Barricade","Uppercut","Battle Trance","Dropkick","Bludgeon","Rampage","Bludgeon","Impervious","Shrug It Off","Fire Breathing","Shockwave","Metallicize+1","Immolate"],"relics":["Burning Blood","NeowsBlessing","Ornamental Fan","infinitespire:ShieldingShard","Pandora\u0027s Box","Boot","MutagenicStrength","Pear","FossilizedHelix","infinitespire:Beetle Shell","infinitespire:PuzzleCube"],"acts_visited":["Exordium","TheCity"],"potions_floor_usage":[30],"damage_taken":[{"damage":0,"enemies":"Jaw Worm","floor":1,"turns":1},{"damage":0,"enemies":"2 Louse","floor":3,"turns":1},{"damage":0,"enemies":"Cultist","floor":5,"turns":1},{"damage":9,"enemies":"Looter","floor":7,"turns":4},{"damage":26,"enemies":"Lots of Slimes","floor":11,"turns":7},{"damage":0,"enemies":"Blue Slaver","floor":12,"turns":4},{"damage":8,"enemies":"Looter","floor":13,"turns":3},{"damage":63,"enemies":"The Guardian","floor":16,"turns":16},{"damage":0,"enemies":"Chosen","floor":18,"turns":4},{"damage":57,"enemies":"Nightmare","floor":23,"turns":10},{"damage":10,"enemies":"Shell Parasite","floor":25,"turns":6},{"damage":53,"enemies":"Centurion and Healer","floor":28,"turns":9},{"damage":37,"enemies":"Shelled Parasite and Fungi","floor":30,"turns":6},{"damage":14,"enemies":"3 Cultists","floor":31,"turns":6},{"damage":119,"enemies":"Collector","floor":33,"turns":11}],"seed_played":"-7880464820914588","potions_obtained":[{"floor":5,"key":"FairyPotion"},{"floor":7,"key":"Ancient Potion"},{"floor":13,"key":"BloodPotion"}],"is_trial":false,"path_per_floor":["M","?","M","?","M","R","M","R","T","R","M","M","M","$","R","B",null,"M","AVR","?","T","$","NM","R","M","T","?","M","R","M","M","R","B"],"character_chosen":"IRONCLAD","items_purchased":["Fire Breathing","FossilizedHelix"],"campfire_rested":4,"item_purchase_floors":[22,22],"current_hp_per_floor":[80,80,80,77,80,80,77,77,77,77,57,63,61,61,80,23,80,80,80,80,90,90,39,66,62,62,62,15,42,29,21,48,0,0],"gold":105,"neow_bonus":"THREE_ENEMY_KILL","is_daily":false,"chose_seed":false,"campfire_upgraded":3,"win_rate":0.0,"timestamp":1607834128,"path_taken":["M","?","M","?","M","R","M","R","T","R","M","M","M","$","R","BOSS","M","AVR","?","?","$","NM","R","M","T","?","M","R","M","M","R","BOSS"],"items_purchased_type":["Card","Relic"],"build_version":"2020-11-30","purchased_purges":1,"victory":false,"max_hp_per_floor":[80,80,80,80,80,80,80,80,80,80,80,80,80,80,80,80,80,80,80,80,90,90,90,90,90,90,90,90,90,90,90,90,90,90],"relic_stats":{"counters":[15,89],"Ornamental Fan":[8],"Pandora\u0027s Box":["Barricade","Uppercut","Battle Trance","Dropkick","Bludgeon","Rampage","Bludgeon","Impervious","Bloodletting"],"Boot":[35],"obtain_stats":[{"infinitespire:ShieldingShard":9,"Pear":21,"NeowsBlessing":0,"Ornamental Fan":4,"MutagenicStrength":20,"Pandora\u0027s Box":17,"infinitespire:Beetle Shell":23,"Boot":19,"Burning Blood":0,"FossilizedHelix":22,"infinitespire:PuzzleCube":26},{"infinitespire:ShieldingShard":4,"Pear":9,"NeowsBlessing":0,"Ornamental Fan":2,"MutagenicStrength":9,"Pandora\u0027s Box":8,"infinitespire:Beetle Shell":10,"Boot":9,"Burning Blood":0,"FossilizedHelix":9,"infinitespire:PuzzleCube":11},{"infinitespire:ShieldingShard":7,"Pear":41,"NeowsBlessing":0,"Ornamental Fan":2,"MutagenicStrength":41,"Pandora\u0027s Box":37,"infinitespire:Beetle Shell":51,"Boot":41,"Burning Blood":0,"FossilizedHelix":41,"infinitespire:PuzzleCube":57}],"Burning Blood":63},"card_choices":[{"not_picked":["Body Slam","Sword Boomerang"],"picked":"Ghostly Armor","floor":1},{"not_picked":["Armaments","Twin Strike","Bloodletting"],"picked":"SKIP","floor":3},{"not_picked":["Burning Pact","Dark Embrace"],"picked":"Clothesline","floor":5},{"not_picked":["Anger","Twin Strike"],"picked":"Heavy Blade","floor":7},{"not_picked":["Pommel Strike","Clothesline","Infernal Blade"],"picked":"SKIP","floor":11},{"not_picked":["Bloodletting","Iron Wave"],"picked":"Battle Trance","floor":12},{"not_picked":["Body Slam","Dropkick"],"picked":"Pummel","floor":13},{"not_picked":["Fiend Fire","Corruption"],"picked":"Limit Break","floor":16},{"not_picked":["Heavy Blade","Dropkick+1"],"picked":"Shrug It Off","floor":18},{"not_picked":["Wild Strike","Sword Boomerang"],"picked":"Shockwave","floor":23},{"not_picked":["Sentinel+1","Shrug It Off","Sword Boomerang"],"picked":"SKIP","floor":25},{"not_picked":["Shrug It Off","Iron Wave+1"],"picked":"Metallicize+1","floor":28},{"not_picked":["Flex","Body Slam"],"picked":"Immolate","floor":30},{"not_picked":["Hemokinesis","Heavy Blade","Entrench"],"picked":"SKIP","floor":31}],"player_experience":171094,"relics_obtained":[{"floor":9,"key":"infinitespire:ShieldingShard"},{"floor":21,"key":"Pear"},{"floor":23,"key":"infinitespire:Beetle Shell"},{"floor":26,"key":"infinitespire:PuzzleCube"}],"event_choices":[{"damage_healed":0,"gold_gain":0,"player_choice":"Ignored","damage_taken":0,"max_hp_gain":0,"max_hp_loss":0,"event_name":"Liars Game","floor":2,"gold_loss":0},{"damage_healed":0,"gold_gain":0,"player_choice":"Success","damage_taken":3,"relics_obtained":["Ornamental Fan"],"max_hp_gain":0,"max_hp_loss":0,"event_name":"Scrap Ooze","floor":4,"gold_loss":0},{"damage_healed":0,"gold_gain":0,"player_choice":"Inject Mutagens","damage_taken":0,"relics_obtained":["MutagenicStrength"],"max_hp_gain":0,"max_hp_loss":0,"event_name":"Drug Dealer","floor":20,"gold_loss":0},{"damage_healed":0,"gold_gain":0,"player_choice":"Forge","damage_taken":0,"max_hp_gain":0,"max_hp_loss":0,"event_name":"Accursed Blacksmith","floor":27,"gold_loss":0,"cards_upgraded":["Limit Break"]}],"is_beta":false,"boss_relics":[{"not_picked":["Tiny House","Busted Crown"],"picked":"Pandora\u0027s Box"}],"items_purged_floors":[19],"is_endless":false,"potions_floor_spawned":[5,7,13,23],"killed_by":"Collector","ascension_level":2}}