{"host":"63sioh49uueqzogg","time":1607830097,"event":{"mods":["BaseMod","Card Forge","Colored Map","Colored Powertips","Minty Spire (QoL Compilation)","StSLib","The Animator"],"gold_per_floor":[121,43,57,57,57,92,92,92,92],"floor_reached":8,"playtime":510,"items_purged":[],"score":70,"play_id":"da1c0f2c-8a9f-4772-ba99-eb45a372e268","local_time":"20201212192817","is_ascension_mode":true,"campfire_choices":[{"data":"animator:CowGirl","floor":7,"key":"SMITH"}],"circlet_count":0,"master_deck":["animator:Strike_MadokaMagica","animator:Defend_MadokaMagica","animator:Strike","animator:Defend","animator:Defend","animator:Defend","animator:IrohaTamaki","animator:YuiTsuruno","animator:Yuuichirou","animator:HiiragiShinya","animator:Yoichi","animator:NagisaMomoe+1","animator:CowGirl+1"],"relics":["animator:LivingPicture","animator:TheMissingPiece","Hammer of Thor","Seething Fire","Anvil of the Gods","Golden Idol","animator:WornHelmet"],"acts_visited":["Exordium"],"potions_floor_usage":[6],"damage_taken":[{"damage":0.0,"enemies":"Small Slimes","floor":1.0,"turns":4.0},{"damage":5.0,"enemies":"2 Louse","floor":3.0,"turns":4.0},{"damage":31,"enemies":"Lagavulin","floor":6,"turns":7},{"damage":0,"enemies":"3 Sentries","floor":8,"turns":2}],"seed_played":"-8331354777939889259","potions_obtained":[{"floor":3.0,"key":"Weak Potion"}],"is_trial":false,"path_per_floor":["M","$","M","?","?","E","R","E"],"character_chosen":"THE_ANIMATOR","items_purchased":["animator:NagisaMomoe"],"campfire_rested":0,"item_purchase_floors":[2],"current_hp_per_floor":[59,59,54,39,39,8,8,8,8],"gold":92,"neow_bonus":"TRANSFORM_TWO_CARDS","is_daily":false,"chose_seed":false,"campfire_upgraded":1,"win_rate":0.0,"timestamp":1607830097,"path_taken":["M","$","M","?","?","E","R","E"],"items_purchased_type":["Card"],"build_version":"2020-11-30","purchased_purges":0,"victory":false,"max_hp_per_floor":[60,60,60,60,60,60,60,60,60],"card_choices":[{"not_picked":["animator:Alexander","animator:Evileye"],"picked":"animator:Yoichi","floor":1.0},{"not_picked":["animator:Mitsuba","animator:Konayuki"],"picked":"animator:CowGirl","floor":3.0},{"not_picked":["animator:ShinjiMatou","animator:Yuuichirou","animator:Albedo"],"picked":"SKIP","floor":6}],"player_experience":552410,"relics_obtained":[{"floor":6,"key":"animator:WornHelmet"}],"event_choices":[{"damage_healed":0.0,"max_hp_gain":0.0,"max_hp_loss":0.0,"gold_gain":0.0,"event_name":"Golden Idol","player_choice":"Take Damage","floor":4.0,"gold_loss":0.0,"damage_taken":15.0,"relics_obtained":["Golden Idol"]},{"damage_healed":0,"gold_gain":0,"player_choice":"Grow","damage_taken":0,"max_hp_gain":0,"max_hp_loss":0,"event_name":"Living Wall","floor":5,"gold_loss":0,"cards_upgraded":["animator:NagisaMomoe"]}],"is_beta":false,"boss_relics":[],"items_purged_floors":[],"is_endless":false,"potions_floor_spawned":[3],"killed_by":"3 Sentries","ascension_level":6}}