{"host":"qwv9nni2x0umspiu","time":1607837871,"event":{"mods":["BaseMod","Downfall","Minty Spire (QoL Compilation)","Replay The Spire","StSLib","The Hierophant","Wandering Minibosses"],"gold_per_floor":[116,129,129,139,64,64,56,56,79,61,55,55,73,73,73,86,86,86,86],"floor_reached":18,"playtime":592,"items_purged":["hierophant:Strike_Hierophant"],"score":244,"play_id":"c3bf053b-2e52-448d-aaf5-0006856bb19f","local_time":"20201212213751","is_ascension_mode":true,"campfire_choices":[{"data":"hierophant:ChurchCoffers","floor":6,"key":"SMITH"},{"data":"hierophant:Punish","floor":8,"key":"SMITH"},{"floor":12,"key":"REST"},{"data":"hierophant:Exaltation","floor":17,"key":"SMITH"}],"circlet_count":0,"master_deck":["AscendersBane","hierophant:Strike_Hierophant","hierophant:Strike_Hierophant","hierophant:Punish+1","hierophant:Defend_Hierophant","hierophant:Defend_Hierophant","hierophant:Defend_Hierophant","hierophant:Defend_Hierophant","hierophant:ChurchCoffers+1","hierophant:Smite","hierophant:Community","hierophant:Zeal","hierophant:Exaltation+1","hierophant:Racketeering"],"relics":["hierophant:PropheticMaskRelic","NeowsBlessing","Simple Rune","Pen Nib","Nunchaku"],"acts_visited":["Exordium"],"potions_floor_usage":[7,10,11,16],"damage_taken":[{"damage":0,"enemies":"Cultist","floor":1,"turns":1},{"damage":0,"enemies":"Small Slimes","floor":2,"turns":1},{"damage":0,"enemies":"Jaw Worm","floor":4,"turns":1},{"damage":44,"enemies":"Gremlin Nob","floor":7,"turns":4},{"damage":6,"enemies":"Looter","floor":10,"turns":2},{"damage":3,"enemies":"Replay:BlueRogue","floor":11,"turns":4},{"damage":8,"enemies":"Exordium Thugs","floor":13,"turns":3},{"damage":0,"enemies":"Lots of Slimes","floor":16,"turns":2},{"damage":0,"enemies":"The Guardian","floor":18,"turns":1}],"seed_played":"6055870845677422859","potions_obtained":[{"floor":1,"key":"Strength Potion"},{"floor":7,"key":"Energy Potion"},{"floor":10,"key":"Toxic Potion"},{"floor":13,"key":"Block Potion"}],"is_trial":false,"path_per_floor":["M","M","?","M","$","R","E","R","T","M","E","R","M","PTL","PTL","M","R","B"],"character_chosen":"HIEROPHANT","items_purchased":[],"campfire_rested":1,"item_purchase_floors":[],"current_hp_per_floor":[68,68,61,61,61,61,17,17,17,11,8,30,22,22,22,22,22,22,22],"gold":86,"neow_bonus":"THREE_ENEMY_KILL","is_daily":false,"chose_seed":false,"campfire_upgraded":3,"win_rate":0.0,"timestamp":1607837871,"path_taken":["M","?","?","M","$","R","E","R","T","M","E","R","M","PTL","PTL","M","R","BOSS"],"items_purchased_type":[],"build_version":"2020-11-30","purchased_purges":1,"victory":false,"max_hp_per_floor":[75,75,75,75,75,75,75,75,75,75,75,75,75,75,75,75,75,75,75],"card_choices":[{"not_picked":["hierophant:Doomsaying","hierophant:OrnateBuckler"],"picked":"hierophant:Smite","floor":1},{"not_picked":["hierophant:Smite","hierophant:Sermon"],"picked":"hierophant:Community","floor":2},{"not_picked":["hierophant:FlamingChariot","hierophant:Sermon","hierophant:TollTheBells"],"picked":"SKIP","floor":4},{"not_picked":["hierophant:HolyVerse","hierophant:Rebuild"],"picked":"hierophant:Zeal","floor":7},{"not_picked":["hierophant:FieryStrike","hierophant:Patience","hierophant:RepressedViolence"],"picked":"SKIP","floor":10},{"not_picked":["hierophant:Purify","hierophant:Encroach"],"picked":"hierophant:Exaltation","floor":11},{"not_picked":["hierophant:FieryStrike","hierophant:Prophecy"],"picked":"hierophant:Racketeering","floor":13},{"not_picked":["hierophant:MirrorShield","hierophant:Purify","hierophant:Cornucopia"],"picked":"SKIP","floor":16}],"player_experience":1270647,"relics_obtained":[{"floor":7,"key":"Simple Rune"},{"floor":9,"key":"Pen Nib"},{"floor":11,"key":"Nunchaku"}],"event_choices":[{"cards_removed":["hierophant:Strike_Hierophant"],"damage_healed":0,"gold_gain":0,"player_choice":"Card Removal","damage_taken":7,"max_hp_gain":0,"max_hp_loss":0,"event_name":"Golden Wing","floor":3,"gold_loss":0}],"is_beta":false,"boss_relics":[],"items_purged_floors":[5],"is_endless":false,"potions_floor_spawned":[1,7,10,13],"killed_by":"The Guardian","ascension_level":20}}