{"host":"x5ow3h9y3elojghk","time":1607854497,"event":{"mods":["BaseMod","Downfall","Duelist Mod","KinomotoSakuraMod(ƒæ÷Æ±æ”£)","Marisa£®ÏF”Í°°ƒß¿Ì…≥£©","Minty Spire (QoL Compilation)","Reimu£®≤©¿ˆ¡È√Œ£©","Remilia£®¿Ÿ√◊¿Ú—«£©","StSLib","The Administrix","The Bug Knight","The Construct","The Cursed","The Hierophant","The Poker Player","The Runesmith","The Senshi","The Servant 0.9.4","Youmu£®ªÍ∆«—˝√Œ£©","[IsaacMod]“‘»ˆº‚À˛"],"gold_per_floor":[118,118,138,313,313,342,342,20,47,47,66,96,106,118,118,214,214,231,244,244,255,255,290,290,306,330,350,350,46,59,70,70,70,70,70,70],"floor_reached":33,"playtime":1497,"items_purged":["HollowMod:QuickDashStart","HollowMod:QuickDashStart"],"score":379,"play_id":"994d8773-d1e3-439e-bb2e-93bc195f7328","local_time":"20201213181457","is_ascension_mode":false,"campfire_choices":[{"data":"1","floor":10,"key":"LIFT"},{"data":"2","floor":15,"key":"LIFT"},{"data":"3","floor":24,"key":"LIFT"},{"data":"HollowMod:Weaversong","floor":32,"key":"SMITH"}],"circlet_count":0,"master_deck":["HollowMod:QuickDashStart","HollowMod:QuickDashStart","HollowMod:FocusHealStart","HollowMod:PogoStrike","BloodyBrimstone","HollowMod:DungDefenderAura","Regret","Doubt","HollowMod:theNailsmith","HollowMod:BaldurShell","HollowMod:CycloneSlash","HollowMod:Weaversong+1","HollowMod:NewGlowingWomb","Bite","Bite","Bite","Bite","Bite","HollowMod:NewGlowingWomb+1","HollowMod:NewGlowingWomb+1"],"relics":["HollowMod:VesselMask","HushsDoor","NeowsBlessing","UnicornStump","construct:FoamFinger","Tiny Chest","Girya","DoctorsRemote","Akabeko","Meat on the Bone","SacredBark","SharpPlug","ScarletDevilRocket","PreservedInsect","TheBattery"],"acts_visited":[],"potions_floor_usage":[13,13,18,21,27,27,33],"damage_taken":[{"damage":0,"enemies":"Jaw Worm","floor":1,"turns":1},{"damage":0,"enemies":"Cultist","floor":3,"turns":1},{"damage":0,"enemies":"Lagavulin","floor":6,"turns":1},{"damage":0,"enemies":"Small Slimes","floor":11,"turns":1},{"damage":5,"enemies":"3 Sentries","floor":12,"turns":3},{"damage":0,"enemies":"2 Fungi Beasts","floor":13,"turns":3},{"damage":3,"enemies":"Large Slime","floor":14,"turns":3},{"damage":43,"enemies":"The Guardian","floor":16,"turns":10},{"damage":3,"enemies":"Chosen","floor":18,"turns":3},{"damage":0,"enemies":"Spheric Guardian","floor":19,"turns":1},{"damage":21,"enemies":"Snecko","floor":21,"turns":5},{"damage":47,"enemies":"HollowMod:Nosk","floor":23,"turns":8},{"damage":3,"enemies":"Sentry and Sphere","floor":25,"turns":3},{"damage":13,"enemies":"Centurion and Healer","floor":27,"turns":3},{"damage":0,"enemies":"Shelled Parasite and Fungi","floor":30,"turns":1},{"damage":27,"enemies":"Chosen and Byrds","floor":31,"turns":4},{"damage":38,"enemies":"Champ","floor":33,"turns":7},{"damage":39,"enemies":"Champ","floor":33,"turns":7}],"seed_played":"-4068068632383115663","potions_obtained":[{"floor":6,"key":"Weak Potion"},{"floor":12,"key":"SkillPotion"},{"floor":16,"key":"Fire Potion"},{"floor":18,"key":"ZuzhouPotion:ReiMu"},{"floor":23,"key":"FearPotion"},{"floor":25,"key":"MagicPotion:ReiMu"}],"is_trial":false,"path_per_floor":["M","?","M","?","?","E","?","$","T","R","M","E","M","M","R","B",null,"M","M","T","M","?","E","R","M","T","M","?","$","M","M","R","B"],"character_chosen":"THE_BUGKNIGHT","items_purchased":["DoctorsRemote","TheBattery","SteroidPotion"],"campfire_rested":0,"item_purchase_floors":[8,29,29],"current_hp_per_floor":[75,75,75,75,33,33,33,33,33,33,33,34,46,43,43,18,69,66,66,66,42,42,21,21,26,26,25,21,21,25,28,28,0,0,0,0],"gold":70,"neow_bonus":"THREE_ENEMY_KILL","is_daily":false,"chose_seed":false,"campfire_upgraded":1,"win_rate":0.0,"timestamp":1607854497,"path_taken":["M","?","?","?","?","E","?","$","T","R","M","E","M","?","R","BOSS","M","?","?","M","?","E","R","?","T","M","?","$","M","M","R","BOSS"],"items_purchased_type":["Relic","Relic","Potion"],"build_version":"2020-11-30","purchased_purges":2,"victory":false,"max_hp_per_floor":[75,75,75,75,75,75,75,75,75,75,75,72,72,72,72,69,69,69,66,66,63,44,41,41,38,38,35,40,40,37,34,34,31,31,31,31],"card_choices":[{"not_picked":[],"picked":"BloodyBrimstone","floor":0},{"not_picked":["HollowMod:MantisMark","HollowMod:VengefulVoid"],"picked":"HollowMod:DungDefenderAura","floor":1},{"not_picked":["HollowMod:HowlingWraiths","HollowMod:DreamGate","HollowMod:PureNailStrike"],"picked":"SKIP","floor":3},{"not_picked":["HollowMod:PureNailStrike","HollowMod:InfectionAssault"],"picked":"HollowMod:theNailsmith","floor":6},{"not_picked":["HollowMod:CornifersMapStart","HollowMod:InfectedAttack","HollowMod:SoulSplash"],"picked":"SKIP","floor":11},{"not_picked":["HollowMod:SiblingsSouls","Bomb"],"picked":"HollowMod:BaldurShell","floor":12},{"not_picked":["HollowMod:TaintedHusks","HollowMod:DesolateDive","HollowMod:SiblingsSouls"],"picked":"SKIP","floor":13},{"not_picked":["HollowMod:CloakDash","HollowMod:NewJinnsSoul"],"picked":"HollowMod:CycloneSlash","floor":14},{"not_picked":["HollowMod:HornetsHelp","HollowMod:VoidDash"],"picked":"HollowMod:Weaversong","floor":16},{"not_picked":["HollowMod:PureNailStrike","HollowMod:TaintedHusks","HollowMod:ShadowDash+1"],"picked":"SKIP","floor":18},{"not_picked":["HollowMod:SiblingsShadow","HollowMod:TaintedHusks","HollowMod:DashSlash"],"picked":"SKIP","floor":19},{"not_picked":["HollowMod:MonarchWings+1","HollowMod:CloakDash+1"],"picked":"HollowMod:NewGlowingWomb","floor":21},{"not_picked":["HollowMod:SiblingsSouls","HollowMod:HowlingWraiths","HollowMod:NewJinnsSoul"],"picked":"SKIP","floor":23},{"not_picked":["HollowMod:SoulSplash","HollowMod:NewLittleFool+1"],"picked":"HollowMod:NewGlowingWomb+1","floor":25},{"not_picked":["HollowMod:DashSlash+1","HollowMod:CoiledNail","HollowMod:CloakDash"],"picked":"SKIP","floor":27},{"not_picked":["HollowMod:TaintedHusks","HollowMod:DoubleDash","HollowMod:ShadowDash+1"],"picked":"SKIP","floor":30},{"not_picked":["HollowMod:SoulEater","HollowMod:SharpenedShadows"],"picked":"HollowMod:NewGlowingWomb+1","floor":31}],"player_experience":279269,"relics_obtained":[{"floor":6,"key":"Girya"},{"floor":9,"key":"Akabeko"},{"floor":12,"key":"Meat on the Bone"},{"floor":20,"key":"SharpPlug"},{"floor":23,"key":"ScarletDevilRocket"},{"floor":26,"key":"PreservedInsect"}],"event_choices":[{"damage_healed":0,"gold_gain":0,"player_choice":"Box","damage_taken":0,"relics_obtained":["construct:FoamFinger"],"max_hp_gain":0,"max_hp_loss":0,"event_name":"Big Fish","floor":2,"gold_loss":0,"cards_obtained":["Regret"]},{"damage_healed":0,"gold_gain":175,"player_choice":"AGREE","damage_taken":0,"max_hp_gain":0,"max_hp_loss":0,"event_name":"Liars Game","floor":4,"gold_loss":0,"cards_obtained":["Doubt"]},{"damage_healed":0,"gold_gain":0,"player_choice":"Success","damage_taken":42,"relics_obtained":["Tiny Chest"],"max_hp_gain":0,"max_hp_loss":0,"event_name":"Scrap Ooze","floor":5,"gold_loss":0},{"damage_healed":0,"gold_gain":0,"player_choice":"Became a vampire","damage_taken":0,"max_hp_gain":0,"max_hp_loss":19,"event_name":"Vampires","floor":22,"gold_loss":0,"cards_obtained":["Bite","Bite","Bite","Bite","Bite"]},{"damage_healed":0,"gold_gain":0,"player_choice":"Shed Blood","damage_taken":9,"max_hp_gain":5,"max_hp_loss":0,"event_name":"Forgotten Altar","floor":28,"gold_loss":0}],"is_beta":false,"boss_relics":[{"not_picked":["SlaversCollar","construct:ClawGrip"],"picked":"SacredBark"},{"not_picked":[]}],"items_purged_floors":[8,29],"is_endless":false,"potions_floor_spawned":[6,12,16,18,23,25],"killed_by":"Champ","ascension_level":0}}