{"host":"3pyrf848gr42tovh","time":1607877366,"event":{"mods":["Aspiration","BaseMod","Better Altar","Better Match","Better Note","Better Sensory Stone","Better Skull","Better Third Choice","BetterRewards","Colored Map","Conspire","Displayed Cursed Tome","Hubris","Infinite Spire","Marisa????????","Minty Spire (QoL Compilation)","Quick Restart","Relic Sorter","Relic Stats","Remilia??????","Replay The Spire","StSLib","Td1madao Mod","The Administrix","The Animator","The Cursed","The Hierophant","The Jungle","The Necromancer","The Servant 0.9.4","vexMod"],"gold_per_floor":[113,113,61,61,61,61,89,100,127,87,37,71,81,81,81,180,180,195,195,214,214,226,226,226,70,70,95,95,95,95,110,110,205,205,222,122,172,222,222,222,147,175,221,254,254,273,285,34,34,34],"floor_reached":51,"playtime":1479,"items_purged":["Defend_R","Survivor","Delirium"],"score":1143,"play_id":"d61286c6-843a-44a8-b8fe-d1632e91f190","local_time":"20201213183606","is_ascension_mode":true,"campfire_choices":[{"floor":6.0,"key":"REST"},{"floor":15.0,"key":"REST"},{"data":"Eclipse","floor":23,"key":"SMITH"},{"floor":30,"key":"REST"},{"data":"EndlessPower","floor":32,"key":"SMITH"},{"data":"Inflame","floor":40,"key":"SMITH"},{"data":"Inflame","floor":45,"key":"SMITH"},{"data":"ReplayTheSpireMod:Chaos Vortex","floor":49,"key":"SMITH"}],"circlet_count":0,"master_deck":["Strike_R","Strike_R","Strike_R","Defend_R","Defend_R+1","Defend_R","Pot Of Greed","ReplayTheSpireMod:Limb From Limb","Inflame+1","Pot Of Greed","Dropkick","Neutralize","aspiration:Lunge","Blood for Blood","Inflame+1","Offering","ReplayTheSpireMod:Chaos Vortex+1","Sword Boomerang+1","Pot Of Greed+1","ReplayTheSpireMod:Limb From Limb+1"],"relics":["Burning Blood","vexMod:RedPlottingStone","Vajra","Omamori","Du-Vu Doll","Grinning Jar","Juzu Bracelet","vexMod:Dragonfruit","vexMod:FocusSash","hubris:OldNail","ScarletDevilRocket","betterThird:SlimedRelic","infinitespire:Satchel","Empty Cage","aspiration:Stabinomicon","hubris:Towel","InkBottle","ReplayFunnel","Gremlin Horn","Centennial Puzzle","hubris:ScarierMask","Magic Flower","Ring of Greed","ReplayTheSpireMod:Ring of Exchange","Replay:Wax Seal","Blue Doll","Mercury Hourglass","War Paint","hubris:ToyBattleship","aspiration:ChemicalBlood"],"acts_visited":["Exordium","TheCity","TheBeyond"],"potions_floor_usage":[16,22,27,42,50,50],"damage_taken":[{"damage":0.0,"enemies":"Cultist","floor":1.0,"turns":2.0},{"damage":31.0,"enemies":"3 Sentries","floor":7.0,"turns":6.0},{"damage":2.0,"enemies":"2 Louse","floor":8.0,"turns":4.0},{"damage":13.0,"enemies":"Gremlin Nob","floor":12.0,"turns":4.0},{"damage":0.0,"enemies":"Small Slimes","floor":13.0,"turns":3.0},{"damage":31,"enemies":"The Guardian","floor":16,"turns":11},{"damage":9,"enemies":"Chosen","floor":18,"turns":4},{"damage":18,"enemies":"Spheric Guardian","floor":20,"turns":4},{"damage":23,"enemies":"Cultist and Chosen","floor":22,"turns":4},{"damage":21,"enemies":"conspire:Head Lice","floor":27,"turns":4},{"damage":14,"enemies":"Snecko","floor":31,"turns":3},{"damage":35,"enemies":"Champ","floor":33,"turns":8},{"damage":32,"enemies":"Orb Walker","floor":35,"turns":3},{"damage":21,"enemies":"Mind Bloom Boss Battle","floor":37,"turns":3},{"damage":7,"enemies":"Nemesis","floor":42,"turns":3},{"damage":6,"enemies":"Reptomancer","floor":44,"turns":2},{"damage":14,"enemies":"3 Shapes","floor":46,"turns":1},{"damage":0,"enemies":"3 Darklings","floor":47,"turns":1},{"damage":25,"enemies":"Time Eater","floor":50,"turns":2}],"seed_played":"4645974389874466973","potions_obtained":[{"floor":1.0,"key":"Languid Potion"},{"floor":7.0,"key":"Fire Potion"},{"floor":10.0,"key":"AttackPotion"},{"floor":12.0,"key":"Doom Potion"},{"floor":16,"key":"Weak Potion"},{"floor":20,"key":"Fire Potion"},{"floor":33,"key":"Milkshake"},{"floor":37,"key":"FearPotion"},{"floor":44,"key":"Adrenaline Potion"}],"is_trial":false,"path_per_floor":["M","?","$","?","?","R","E","M","T","?","?","E","M","?","R","B",null,"M","?","M","?","M","R","?","$","T","E","T","?","R","M","R","B",null,"M","NS","?","?","AVR","R","?","E","T","E","R","M","M","$","R","B",null],"character_chosen":"IRONCLAD","items_purchased":["Omamori","Grinning Jar","ReplayTheSpireMod:Limb From Limb","Inflame","Juzu Bracelet","Dropkick","Inflame","aspiration:ChemicalBlood"],"campfire_rested":3,"item_purchase_floors":[0,0,0,0,0,3,25,48],"current_hp_per_floor":[85,24,24,24,24,49,24,28,28,28,17,10,16,16,41,16,85,82,66,54,54,37,37,37,37,37,22,22,22,47,39,39,10,85,59,59,44,44,44,44,44,46,46,49,49,44,53,53,53,37],"gold":34,"neow_bonus":"","is_daily":false,"chose_seed":false,"campfire_upgraded":5,"win_rate":0.0,"timestamp":1607877366,"path_taken":["M","?","$","?","?","R","E","M","T","?","?","E","M","?","R","BOSS","M","?","M","?","M","R","?","?","T","E","?","?","R","M","R","BOSS","M","NS","?","?","AVR","R","?","E","T","E","R","M","M","$","R","BOSS"],"items_purchased_type":["Relic","Relic","Card","Card","Relic","Card","Card","Relic"],"build_version":"2020-11-30","purchased_purges":3,"victory":true,"max_hp_per_floor":[85,85,85,85,85,85,85,85,85,85,85,85,85,85,85,85,85,85,85,85,85,85,85,85,85,85,85,85,85,85,85,85,85,85,85,85,85,85,85,85,85,85,85,85,85,85,85,85,85,85],"relic_stats":{"Centennial Puzzle":[24],"Gremlin Horn":[3,3],"counters":[106,460],"Magic Flower":[15],"Juzu Bracelet":2,"War Paint":["Defend_R","Pot Of Greed"],"obtain_stats":[{"Replay:Accelerometer":11,"ScarletDevilRocket":2,"Gremlin Horn":28,"Vampiric Spirits":0,"Vajra":7,"theJungle:Creamberry":25,"aspiration:Stabinomicon":19,"Whetstone":53,"Replay:Wanted Poster":17,"Blood Vial":29,"Replay:Ringing Soul":8,"Centennial Puzzle":29,"infinitespire:ShieldingShard":9,"hubris:AstralHammer":9,"DollysMirror":0,"Strawberry":6,"MealTicket":42,"infinitespire:Golems Mask":43,"Kunai":24,"Replay:Wax Seal":46,"conspire:Dentures":23,"Pear":43,"Happy Flower":54,"Pen Nib":12,"War Paint":43,"hubris:Zylophone":21,"Du-Vu Doll":0,"Replay:Baseball":6,"Onion Ring":15,"hubris:ToyBattleship":48,"CatCart":47,"Grinning Jar":0,"vexMod:ImprovementManual":29,"infinitespire:PuzzleCube":40,"vexMod:BigBerry":17,"ReplayFunnel":27,"ReplayTheSpireMod:Ring of Exchange":38,"Magic Flower":37,"Painkiller Herb":17,"Mango":0,"Blue Doll":38,"Bag of Preparation":9,"Juzu Bracelet":0,"hubris:RunicObelisk":34,"Empty Cage":17,"Pet Ghost":26,"Burning Blood":0,"Replay:Rubber Ducky":21,"vexMod:RedPlottingStone":42,"hubris:ScarierMask":34,"Red Mask":48,"InkBottle":26,"Ring of the Snake":0,"aspiration:ChemicalBlood":48,"BargainBundle":0,"NeowsBlessing":0,"Golden Idol":2,"vexMod:BerryBomb":14,"conspire:RunicOctahedron":34,"Replay:WaspNest":54,"Omamori":0,"infinitespire:Lucky Rock":3,"infinitespire:CheckeredPen":19,"vexMod:FocusSash":46,"Ring of Greed":38,"hubris:Towel":13,"Mercury Hourglass":39,"vexMod:Dragonfruit":13,"Busted Crown":0,"betterThird:SlimedRelic":11,"infinitespire:Satchel":12,"Garlic":6,"ReplayTheSpireMod:Lightbulb":12,"hubris:OldNail":14},{"Replay:Accelerometer":38,"ScarletDevilRocket":88,"Gremlin Horn":97,"Vampiric Spirits":59,"Vajra":89,"theJungle:Creamberry":44,"aspiration:Stabinomicon":94,"Whetstone":57,"Replay:Wanted Poster":69,"Blood Vial":74,"Replay:Ringing Soul":36,"Centennial Puzzle":97,"infinitespire:ShieldingShard":5,"hubris:AstralHammer":24,"DollysMirror":59,"Strawberry":64,"MealTicket":80,"infinitespire:Golems Mask":80,"Kunai":44,"Replay:Wax Seal":54,"conspire:Dentures":13,"Pear":53,"Happy Flower":86,"Pen Nib":67,"War Paint":102,"hubris:Zylophone":11,"Du-Vu Doll":87,"Replay:Baseball":23,"Onion Ring":68,"hubris:ToyBattleship":83,"CatCart":55,"Grinning Jar":87,"vexMod:ImprovementManual":74,"infinitespire:PuzzleCube":78,"vexMod:BigBerry":41,"ReplayFunnel":97,"ReplayTheSpireMod:Ring of Exchange":101,"Magic Flower":101,"Painkiller Herb":8,"Mango":59,"Blue Doll":101,"Bag of Preparation":36,"Juzu Bracelet":87,"hubris:RunicObelisk":48,"Empty Cage":93,"Pet Ghost":72,"Burning Blood":0,"Replay:Rubber Ducky":43,"vexMod:RedPlottingStone":102,"hubris:ScarierMask":99,"Red Mask":84,"InkBottle":96,"Ring of the Snake":0,"aspiration:ChemicalBlood":105,"BargainBundle":59,"NeowsBlessing":32,"Golden Idol":20,"vexMod:BerryBomb":7,"conspire:RunicOctahedron":75,"Replay:WaspNest":58,"Omamori":87,"infinitespire:Lucky Rock":2,"infinitespire:CheckeredPen":42,"vexMod:FocusSash":82,"Ring of Greed":101,"hubris:Towel":25,"Mercury Hourglass":101,"vexMod:Dragonfruit":39,"Busted Crown":27,"betterThird:SlimedRelic":90,"infinitespire:Satchel":91,"Garlic":4,"ReplayTheSpireMod:Lightbulb":6,"hubris:OldNail":26},{"Replay:Accelerometer":175,"ScarletDevilRocket":391,"Gremlin Horn":434,"Vampiric Spirits":287,"Vajra":397,"theJungle:Creamberry":215,"aspiration:Stabinomicon":422,"Whetstone":276,"Replay:Wanted Poster":327,"Blood Vial":344,"Replay:Ringing Soul":165,"Centennial Puzzle":434,"infinitespire:ShieldingShard":24,"hubris:AstralHammer":120,"DollysMirror":287,"Strawberry":300,"MealTicket":363,"infinitespire:Golems Mask":363,"Kunai":215,"Replay:Wax Seal":259,"conspire:Dentures":80,"Pear":254,"Happy Flower":384,"Pen Nib":316,"War Paint":454,"hubris:Zylophone":72,"Du-Vu Doll":389,"Replay:Baseball":114,"Onion Ring":319,"hubris:ToyBattleship":370,"CatCart":267,"Grinning Jar":389,"vexMod:ImprovementManual":344,"infinitespire:PuzzleCube":357,"vexMod:BigBerry":193,"ReplayFunnel":434,"ReplayTheSpireMod:Ring of Exchange":451,"Magic Flower":451,"Painkiller Herb":50,"Mango":287,"Blue Doll":451,"Bag of Preparation":165,"Juzu Bracelet":389,"hubris:RunicObelisk":234,"Empty Cage":418,"Pet Ghost":333,"Burning Blood":0,"Replay:Rubber Ducky":208,"vexMod:RedPlottingStone":454,"hubris:ScarierMask":445,"Red Mask":373,"InkBottle":430,"Ring of the Snake":0,"aspiration:ChemicalBlood":458,"BargainBundle":287,"NeowsBlessing":158,"Golden Idol":100,"vexMod:BerryBomb":40,"conspire:RunicOctahedron":350,"Replay:WaspNest":281,"Omamori":389,"infinitespire:Lucky Rock":11,"infinitespire:CheckeredPen":200,"vexMod:FocusSash":367,"Ring of Greed":451,"hubris:Towel":121,"Mercury Hourglass":451,"vexMod:Dragonfruit":180,"Busted Crown":134,"betterThird:SlimedRelic":401,"infinitespire:Satchel":405,"Garlic":21,"ReplayTheSpireMod:Lightbulb":30,"hubris:OldNail":126}],"Burning Blood":406,"InkBottle":[11],"Mercury Hourglass":[37]},"card_choices":[{"not_picked":["Sever Soul","Dark Embrace","Run Through"],"picked":"SKIP","floor":1.0},{"not_picked":["Combust","Clothesline","True Grit"],"picked":"SKIP","floor":7.0},{"not_picked":["Twin Strike","Replay:Undeath\u0027s Touch","Body Slam"],"picked":"SKIP","floor":8.0},{"not_picked":["Twin Strike","hubris:ReadiedAction","Pommel Strike"],"picked":"SKIP","floor":12.0},{"not_picked":["Pommel Strike","hubris:ReadiedAction","Clash"],"picked":"SKIP","floor":13.0},{"not_picked":["Corruption","Fiend Fire"],"picked":"Eclipse","floor":16},{"not_picked":["Cleave+1","hubris:ReadiedAction"],"picked":"Blood for Blood","floor":18},{"not_picked":["True Grit","Clothesline+1","Pommel Strike"],"picked":"SKIP","floor":20},{"not_picked":["ReplayTheSpireMod:Strike From Hell","Fire Breathing","Whirlwind"],"picked":"SKIP","floor":22},{"not_picked":["Sword Boomerang","Entrench","Body Slam+1"],"picked":"SKIP","floor":27},{"not_picked":["ReplayTheSpireMod:Stacked","Replay:Undeath\u0027s Touch","Rage"],"picked":"SKIP","floor":31},{"not_picked":["Run Through","Iron Wave","Uppercut+1"],"picked":"SKIP","floor":35},{"not_picked":["Hemokinesis","Shrug It Off+1"],"picked":"Offering","floor":37},{"not_picked":["Shrug It Off","Perfected Strike+1"],"picked":"Sword Boomerang+1","floor":42},{"not_picked":["Thunderclap","Whirlwind","True Grit+1"],"picked":"SKIP","floor":44},{"not_picked":["Massacre","hubris:CleavingFinish+1","ReplayTheSpireMod:Corrosion Curse"],"picked":"SKIP","floor":46},{"not_picked":["Massacre","hubris:CleavingFinish+1","ReplayTheSpireMod:Corrosion Curse"],"picked":"SKIP","floor":46},{"not_picked":["Shrug It Off+1","Replay:Undeath\u0027s Touch"],"picked":"ReplayTheSpireMod:Limb From Limb+1","floor":47}],"player_experience":105871,"relics_obtained":[{"floor":7.0,"key":"Vajra"},{"floor":12.0,"key":"infinitespire:Satchel"},{"floor":26,"key":"InkBottle"},{"floor":27,"key":"ReplayFunnel"},{"floor":28,"key":"Gremlin Horn"},{"floor":37,"key":"Magic Flower"},{"floor":38,"key":"Ring of Greed"},{"floor":38,"key":"ReplayTheSpireMod:Ring of Exchange"},{"floor":38,"key":"Replay:Wax Seal"},{"floor":38,"key":"Blue Doll"},{"floor":42,"key":"vexMod:RedPlottingStone"},{"floor":43,"key":"War Paint"},{"floor":44,"key":"hubris:ToyBattleship"}],"event_choices":[{"damage_healed":0.0,"max_hp_gain":0.0,"max_hp_loss":0.0,"gold_gain":0.0,"event_name":"betterSkull:BetterSkull","player_choice":"RE RE RE ","floor":2.0,"gold_loss":0.0,"damage_taken":67.0,"cards_upgraded":[],"relics_obtained":["vexMod:FocusSash","hubris:OldNail","ScarletDevilRocket"]},{"damage_healed":0.0,"max_hp_gain":0.0,"max_hp_loss":0.0,"gold_gain":0.0,"event_name":"The Woman in Blue","player_choice":"Bought 3 Potions","floor":10.0,"gold_loss":0.0,"damage_taken":0.0},{"damage_healed":0.0,"max_hp_gain":0.0,"max_hp_loss":0.0,"gold_gain":0.0,"event_name":"betterThird:BetterGoop","player_choice":"Slimed","floor":11.0,"gold_loss":50.0,"damage_taken":11.0},{"damage_healed":0.0,"max_hp_gain":0.0,"max_hp_loss":0.0,"gold_gain":1.0,"event_name":"betterStone:BetterStone","player_choice":"4","floor":14.0,"gold_loss":0.0,"damage_taken":0.0,"cards_obtained":["aspiration:Lunge"]},{"damage_healed":0,"gold_gain":0,"player_choice":"Obtained Book","damage_taken":16,"max_hp_gain":0,"max_hp_loss":0,"event_name":"Cursed Tome","floor":19,"gold_loss":0},{"cards_removed":["Dropkick"],"damage_healed":0,"gold_gain":0,"player_choice":"Gave Card","damage_taken":0,"relics_obtained":["Centennial Puzzle"],"max_hp_gain":0,"max_hp_loss":0,"event_name":"WeMeetAgain","floor":29,"gold_loss":0},{"damage_healed":0,"gold_gain":0,"player_choice":"Fight","damage_taken":0,"max_hp_gain":0,"max_hp_loss":0,"event_name":"MindBloom","floor":37,"gold_loss":0},{"damage_healed":0,"gold_gain":0,"player_choice":"3","damage_taken":0,"max_hp_gain":0,"max_hp_loss":0,"event_name":"betterMatch:BetterMatch","floor":41,"gold_loss":0,"cards_obtained":[]}],"is_beta":false,"boss_relics":[{"not_picked":["conspire:SpecialSausage","aspiration:SecretTechniqueScroll"],"picked":"Empty Cage"},{"not_picked":["Runic Pyramid","vexMod:EndlessSickness"],"picked":"hubris:ScarierMask"}],"items_purged_floors":[25,39,48],"is_endless":false,"potions_floor_spawned":[1,7,12,16,20,33,37,44],"ascension_level":2}}