{"host":"90jl2h70xtuoeg0i","time":1607829334,"event":{"mods":["AchievementEnabler","BaseMod","Colored Map","Colored Powertips","Minty Spire (QoL Compilation)","Relic Stats","ojb\u0027s Better Paths Mod","ojb\u0027s Info Mod"],"gold_per_floor":[117,117,132,142,142,142,167,179,204,233,233,256,146,176,176,256,256,280,280,269,184,25,25,67,67,139,172,185,202,215,34,34,34,34],"floor_reached":33,"playtime":2104,"items_purged":["Strike_G"],"score":549,"play_id":"dc2a7c95-e7a7-4013-86ed-41450c571c96","local_time":"20201212221534","is_ascension_mode":true,"campfire_choices":[{"data":"Dash","floor":6,"key":"SMITH"},{"data":"Dash","floor":15,"key":"SMITH"},{"floor":23,"key":"REST"},{"floor":25,"key":"REST"},{"data":"PiercingWail","floor":32,"key":"SMITH"}],"circlet_count":0,"master_deck":["AscendersBane","Strike_G+1","Strike_G","Defend_G","Defend_G","Defend_G","Defend_G","Defend_G","Survivor","Neutralize","Dash+1","Choke","Riddle With Holes+1","Eviscerate","Dash+1","Prepared","Bouncing Flask","Venomology","PiercingWail+1","Cloak And Dagger","Dash+1","Adrenaline","Adrenaline"],"relics":["Philosopher\u0027s Stone","Happy Flower","Blood Vial","Strawberry","Matryoshka","CeramicFish","Shuriken","PreservedInsect","Empty Cage","Pantograph","DollysMirror","FossilizedHelix","Tiny Chest","Sundial","The Courier","Whetstone"],"acts_visited":["Exordium","TheCity"],"potions_floor_usage":[8,16,28,30,33,33],"damage_taken":[{"damage":12,"enemies":"2 Louse","floor":1,"turns":3},{"damage":0,"enemies":"Small Slimes","floor":3,"turns":4},{"damage":0,"enemies":"Jaw Worm","floor":4,"turns":2},{"damage":7,"enemies":"3 Sentries","floor":7,"turns":9},{"damage":2,"enemies":"2 Fungi Beasts","floor":8,"turns":3},{"damage":26,"enemies":"Gremlin Nob","floor":10,"turns":4},{"damage":0,"enemies":"Large Slime","floor":12,"turns":5},{"damage":10,"enemies":"Lagavulin","floor":14,"turns":4},{"damage":16,"enemies":"Slime Boss","floor":16,"turns":8},{"damage":15,"enemies":"Shell Parasite","floor":18,"turns":5},{"damage":6,"enemies":"2 Thieves","floor":20,"turns":4},{"damage":17,"enemies":"Book of Stabbing","floor":24,"turns":5},{"damage":1,"enemies":"Gremlin Leader","floor":27,"turns":6},{"damage":0,"enemies":"Centurion and Healer","floor":28,"turns":5},{"damage":0,"enemies":"Chosen and Byrds","floor":29,"turns":5},{"damage":6,"enemies":"Snake Plant","floor":30,"turns":5},{"damage":86,"enemies":"Automaton","floor":33,"turns":12}],"seed_played":"190836305646805859","potions_obtained":[{"floor":1,"key":"FearPotion"},{"floor":3,"key":"Dexterity Potion"},{"floor":4,"key":"DuplicationPotion"},{"floor":16,"key":"Fire Potion"},{"floor":18,"key":"Ancient Potion"},{"floor":30,"key":"Weak Potion"}],"is_trial":false,"path_per_floor":["M","?","M","M","?","R","E","M","T","E","T","M","$","E","R","B",null,"M","?","M","?","$","R","E","R","T","E","M","M","M","$","R","B"],"character_chosen":"THE_SILENT","items_purchased":["Bouncing Flask","DollysMirror","Adrenaline","Whetstone"],"campfire_rested":2,"item_purchase_floors":[13,22,31,31],"current_hp_per_floor":[47,29,29,29,51,51,44,44,51,27,27,29,29,21,21,7,57,44,23,19,19,19,42,27,50,50,51,53,55,51,51,51,0,0],"gold":34,"neow_bonus":"BOSS_RELIC","is_daily":false,"chose_seed":false,"campfire_upgraded":3,"win_rate":0.0,"timestamp":1607829334,"path_taken":["M","?","M","M","?","R","E","M","T","E","?","M","$","E","R","BOSS","M","?","M","?","?","R","E","R","T","E","M","M","M","$","R","BOSS"],"items_purchased_type":["Card","Relic","Card","Relic"],"build_version":"2020-11-30","purchased_purges":1,"victory":false,"max_hp_per_floor":[66,66,66,66,66,66,66,66,73,73,73,73,73,73,73,73,73,73,78,78,78,78,78,78,78,78,78,78,78,78,78,78,78,78],"relic_stats":{"Blood Vial":26,"Happy Flower":[28],"counters":[17,89],"Shuriken":[14],"Sundial":[4],"CeramicFish":72,"Pantograph":25,"Tiny Chest":0,"PreservedInsect":88,"Whetstone":["Riddle With Holes","Strike_G"],"obtain_stats":[{"Happy Flower":2,"CeramicFish":11,"PreservedInsect":14,"The Courier":27,"Whetstone":31,"Empty Cage":17,"Blood Vial":7,"Matryoshka":10,"Shuriken":11,"DollysMirror":22,"Sundial":26,"Strawberry":9,"Pantograph":21,"Philosopher\u0027s Stone":0,"Tiny Chest":26,"FossilizedHelix":24,"Ring of the Snake":0},{"Happy Flower":1,"CeramicFish":6,"PreservedInsect":8,"The Courier":13,"Whetstone":16,"Empty Cage":9,"Blood Vial":4,"Matryoshka":6,"Shuriken":6,"DollysMirror":11,"Sundial":12,"Strawberry":5,"Pantograph":11,"Philosopher\u0027s Stone":0,"Tiny Chest":12,"FossilizedHelix":12,"Ring of the Snake":0},{"Happy Flower":3,"CeramicFish":25,"PreservedInsect":34,"The Courier":62,"Whetstone":77,"Empty Cage":42,"Blood Vial":18,"Matryoshka":25,"Shuriken":25,"DollysMirror":51,"Sundial":56,"Strawberry":21,"Pantograph":51,"Philosopher\u0027s Stone":0,"Tiny Chest":56,"FossilizedHelix":56,"Ring of the Snake":0}]},"card_choices":[{"not_picked":["Masterful Stab","Skewer"],"picked":"Dash","floor":1},{"not_picked":["Outmaneuver","Sucker Punch"],"picked":"Choke","floor":3},{"not_picked":["Setup","Flying Knee"],"picked":"Riddle With Holes","floor":4},{"not_picked":["Acrobatics","Flying Knee","Underhanded Strike"],"picked":"SKIP","floor":7},{"not_picked":["Poisoned Stab","Slice"],"picked":"Eviscerate","floor":8},{"not_picked":["Grand Finale","Sucker Punch"],"picked":"Dash","floor":10},{"not_picked":["Backflip","Poisoned Stab"],"picked":"Prepared","floor":12},{"not_picked":["Expertise","Bane","Doppelganger"],"picked":"SKIP","floor":14},{"not_picked":["A Thousand Cuts","After Image"],"picked":"Venomology","floor":16},{"not_picked":["Acrobatics","Escape Plan"],"picked":"PiercingWail","floor":18},{"not_picked":["Dodge and Roll","Poisoned Stab"],"picked":"Cloak And Dagger","floor":20},{"not_picked":["Tactician","Sucker Punch"],"picked":"Adrenaline","floor":24},{"not_picked":["Sucker Punch","Acrobatics","Setup"],"picked":"SKIP","floor":27},{"not_picked":["Bane","Prepared+1","Acrobatics"],"picked":"SKIP","floor":28},{"not_picked":["Outmaneuver","Acrobatics","Deadly Poison"],"picked":"SKIP","floor":29},{"not_picked":["Outmaneuver","Dodge and Roll","Calculated Gamble"],"picked":"SKIP","floor":30}],"player_experience":1255226,"relics_obtained":[{"floor":7,"key":"Blood Vial"},{"floor":9,"key":"Strawberry"},{"floor":10,"key":"Matryoshka"},{"floor":11,"key":"CeramicFish"},{"floor":11,"key":"Shuriken"},{"floor":14,"key":"PreservedInsect"},{"floor":24,"key":"FossilizedHelix"},{"floor":26,"key":"Tiny Chest"},{"floor":26,"key":"Sundial"},{"floor":27,"key":"The Courier"}],"event_choices":[{"damage_healed":0,"gold_gain":0,"player_choice":"Success","damage_taken":18,"relics_obtained":["Happy Flower"],"max_hp_gain":0,"max_hp_loss":0,"event_name":"Scrap Ooze","floor":2,"gold_loss":0},{"damage_healed":22,"gold_gain":0,"player_choice":"Banana","damage_taken":0,"max_hp_gain":0,"max_hp_loss":0,"event_name":"Big Fish","floor":5,"gold_loss":0},{"damage_healed":0,"gold_gain":0,"player_choice":"Shed Blood","damage_taken":26,"max_hp_gain":5,"max_hp_loss":0,"event_name":"Forgotten Altar","floor":19,"gold_loss":0},{"damage_healed":0,"gold_gain":0,"player_choice":"Obtained Relic","damage_taken":0,"relics_obtained":["Pantograph"],"max_hp_gain":0,"max_hp_loss":0,"event_name":"Addict","floor":21,"gold_loss":85}],"is_beta":false,"boss_relics":[{"not_picked":["Runic Dome","Fusion Hammer"],"picked":"Empty Cage"}],"items_purged_floors":[13],"is_endless":false,"potions_floor_spawned":[1,3,4,16,18,28,30],"killed_by":"Automaton","ascension_level":16}}