{"host":"qwttrqaysb380yri","time":1607823460,"event":{"mods":["BaseMod","Custom Start","Minty Spire (QoL Compilation)","Puzzle Mod","Relic Stats","StSLib","The Cursed","The Hierophant"],"gold_per_floor":[125,145,171,136,136,157,167,167,167,211,136,164,205,228,228,194,194],"floor_reached":16,"playtime":555,"items_purged":["hierophant:Strike_Hierophant"],"score":257,"play_id":"d0c2653b-b7fb-4bdd-acb6-ea3caca41f60","local_time":"20201213023740","is_ascension_mode":true,"campfire_choices":[{"data":"hierophant:FlamingChariot","floor":8,"key":"SMITH"},{"data":"hierophant:Purify","floor":15,"key":"SMITH"}],"circlet_count":0,"master_deck":["AscendersBane","hierophant:Strike_Hierophant","hierophant:Strike_Hierophant","hierophant:Punish","hierophant:Defend_Hierophant","hierophant:Defend_Hierophant","hierophant:Defend_Hierophant","hierophant:ChurchCoffers","hierophant:CursedGold","hierophant:Doubloon","hierophant:FieryStrike","hierophant:FlamingChariot+1","hierophant:ThreeLashes","hierophant:FlamingChariot","hierophant:OrnateJavelin","hierophant:Purify+1","hierophant:Shelter","hierophant:SealAway","hierophant:ThreeLashes","hierophant:Empathy"],"relics":["hierophant:PropheticMaskRelic","Dead Branch","Prayer Wheel","Mango"],"acts_visited":["Exordium"],"potions_floor_usage":[7,10,13],"damage_taken":[{"damage":10,"enemies":"Cultist","floor":1,"turns":4},{"damage":0,"enemies":"Small Slimes","floor":2,"turns":3},{"damage":1,"enemies":"2 Louse","floor":3,"turns":2},{"damage":12,"enemies":"2 Fungi Beasts","floor":6,"turns":2},{"damage":26,"enemies":"Lagavulin","floor":7,"turns":5},{"damage":16,"enemies":"3 Sentries","floor":10,"turns":5},{"damage":16,"enemies":"Lots of Slimes","floor":12,"turns":3},{"damage":0,"enemies":"Gremlin Nob","floor":13,"turns":2},{"damage":8,"enemies":"Blue Slaver","floor":14,"turns":2},{"damage":36,"enemies":"Slime Boss","floor":16,"turns":5}],"seed_played":"-896933712615539931","potions_obtained":[{"floor":1,"key":"Dexterity Potion"},{"floor":2,"key":"FairyPotion"},{"floor":7,"key":"Dexterity Potion"},{"floor":10,"key":"DistilledChaos"}],"is_trial":false,"path_per_floor":["M","M","M","?","?","M","E","R","T","E","$","M","E","M","R","B"],"character_chosen":"HIEROPHANT","items_purchased":[],"campfire_rested":0,"item_purchase_floors":[],"current_hp_per_floor":[58,58,57,75,75,63,37,37,37,35,35,19,19,11,11,8,8],"gold":194,"neow_bonus":"TRANSFORM_CARD","is_daily":false,"chose_seed":false,"campfire_upgraded":2,"win_rate":0.0,"timestamp":1607823460,"path_taken":["M","M","M","?","?","M","E","R","T","E","$","M","E","?","R","BOSS"],"items_purchased_type":[],"build_version":"2020-11-30","purchased_purges":1,"victory":false,"max_hp_per_floor":[75,75,75,75,75,75,75,75,75,89,89,89,89,89,89,89,89],"relic_stats":{"counters":[10,33],"Dead Branch":[10],"Prayer Wheel":2,"obtain_stats":[{"hierophant:PropheticMaskRelic":0,"Dead Branch":7,"Prayer Wheel":9,"Mango":10},{"hierophant:PropheticMaskRelic":0,"Dead Branch":5,"Prayer Wheel":5,"Mango":6},{"hierophant:PropheticMaskRelic":0,"Dead Branch":16,"Prayer Wheel":16,"Mango":21}]},"card_choices":[{"not_picked":["hierophant:AuricBeam","hierophant:Alms"],"picked":"hierophant:FieryStrike","floor":1},{"not_picked":["hierophant:MorningPrayer","hierophant:Sermon"],"picked":"hierophant:FlamingChariot","floor":2},{"not_picked":["hierophant:Patience","hierophant:Purify"],"picked":"hierophant:ThreeLashes","floor":3},{"not_picked":["hierophant:RecallFunds","hierophant:PassingBell"],"picked":"hierophant:FlamingChariot","floor":6},{"not_picked":["hierophant:Shelter","hierophant:MintersHammer"],"picked":"hierophant:OrnateJavelin","floor":7},{"not_picked":["hierophant:ThreeLashes","hierophant:HammerAndAnvil"],"picked":"hierophant:Purify","floor":10},{"not_picked":["hierophant:Doubloon","hierophant:Remorse"],"picked":"hierophant:Shelter","floor":12},{"not_picked":["hierophant:Sermon","hierophant:Purify","hierophant:Mercenaries"],"picked":"SKIP","floor":12},{"not_picked":["hierophant:RecallFunds","hierophant:Repentance"],"picked":"hierophant:SealAway","floor":13},{"not_picked":["hierophant:ArchangelShield","hierophant:HolyVerse"],"picked":"hierophant:ThreeLashes","floor":14},{"not_picked":["hierophant:Shelter","hierophant:Purify"],"picked":"hierophant:Empathy","floor":14}],"player_experience":1815932,"relics_obtained":[{"floor":7,"key":"Dead Branch"},{"floor":9,"key":"Prayer Wheel"},{"floor":10,"key":"Mango"}],"event_choices":[{"damage_healed":18,"gold_gain":0,"player_choice":"Healed","damage_taken":0,"max_hp_gain":0,"max_hp_loss":0,"event_name":"The Cleric","floor":4,"gold_loss":35},{"cards_removed":["hierophant:Defend_Hierophant"],"damage_healed":0,"gold_gain":0,"player_choice":"Offered Basic","damage_taken":0,"max_hp_gain":0,"max_hp_loss":0,"event_name":"Bonfire Elementals","floor":5,"gold_loss":0}],"is_beta":false,"boss_relics":[],"items_purged_floors":[11],"is_endless":false,"potions_floor_spawned":[1,2,7,10,12],"killed_by":"Slime Boss","ascension_level":15}}