{"host":"x0ovlu53kkkog8rv","time":1607830326,"event":{"mods":["BaseMod","Colored Map","Minty Spire (QoL Compilation)","Quick Restart","SuperFastMode"],"gold_per_floor":[114,21,34,34,54,54,89,108,108,127,127,145,161,171,171,271,271,285,285,297,49,64,64,79,79,79,111,26,26,0,12,12,116,116,132,147,165,165,179,179,198,198,222,241,241,241,255,59,59,59,59],"floor_reached":50,"playtime":2112,"items_purged":[],"score":495,"play_id":"fb93f98d-8260-4318-9cfe-1e6d70db6054","local_time":"20201213123206","is_ascension_mode":false,"campfire_choices":[{"data":"Eruption","floor":6,"key":"SMITH"},{"floor":11,"key":"REST"},{"floor":15,"key":"REST"},{"floor":23,"key":"REST"},{"floor":25,"key":"REST"},{"floor":32,"key":"REST"},{"floor":40,"key":"REST"},{"floor":42,"key":"REST"},{"floor":45,"key":"REST"},{"data":"PathToVictory","floor":49,"key":"SMITH"}],"circlet_count":0,"master_deck":["Strike_P","Strike_P","Defend_P+1","Defend_P","Defend_P","Eruption+1","Vigilance+1","Devotion","FlurryOfBlows","Consecrate","FlyingSleeves","FollowUp","ThirdEye","FlyingSleeves","Consecrate","PathToVictory+1","Establishment","SashWhip+1","ThirdEye+1","WheelKick+1","FollowUp","SandsOfTime+1","Perseverance","Prostrate","PathToVictory","Evaluate","Establishment","Consecrate+1","CutThroughFate","Tantrum","Pray+1","InnerPeace","Wallop+1","Halt","FlurryOfBlows"],"relics":["PureWater","White Beast Statue","Meat on the Bone","Shuriken","Astrolabe","Bag of Preparation","HornCleat","MealTicket","War Paint","SacredBark","Bronze Scales","ClockworkSouvenir"],"acts_visited":["Exordium","TheCity","TheBeyond"],"potions_floor_usage":[7,8,16,16,20,21,31,33,33,35,39,39,41,50,50],"damage_taken":[{"damage":20,"enemies":"Small Slimes","floor":1,"turns":2},{"damage":3,"enemies":"Cultist","floor":3,"turns":4},{"damage":0,"enemies":"Jaw Worm","floor":5,"turns":1},{"damage":33,"enemies":"3 Sentries","floor":7,"turns":6},{"damage":5,"enemies":"Red Slaver","floor":8,"turns":3},{"damage":0,"enemies":"Looter","floor":10,"turns":2},{"damage":11,"enemies":"Blue Slaver","floor":12,"turns":3},{"damage":4,"enemies":"3 Louse","floor":13,"turns":3},{"damage":0,"enemies":"Exordium Wildlife","floor":14,"turns":3},{"damage":52,"enemies":"The Guardian","floor":16,"turns":6},{"damage":61,"enemies":"2 Thieves","floor":18,"turns":5},{"damage":3,"enemies":"3 Byrds","floor":20,"turns":3},{"damage":11,"enemies":"Centurion and Healer","floor":22,"turns":5},{"damage":36,"enemies":"Snake Plant","floor":24,"turns":5},{"damage":31,"enemies":"Slavers","floor":27,"turns":7},{"damage":15,"enemies":"Shelled Parasite and Fungi","floor":31,"turns":5},{"damage":54,"enemies":"Champ","floor":33,"turns":7},{"damage":25,"enemies":"3 Shapes","floor":35,"turns":3},{"damage":0,"enemies":"Orb Walker","floor":36,"turns":3},{"damage":5,"enemies":"Sphere and 2 Shapes","floor":37,"turns":3},{"damage":10,"enemies":"3 Darklings","floor":39,"turns":3},{"damage":85,"enemies":"Writhing Mass","floor":41,"turns":4},{"damage":40,"enemies":"4 Shapes","floor":44,"turns":4},{"damage":23,"enemies":"3 Darklings","floor":47,"turns":4},{"damage":65,"enemies":"Donu and Deca","floor":50,"turns":5}],"seed_played":"-8417030154060882270","potions_obtained":[{"floor":3,"key":"Weak Potion"},{"floor":4,"key":"Regen Potion"},{"floor":4,"key":"EssenceOfSteel"},{"floor":7,"key":"Energy Potion"},{"floor":8,"key":"Explosive Potion"},{"floor":13,"key":"SkillPotion"},{"floor":14,"key":"StancePotion"},{"floor":16,"key":"SmokeBomb"},{"floor":18,"key":"Explosive Potion"},{"floor":20,"key":"Swift Potion"},{"floor":22,"key":"SmokeBomb"},{"floor":24,"key":"FairyPotion"},{"floor":27,"key":"SkillPotion"},{"floor":31,"key":"DistilledChaos"},{"floor":33,"key":"DistilledChaos"},{"floor":35,"key":"Strength Potion"},{"floor":36,"key":"Strength Potion"},{"floor":39,"key":"FearPotion"},{"floor":41,"key":"Dexterity Potion"},{"floor":44,"key":"SpeedPotion"},{"floor":47,"key":"Weak Potion"}],"is_trial":false,"path_per_floor":["M","?","M","?","M","R","E","M","T","M","R","M","M","M","R","B",null,"M","?","M","$","M","R","M","R","T","E","?","$","?","M","R","B",null,"M","M","M","?","M","R","M","R","T","M","R","?","M","$","R","B"],"character_chosen":"WATCHER","items_purchased":["Bag of Preparation","Fruit Juice","FlurryOfBlows","ClockworkSouvenir"],"campfire_rested":8,"item_purchase_floors":[21,21,48,48],"current_hp_per_floor":[52,52,49,49,49,49,30,37,37,37,58,47,43,43,64,24,72,23,23,32,37,38,61,37,60,60,41,41,56,56,41,64,22,77,52,52,47,47,49,72,41,64,64,36,59,59,48,63,63,0,0],"gold":59,"neow_bonus":"ONE_RANDOM_RARE_CARD","is_daily":false,"chose_seed":false,"campfire_upgraded":2,"win_rate":0.0,"timestamp":1607830326,"path_taken":["M","?","?","?","M","R","E","M","T","M","R","M","?","M","R","BOSS","M","?","M","$","?","R","M","R","T","E","?","$","?","M","R","BOSS","M","M","M","?","M","R","M","R","T","M","R","?","M","$","R","BOSS"],"items_purchased_type":["Relic","Potion","Card","Relic"],"build_version":"2020-11-30","purchased_purges":0,"victory":false,"max_hp_per_floor":[72,72,72,72,72,72,72,72,72,72,72,72,72,72,72,72,72,72,72,72,77,77,77,77,77,77,77,77,77,77,77,77,77,77,77,77,77,77,77,77,77,77,77,77,77,77,77,77,77,77,77],"card_choices":[{"not_picked":["CrushJoints","WreathOfFlame"],"picked":"FlurryOfBlows","floor":1},{"not_picked":["Perseverance","CrushJoints"],"picked":"Consecrate","floor":3},{"not_picked":["WheelKick","Wallop"],"picked":"FlyingSleeves","floor":5},{"not_picked":["JustLucky","SandsOfTime"],"picked":"FollowUp","floor":7},{"not_picked":["Conclude","Fasting2"],"picked":"ThirdEye","floor":8},{"not_picked":["Conclude","JustLucky"],"picked":"FlyingSleeves","floor":10},{"not_picked":["CutThroughFate","CrushJoints"],"picked":"Consecrate","floor":12},{"not_picked":["LessonLearned","ThirdEye","Worship"],"picked":"SKIP","floor":13},{"not_picked":["ThirdEye","SashWhip"],"picked":"PathToVictory","floor":14},{"not_picked":["Ragnarok","Brilliance"],"picked":"Establishment","floor":16},{"not_picked":["Conclude","Halt"],"picked":"FollowUp","floor":18},{"not_picked":["Vengeance+1","WreathOfFlame"],"picked":"SandsOfTime+1","floor":20},{"not_picked":["Crescendo","SignatureMove"],"picked":"Perseverance","floor":22},{"not_picked":["Evaluate","Protect"],"picked":"Prostrate","floor":24},{"not_picked":["Crescendo","SignatureMove"],"picked":"PathToVictory","floor":27},{"not_picked":["CrushJoints","FlyingSleeves"],"picked":"Evaluate","floor":31},{"not_picked":["Blasphemy","Vault"],"picked":"Establishment","floor":33},{"not_picked":["Evaluate+1","CutThroughFate"],"picked":"Consecrate+1","floor":35},{"not_picked":["Crescendo+1","EmptyBody+1"],"picked":"CutThroughFate","floor":36},{"not_picked":["Conclude+1","Blasphemy"],"picked":"Tantrum","floor":37},{"not_picked":["CrushJoints","Weave+1"],"picked":"Pray+1","floor":39},{"not_picked":["ClearTheMind","FlyingSleeves"],"picked":"InnerPeace","floor":41},{"not_picked":["ReachHeaven+1","JustLucky"],"picked":"Wallop+1","floor":44},{"not_picked":["InnerPeace+1","FlurryOfBlows"],"picked":"Halt","floor":47}],"player_experience":190182,"relics_obtained":[{"floor":7,"key":"Meat on the Bone"},{"floor":9,"key":"Shuriken"},{"floor":26,"key":"HornCleat"},{"floor":27,"key":"MealTicket"},{"floor":43,"key":"Bronze Scales"}],"event_choices":[{"damage_healed":0,"gold_gain":0,"player_choice":"Paid Gold","damage_taken":0,"relics_obtained":["White Beast Statue"],"max_hp_gain":0,"max_hp_loss":0,"event_name":"WeMeetAgain","floor":2,"gold_loss":93},{"damage_healed":0,"gold_gain":0,"player_choice":"Got Potions","damage_taken":0,"max_hp_gain":0,"max_hp_loss":0,"event_name":"Lab","floor":4,"gold_loss":0},{"damage_healed":0,"gold_gain":0,"player_choice":"Ignored","damage_taken":0,"max_hp_gain":0,"max_hp_loss":0,"event_name":"N\u0027loth","floor":19,"gold_loss":0},{"damage_healed":0,"gold_gain":0,"player_choice":"Obtained Relic","damage_taken":0,"relics_obtained":["War Paint"],"max_hp_gain":0,"max_hp_loss":0,"event_name":"Addict","floor":28,"gold_loss":85},{"damage_healed":0,"gold_gain":0,"player_choice":"Paid Fearfully","damage_taken":0,"max_hp_gain":0,"max_hp_loss":0,"event_name":"Masked Bandits","floor":30,"gold_loss":26},{"damage_healed":0,"gold_gain":0,"player_choice":"Ignored","damage_taken":0,"max_hp_gain":0,"max_hp_loss":0,"event_name":"Mysterious Sphere","floor":38,"gold_loss":0},{"damage_healed":0,"gold_gain":0,"player_choice":"Ignored","damage_taken":0,"max_hp_gain":0,"max_hp_loss":0,"event_name":"Tomb of Lord Red Mask","floor":46,"gold_loss":0}],"is_beta":false,"boss_relics":[{"not_picked":["Philosopher\u0027s Stone","Coffee Dripper"],"picked":"Astrolabe"},{"not_picked":["Busted Crown","Tiny House"],"picked":"SacredBark"}],"items_purged_floors":[],"is_endless":false,"potions_floor_spawned":[3,5,7,8,10,12,13,14,16,18,20,22,24,27,31,33,35,36,37,39,41,44,47],"killed_by":"Donu and Deca","ascension_level":0}}