{"host":"x205naxbihvu3p76","time":1607823161,"event":{"mods":["AchievementEnabler","BaseMod","Minty Spire (QoL Compilation)","StSLib","SuperFastMode"],"gold_per_floor":[15,34,46,62,62,62,78,78,124,145,158,158,178,197,197,290,290,313,313,313,338,359,359,375,7,7,33,45,72,84,111,123,135,135],"floor_reached":33,"playtime":1119,"items_purged":["Strike_B"],"score":457,"play_id":"295e1af6-fab6-44c5-a4a1-c78a44ce3981","local_time":"20201213103241","is_ascension_mode":true,"campfire_choices":[{"floor":12,"key":"REST"},{"floor":15,"key":"REST"},{"data":"Creative AI","floor":23,"key":"SMITH"},{"floor":28,"key":"REST"},{"floor":30,"key":"REST"},{"floor":32,"key":"REST"}],"circlet_count":0,"master_deck":["AscendersBane","Strike_B","Defend_B","Defend_B","Defend_B","Defend_B","Zap","Dualcast","Heatsinks","White Noise","Rip and Tear","Go for the Eyes","Sunder+1","Conserve Battery","Leap","Cold Snap","Ball Lightning","Creative AI+1","Self Repair+1","Glacier","Turbo+1","Capacitor","Chill","Seek","Biased Cognition"],"relics":["FrozenCore","Golden Idol","Anchor","Membership Card","MawBank"],"acts_visited":["Exordium","TheCity"],"potions_floor_usage":[7,11,18,24,24,31,31],"damage_taken":[{"damage":1,"enemies":"2 Louse","floor":1,"turns":3},{"damage":11,"enemies":"Small Slimes","floor":2,"turns":4},{"damage":1,"enemies":"Cultist","floor":3,"turns":3},{"damage":0,"enemies":"2 Fungi Beasts","floor":4,"turns":2},{"damage":19,"enemies":"Large Slime","floor":7,"turns":5},{"damage":7,"enemies":"Exordium Thugs","floor":10,"turns":4},{"damage":0,"enemies":"Lots of Slimes","floor":11,"turns":3},{"damage":13,"enemies":"Large Slime","floor":13,"turns":5},{"damage":0,"enemies":"3 Louse","floor":14,"turns":3},{"damage":27,"enemies":"The Guardian","floor":16,"turns":12},{"damage":0,"enemies":"2 Thieves","floor":18,"turns":3},{"damage":12,"enemies":"Shell Parasite","floor":21,"turns":10},{"damage":18,"enemies":"Shelled Parasite and Fungi","floor":22,"turns":10},{"damage":27,"enemies":"3 Cultists","floor":24,"turns":6},{"damage":21,"enemies":"Centurion and Healer","floor":27,"turns":14},{"damage":26,"enemies":"Snecko","floor":29,"turns":8},{"damage":13,"enemies":"3 Cultists","floor":31,"turns":8},{"damage":50,"enemies":"Collector","floor":33,"turns":5}],"seed_played":"7488771739067004656","potions_obtained":[{"floor":3,"key":"Explosive Potion"},{"floor":7,"key":"Energy Potion"},{"floor":16,"key":"DuplicationPotion"},{"floor":18,"key":"AttackPotion"},{"floor":22,"key":"Explosive Potion"},{"floor":24,"key":"PotionOfCapacity"}],"is_trial":false,"path_per_floor":["M","M","M","M","?","?","M","?","T","M","M","R","M","M","R","B",null,"M","?","?","M","M","R","M","$","T","M","R","M","R","M","R","B"],"character_chosen":"DEFECT","items_purchased":["Membership Card","Capacitor","Chill","Seek","FocusPotion"],"campfire_rested":5,"item_purchase_floors":[25,25,25,25,25],"current_hp_per_floor":[63,52,51,51,27,27,8,8,8,1,1,22,9,9,30,3,54,54,54,54,52,44,44,27,27,27,16,37,11,32,29,50,0,0],"gold":135,"neow_bonus":"TRANSFORM_TWO_CARDS","is_daily":false,"chose_seed":false,"campfire_upgraded":1,"win_rate":0.0,"timestamp":1607823161,"path_taken":["M","M","M","M","?","?","M","?","T","M","?","R","M","M","R","BOSS","M","?","?","?","M","R","?","$","T","M","R","M","R","M","R","BOSS"],"items_purchased_type":["Relic","Card","Card","Card","Potion"],"build_version":"2020-11-30","purchased_purges":1,"victory":false,"max_hp_per_floor":[71,71,71,71,71,71,71,71,71,71,71,71,71,71,71,71,71,71,71,71,71,71,71,71,71,71,71,71,71,71,71,71,71,71],"card_choices":[{"not_picked":["Beam Cell","Redo"],"picked":"Rip and Tear","floor":1},{"not_picked":["Static Discharge","Coolheaded"],"picked":"Go for the Eyes","floor":2},{"not_picked":["Fusion","Redo"],"picked":"Sunder","floor":3},{"not_picked":["Skim","Amplify","Barrage"],"picked":"SKIP","floor":4},{"not_picked":["Heatsinks","Tempest","Stack"],"picked":"SKIP","floor":7},{"not_picked":["Stack","Ball Lightning"],"picked":"Conserve Battery","floor":10},{"not_picked":["Redo","Rebound"],"picked":"Leap","floor":11},{"not_picked":["Thunder Strike","Hologram"],"picked":"Cold Snap","floor":13},{"not_picked":["Barrage","Static Discharge"],"picked":"Ball Lightning","floor":14},{"not_picked":["Multi-Cast","Machine Learning"],"picked":"Creative AI","floor":16},{"not_picked":["Streamline","Go for the Eyes"],"picked":"Self Repair+1","floor":18},{"not_picked":["Leap","Streamline","Gash"],"picked":"SKIP","floor":21},{"not_picked":["Leap","Cold Snap"],"picked":"Glacier","floor":22},{"not_picked":["Conserve Battery","Reprogram"],"picked":"Turbo+1","floor":24},{"not_picked":["Stack","Conserve Battery","Go for the Eyes"],"picked":"SKIP","floor":27},{"not_picked":["Beam Cell","Hologram"],"picked":"Biased Cognition","floor":29},{"not_picked":["Beam Cell+1","Redo","Reprogram+1"],"picked":"SKIP","floor":31}],"player_experience":930516,"relics_obtained":[{"floor":9,"key":"Anchor"},{"floor":26,"key":"MawBank"}],"event_choices":[{"damage_healed":0,"gold_gain":0,"player_choice":"Take Damage","damage_taken":24,"relics_obtained":["Golden Idol"],"max_hp_gain":0,"max_hp_loss":0,"event_name":"Golden Idol","floor":5,"gold_loss":0},{"damage_healed":0,"gold_gain":0,"player_choice":"Fled","damage_taken":0,"max_hp_gain":0,"max_hp_loss":0,"event_name":"Scrap Ooze","floor":6,"gold_loss":0},{"damage_healed":0,"gold_gain":0,"player_choice":"Upgraded","damage_taken":0,"max_hp_gain":0,"max_hp_loss":0,"event_name":"Upgrade Shrine","floor":8,"gold_loss":0,"cards_upgraded":["Sunder"]},{"damage_healed":0,"gold_gain":0,"player_choice":"Ignored","damage_taken":0,"max_hp_gain":0,"max_hp_loss":0,"event_name":"Vampires","floor":19,"gold_loss":0},{"damage_healed":0,"gold_gain":0,"player_choice":"Ignored","damage_taken":0,"max_hp_gain":0,"max_hp_loss":0,"event_name":"Ghosts","floor":20,"gold_loss":0}],"is_beta":false,"boss_relics":[{"not_picked":["Black Star","Busted Crown"],"picked":"FrozenCore"}],"items_purged_floors":[25],"is_endless":false,"potions_floor_spawned":[3,7,16,18,22,24,27],"killed_by":"Collector","ascension_level":17}}