{"host":"mdxxh7xrx9vr3ma8","time":1607838364,"event":{"mods":["AchievementEnabler","Act Like it!","Aspiration","Bard","BaseMod","Beaked The Cultist","Better Altar","Better Match","Better Note","Better Sensory Stone","Better Skull","Better Third Choice","BetterRewards","CCEM","Challenge The Spire","Colored Map","Colored Powertips","Conspire","Downfall","Friendly Minions","GifTheSpireLib","Glutton Mod","Googly Eyes","Halation","Hallownest","Hermit","Hero for Fun","Highlight Path","Hubris","Hunter ??","Infinite Spire","Jedi Mod","Jorbs\u0027s Wanderer Trilogy","Lobotomy","Marisa????????","Mimic Mod","Minty Spire (QoL Compilation)","Rare Cards Sparkle","Relic Sorter","Replay The Spire","Shade Mod","Shop Mod","Spicy Shops","StSLib","Stuff the Spire","The Administrix","The Animator","The Bug Knight","The Construct","The Cursed","The Disciple","The Hierophant","The IronCluck","The Mystic","The Necromancer","The Problem Sleuth","The Servant 0.9.4","The Spell Scribe","The Witch","everything is the same but u backflip on backflip","vexMod"],"gold_per_floor":[109,109,24,40,53,53,67,67,93,93,93,120,131,142,142,242,242,259,270,270,270,270],"floor_reached":21,"playtime":1744,"items_purged":[],"score":181,"play_id":"9d1ea0cc-ffe9-4dea-a5b2-cbaf6d19606b","local_time":"20201212214604","is_ascension_mode":false,"campfire_choices":[{"data":"Doom and Gloom","floor":6,"key":"SMITH"},{"data":"Zap","floor":11,"key":"SMITH"},{"floor":15,"key":"REST"}],"circlet_count":0,"master_deck":["Strike_B","Strike_B","Strike_B","Strike_B","Defend_B","Defend_B","Defend_B","Defend_B","Zap+1","Dualcast","Beam Cell","Ball Lightning","Doom and Gloom+1","Coolheaded","Go for the Eyes","Ball Lightning+1"],"relics":["Cracked Core","Lantern","Sozu","StuffTheSpire:MayFlowers","Blue Doll","Matryoshka","halation:ForbiddenBikini"],"acts_visited":["Exordium","TheCity"],"potions_floor_usage":[],"damage_taken":[{"damage":3,"enemies":"Jaw Worm","floor":1,"turns":3},{"damage":7,"enemies":"Small Slimes","floor":4,"turns":3},{"damage":0,"enemies":"Cultist","floor":5,"turns":2},{"damage":5,"enemies":"Large Slime","floor":7,"turns":3},{"damage":21,"enemies":"Lagavulin","floor":12,"turns":5},{"damage":5,"enemies":"Blue Slaver","floor":13,"turns":2},{"damage":2,"enemies":"Exordium Wildlife","floor":14,"turns":2},{"damage":29,"enemies":"Hexaghost","floor":16,"turns":8},{"damage":8,"enemies":"3 Byrds","floor":18,"turns":4},{"damage":15,"enemies":"2 Thieves","floor":19,"turns":3},{"damage":0,"enemies":"Centurion and Healer","floor":21,"turns":1}],"seed_played":"2097986176493672167","potions_obtained":[],"is_trial":false,"path_per_floor":["M","?","$","M","M","R","M","?","T","$","R","E","M","M","R","B",null,"M","M","AVR","M"],"character_chosen":"DEFECT","items_purchased":["StuffTheSpire:MayFlowers"],"campfire_rested":1,"item_purchase_floors":[3],"current_hp_per_floor":[72,72,72,65,65,65,60,60,60,60,60,39,34,32,54,31,75,67,52,52,52,52],"gold":270,"neow_bonus":"RANDOM_COMMON_RELIC","is_daily":false,"chose_seed":false,"campfire_upgraded":2,"win_rate":0.0,"timestamp":1607838364,"path_taken":["M","?","$","M","M","R","M","?","T","?","R","E","?","M","R","BOSS","M","?","AVR","M"],"items_purchased_type":["Relic"],"build_version":"2020-11-30","purchased_purges":0,"victory":false,"max_hp_per_floor":[75,75,75,75,75,75,75,75,75,75,75,75,75,75,75,75,75,75,75,75,75,75],"card_choices":[{"not_picked":["Panic Button","Sweeping Beam"],"picked":"Beam Cell","floor":1},{"not_picked":["ReplayTheSpireMod:Repulse","ReplayGash"],"picked":"Ball Lightning","floor":4},{"not_picked":["Ball Lightning","Redo"],"picked":"Doom and Gloom","floor":5},{"not_picked":["ReplayTheSpireMod:Calculation Training","Barrage","Coolheaded"],"picked":"SKIP","floor":7},{"not_picked":["Skim","Barrage"],"picked":"Coolheaded","floor":12},{"not_picked":["Reinforced Body","Stack"],"picked":"Go for the Eyes","floor":13},{"not_picked":["Ball Lightning","Rebound","Coolheaded"],"picked":"SKIP","floor":14},{"not_picked":["Sweeping Beam","Coolheaded","Compile Driver+1"],"picked":"SKIP","floor":18},{"not_picked":["Coolheaded+1","Consume+1"],"picked":"Ball Lightning+1","floor":19}],"player_experience":125349,"relics_obtained":[{"floor":9,"key":"Blue Doll"},{"floor":12,"key":"Matryoshka"}],"event_choices":[{"damage_healed":0,"gold_gain":0,"player_choice":"Ignored","damage_taken":67,"max_hp_gain":0,"max_hp_loss":0,"event_name":"betterThird:BetterSerpent","floor":8,"gold_loss":0}],"is_beta":false,"boss_relics":[{"not_picked":["aspiration:BursterCore","halation:PlatinumPhoenix"],"picked":"halation:ForbiddenBikini"}],"items_purged_floors":[],"is_endless":false,"potions_floor_spawned":[5,13,16,18],"killed_by":"Centurion and Healer","ascension_level":0}}