{"host":"kjmsjq3kpb3v9rdj","time":1607892034,"event":{"mods":["Aspiration","BaseMod","CCEM","Colored Powertips","Conspire","Downfall","GifTheSpireLib","Halation","Highlight Path","Hubris","Ironclad Rager","Minty Spire (QoL Compilation)","Quick Restart","Relic Sorter","Small Relic Pack","Spicy Shops","Spikes Relics","StSLib","Stuff the Spire","The Blue Laboratory","The Disciple","The Necromancer","The Runesmith","The Showman","Trackpad","vexMod"],"gold_per_floor":[99,132,19,19,37,65,114,39,53,84,104,104,169,189,202,306,306,306,340,340,340,340],"floor_reached":21,"playtime":1514,"items_purged":["Defend_P"],"score":330,"play_id":"4e934143-6e9e-4c92-85d9-3ae87f53f686","local_time":"20201213124034","is_ascension_mode":true,"campfire_choices":[{"data":"Eruption","floor":1,"key":"SMITH"},{"floor":4,"key":"REST"},{"floor":8,"key":"REST"},{"data":"Wish","floor":18,"key":"SMITH"},{"floor":20,"key":"REST"}],"circlet_count":0,"master_deck":["Strike_P","Strike_P","Strike_P","Strike_P","Defend_P","Defend_P","Defend_P","Eruption+1","Vigilance","Worship","EmptyFist","CutThroughFate","Meditate","DeusExMachina","EmptyFist","Wish+1","FlurryOfBlows","PathToVictory","TalkToTheHand","TalkToTheHand","Devotion","CarveReality"],"relics":["PureWater","downfall:HeartBlessingBlue","Orichalcum","conspire:Flyswatter","conspire:Dentures","hubris:CrystalStatue","conspire:RoyalGoblet","CCEMRelics:CocoNut"],"acts_visited":["Exordium","TheCity"],"potions_floor_usage":[6,15,16,16,16,21],"damage_taken":[{"damage":62,"enemies":"Lagavulin","floor":2,"turns":6},{"damage":14,"enemies":"downfall:FleeingMerchant","floor":3,"turns":4},{"damage":0,"enemies":"Cultist","floor":5,"turns":1},{"damage":12,"enemies":"Gremlin Nob","floor":6,"turns":2},{"damage":0,"enemies":"2 Louse","floor":9,"turns":2},{"damage":25,"enemies":"3 Sentries","floor":10,"turns":5},{"damage":0,"enemies":"Small Slimes","floor":11,"turns":2},{"damage":27,"enemies":"3 Sentries","floor":13,"turns":6},{"damage":4,"enemies":"Exordium Wildlife","floor":14,"turns":3},{"damage":5,"enemies":"3 Louse","floor":15,"turns":3},{"damage":0,"enemies":"Hexaghost","floor":16,"turns":5},{"damage":88,"enemies":"Gremlin Leader","floor":19,"turns":7},{"damage":36,"enemies":"Slavers","floor":21,"turns":3}],"seed_played":"-9186201583783797660","potions_obtained":[{"floor":5,"key":"champ:CounterPotion"},{"floor":10,"key":"Strength Potion"},{"floor":13,"key":"blueLaboratory:Moonshine"},{"floor":14,"key":"CultistPotion"},{"floor":15,"key":"FearPotion"},{"floor":19,"key":"SkillPotion"}],"is_trial":false,"path_per_floor":["R","E","$","R","M","E","T","R","M","E","M","?","?","M","M","B",null,"R","E","R","E"],"character_chosen":"WATCHER","items_purchased":["CutThroughFate"],"campfire_rested":3,"item_purchase_floors":[3],"current_hp_per_floor":[79,17,3,26,26,14,14,50,50,25,25,54,27,23,18,18,89,89,6,34,0,0],"gold":340,"neow_bonus":"TEN_PERCENT_HP_BONUS","is_daily":false,"chose_seed":false,"campfire_upgraded":2,"win_rate":0.0,"timestamp":1607892034,"path_taken":["R","E","$","R","M","E","T","R","M","E","M","?","?","M","M","BOSS","R","E","R","E"],"items_purchased_type":["Card"],"build_version":"2020-11-30","purchased_purges":1,"victory":false,"max_hp_per_floor":[79,79,79,79,79,79,79,89,89,89,89,89,89,89,89,89,89,89,94,94,94,94],"card_choices":[{"not_picked":["Halt","SashWhip"],"picked":"Worship","floor":2},{"not_picked":["Scrawl","Evaluate"],"picked":"EmptyFist","floor":3},{"not_picked":["CrushJoints","JustLucky"],"picked":"Meditate","floor":5},{"not_picked":["ThirdEye","SandsOfTime"],"picked":"DeusExMachina","floor":6},{"not_picked":["Worship","CarveReality"],"picked":"EmptyFist","floor":9},{"not_picked":["Protect","MentalFortress"],"picked":"Wish","floor":10},{"not_picked":["Collect","ReachHeaven"],"picked":"FlurryOfBlows","floor":11},{"not_picked":["Weave","ThirdEye"],"picked":"PathToVictory","floor":13},{"not_picked":["ReachHeaven","Prostrate"],"picked":"TalkToTheHand","floor":14},{"not_picked":["SashWhip","CrushJoints"],"picked":"TalkToTheHand","floor":15},{"not_picked":["ConjureBlade","Ragnarok"],"picked":"Devotion","floor":16},{"not_picked":["DeceiveReality","Meditate"],"picked":"CarveReality","floor":19}],"player_experience":445955,"relics_obtained":[{"floor":2,"key":"Orichalcum"},{"floor":6,"key":"conspire:Flyswatter"},{"floor":10,"key":"conspire:Dentures"},{"floor":19,"key":"CCEMRelics:CocoNut"}],"event_choices":[{"damage_healed":29,"gold_gain":0,"player_choice":"Banana","damage_taken":0,"max_hp_gain":0,"max_hp_loss":0,"event_name":"Big Fish","floor":12,"gold_loss":0},{"damage_healed":0,"gold_gain":0,"player_choice":"Searched \u00272\u0027 times","damage_taken":0,"relics_obtained":["hubris:CrystalStatue"],"max_hp_gain":0,"max_hp_loss":0,"event_name":"Dead Adventurer","floor":13,"gold_loss":0}],"is_beta":false,"boss_relics":[{"not_picked":["CCEMRelics:GreenEgg","hubris:CrackedHourglass"],"picked":"conspire:RoyalGoblet"}],"items_purged_floors":[3],"is_endless":false,"potions_floor_spawned":[5,10,13,14,15,19],"killed_by":"Slavers","ascension_level":3}}