{"host":"x4yihwynwtwjbvbe","time":1607835345,"event":{"mods":["AchievementEnabler","BaseMod","Colored Map","Colored Powertips","Keyboard Shortcuts","Minty Spire (QoL Compilation)","Quick Restart","Relic Stats"],"gold_per_floor":[109,127,77,89,89,89,118,118,198,227,302,318,318,101,101,201,201,201,201],"floor_reached":18,"playtime":892,"items_purged":["Strike_G"],"score":251,"play_id":"e72275a6-e637-428f-a6e6-e41d01166854","local_time":"20201213135545","is_ascension_mode":true,"campfire_choices":[{"data":"Cloak And Dagger","floor":6.0,"key":"SMITH"},{"floor":8.0,"key":"REST"},{"data":"Neutralize","floor":13.0,"key":"SMITH"},{"data":"Acrobatics","floor":15.0,"key":"SMITH"}],"circlet_count":0,"master_deck":["Strike_G","Strike_G","Strike_G","Defend_G","Defend_G","Defend_G","Defend_G","Survivor","Neutralize+1","Backflip","Cloak And Dagger+1","Quick Slash","Grand Finale","Backflip","Acrobatics+1","Madness","Venomology"],"relics":["Ring of the Snake","Ancient Tea Set","Snecko Eye"],"acts_visited":["Exordium","TheCity"],"potions_floor_usage":[],"damage_taken":[{"damage":5.0,"enemies":"Cultist","floor":1.0,"turns":5.0},{"damage":1.0,"enemies":"Small Slimes","floor":2.0,"turns":6.0},{"damage":6.0,"enemies":"Jaw Worm","floor":4.0,"turns":4.0},{"damage":32.0,"enemies":"Gremlin Nob","floor":7.0,"turns":4.0},{"damage":0.0,"enemies":"3 Sentries","floor":10.0,"turns":2.0},{"damage":0.0,"enemies":"Looter","floor":12.0,"turns":4.0},{"damage":22.0,"enemies":"The Guardian","floor":16.0,"turns":12.0},{"damage":0,"enemies":"3 Byrds","floor":18,"turns":2}],"seed_played":"-5152505762624541236","potions_obtained":[{"floor":4.0,"key":"CunningPotion"},{"floor":7.0,"key":"ColorlessPotion"},{"floor":16.0,"key":"EssenceOfSteel"}],"is_trial":false,"path_per_floor":["M","M","?","M","?","R","E","R","T","E","?","M","R","$","R","B",null,"M"],"character_chosen":"THE_SILENT","items_purchased":["Acrobatics","Madness"],"campfire_rested":1,"item_purchase_floors":[14,14],"current_hp_per_floor":[58,57,57,51,51,51,19,40,40,40,29,29,29,29,29,7,54,54,54],"gold":201,"neow_bonus":"REMOVE_CARD","is_daily":false,"chose_seed":false,"campfire_upgraded":3,"win_rate":0.0,"timestamp":1607835345,"path_taken":["M","M","?","M","?","R","E","R","T","E","?","M","R","$","R","BOSS","M"],"items_purchased_type":["Card","Card"],"build_version":"2020-11-30","purchased_purges":1,"victory":false,"max_hp_per_floor":[70,70,70,70,70,70,70,70,70,70,70,70,70,70,70,70,70,70,70],"relic_stats":{"counters":[8,39],"Snecko Eye":[2,11,2,5],"obtain_stats":[{"Snecko Eye":17,"Ancient Tea Set":7,"Ring of the Snake":0},{"Snecko Eye":7,"Ancient Tea Set":4,"Ring of the Snake":0},{"Snecko Eye":37,"Ancient Tea Set":19,"Ring of the Snake":0}],"Ring of the Snake":[16]},"card_choices":[{"not_picked":["PiercingWail","Flechettes"],"picked":"Backflip","floor":1.0},{"not_picked":["Prepared","Escape Plan"],"picked":"Cloak And Dagger","floor":2.0},{"not_picked":["All Out Attack","Sucker Punch"],"picked":"Quick Slash","floor":4.0},{"not_picked":["Distraction","Poisoned Stab"],"picked":"Grand Finale","floor":7.0},{"not_picked":["Underhanded Strike","Deflect","Bane"],"picked":"SKIP","floor":10.0},{"not_picked":["Crippling Poison","Bouncing Flask"],"picked":"Backflip","floor":12.0},{"not_picked":["Malaise","Bullet Time"],"picked":"Venomology","floor":16.0}],"player_experience":209525,"relics_obtained":[{"floor":7.0,"key":"Ancient Tea Set"}],"event_choices":[{"cards_removed":["Defend_G"],"damage_healed":0.0,"max_hp_gain":0.0,"max_hp_loss":0.0,"gold_gain":0.0,"event_name":"The Cleric","player_choice":"Card Removal","floor":3.0,"gold_loss":50.0,"damage_taken":0.0},{"damage_healed":0.0,"max_hp_gain":0.0,"max_hp_loss":0.0,"gold_gain":0.0,"event_name":"Liars Game","player_choice":"Ignored","floor":5.0,"gold_loss":0.0,"damage_taken":0.0},{"damage_healed":0.0,"max_hp_gain":0.0,"max_hp_loss":0.0,"gold_gain":75.0,"event_name":"World of Goop","player_choice":"Gather Gold","floor":11.0,"gold_loss":0.0,"damage_taken":11.0}],"is_beta":false,"boss_relics":[{"not_picked":["Calling Bell","Velvet Choker"],"picked":"Snecko Eye"}],"items_purged_floors":[14],"is_endless":false,"potions_floor_spawned":[4,7,16],"killed_by":"3 Byrds","ascension_level":6}}