{"host":"l2dnabsh5e0fsksb","time":1607857590,"event":{"mods":["2.2 Compatiblity","BaseMod","Downfall","Minty Spire (QoL Compilation)","Quick Restart","StSLib"],"gold_per_floor":[99,131,131,158,158,158,158,186,186,214,214,214,42,27,42,142,142,67,67,67,67,96,96,123,123,48,83,97,97,8,25,38,138,138,63,77,77,106,121,151,224,259,259,286,311,323,335,347,374,386,398,443,19,19,19],"floor_reached":56,"playtime":2317,"items_purged":["Decay","Shame"],"score":2239,"play_id":"4ce3a5dd-6273-4c93-8659-1265474e8176","local_time":"20201213213630","is_ascension_mode":true,"campfire_choices":[{"data":"Slimebound:Split","floor":1.0,"key":"SMITH"},{"floor":3.0,"key":"REST"},{"floor":6.0,"key":"RECALL"},{"floor":9.0,"key":"REST"},{"data":"Slimebound:LevelUp","floor":18.0,"key":"SMITH"},{"data":"Slimebound:SplitMire","floor":20.0,"key":"SMITH"},{"data":"Slimebound:CorrosiveSpit","floor":26.0,"key":"SMITH"},{"data":"Slimebound:MinionMaster","floor":35.0,"key":"SMITH"},{"data":"Slimebound:ProtectTheBoss","floor":43.0,"key":"SMITH"},{"data":"Slimebound:LeadByExample","floor":54,"key":"SMITH"}],"circlet_count":0,"master_deck":["AscendersBane","Slimebound:Strike_Slimebound+1","Slimebound:Strike_Slimebound+1","Slimebound:Tackle","Slimebound:Defend_Slimebound","Slimebound:Defend_Slimebound","Slimebound:Defend_Slimebound","Slimebound:Defend_Slimebound","Slimebound:Split+1","Slimebound:CorrosiveSpit+1","Slimebound:SplitMire+1","Slimebound:LevelUp+1","Slimebound:SplitLeeching+1","Slimebound:Schlurp+1","Slimebound:Prepare+1","Slimebound:RainOfGoop+1","Slimebound:Darklings+1","Doubt","Slimebound:SamplingLick+1","Slimebound:GoopSpray+1","Slimebound:ProtectTheBoss+1","Slimebound:SplitMire+1","RitualDagger+1","Slimebound:MinionMaster+1","Slimebound:LevelUp+1","Slimebound:Teamwork+1","CurseOfTheBell","Slimebound:SplitLeeching+1","Slimebound:OneTwoCombo+1","Slimebound:PressTheAttack+1","Slimebound:SplitAcid+1","Slimebound:Icky","Slimebound:MassRepurpose+1","Slimebound:SamplingLick+1","Slimebound:Nibble+1","Writhe","Slimebound:GoopTackle+1","Slimebound:LeadByExample+1","Slimebound:ProtectTheBoss","Slimebound:Overexert","Slimebound:OneTwoCombo+1"],"relics":["Slimebound:AbsorbEndCombat","TungstenRod","WingedGreaves","PreservedInsect","Toxic Egg 2","Vajra","Torii","Slimebound:AggressiveSlimeRelic","Cursed Key","downfall:HeartBlessingRed","Mummified Hand","Kunai","Nunchaku","downfall:HeartBlessingBlue","Potion Belt","DollysMirror","Lantern","Calling Bell","Bronze Scales","Molten Egg 2","Bird Faced Urn","downfall:HeartBlessingGreen","downfall:TeleportStone","Whetstone","Du-Vu Doll","White Beast Statue","Gremlin Horn","MawBank","The Courier","Frozen Eye","Pocketwatch","Lee\u0027s Waffle"],"acts_visited":["Exordium","TheCity","TheBeyond","TheEnding"],"potions_floor_usage":[55,55,55,55],"damage_taken":[{"damage":45.0,"enemies":"3 Sentries","floor":2.0,"turns":8.0},{"damage":32.0,"enemies":"Lagavulin","floor":4.0,"turns":6.0},{"damage":38.0,"enemies":"Gremlin Nob","floor":8.0,"turns":4.0},{"damage":29.0,"enemies":"3 Sentries","floor":10.0,"turns":4.0},{"damage":12.0,"enemies":"downfall:FleeingMerchant","floor":13.0,"turns":4.0},{"damage":15.0,"enemies":"downfall:FleeingMerchant","floor":14.0,"turns":4.0},{"damage":9.0,"enemies":"Small Slimes","floor":15.0,"turns":3.0},{"damage":41.0,"enemies":"downfall:Watcher","floor":16.0,"turns":9.0},{"damage":44.0,"enemies":"Book of Stabbing","floor":22.0,"turns":4.0},{"damage":0.0,"enemies":"Chosen","floor":25.0,"turns":1.0},{"damage":70.0,"enemies":"Gremlin Leader","floor":27.0,"turns":6.0},{"damage":30.0,"enemies":"Snake Plant","floor":28.0,"turns":3.0},{"damage":18.0,"enemies":"downfall:FleeingMerchant","floor":30.0,"turns":4.0},{"damage":27.0,"enemies":"Shelled Parasite and Fungi","floor":31.0,"turns":3.0},{"damage":12.0,"enemies":"Snecko","floor":32.0,"turns":4.0},{"damage":48.0,"enemies":"downfall:Defect","floor":33.0,"turns":4.0},{"damage":15.0,"enemies":"Orb Walker","floor":36.0,"turns":3.0},{"damage":30.0,"enemies":"Giant Head","floor":38.0,"turns":5.0},{"damage":15.0,"enemies":"3 Shapes","floor":39.0,"turns":4.0},{"damage":21.0,"enemies":"Nemesis","floor":40.0,"turns":3.0},{"damage":15.0,"enemies":"Giant Head","floor":42.0,"turns":4.0},{"damage":12.0,"enemies":"Nemesis","floor":44.0,"turns":3.0},{"damage":9.0,"enemies":"3 Darklings","floor":45.0,"turns":3.0},{"damage":18,"enemies":"4 Shapes","floor":49,"turns":3},{"damage":23,"enemies":"downfall:Ironclad","floor":50,"turns":7},{"damage":60,"enemies":"downfall:CharBossMerchant","floor":52,"turns":4},{"damage":48,"enemies":"downfall:NeowBoss","floor":55,"turns":15}],"seed_played":"-8867599994900852216","potions_obtained":[{"floor":4.0,"key":"Ancient Potion"},{"floor":8.0,"key":"SteroidPotion"},{"floor":22.0,"key":"Dexterity Potion"},{"floor":28.0,"key":"Strength Potion"},{"floor":29.0,"key":"CultistPotion"},{"floor":32.0,"key":"PowerPotion"},{"floor":33.0,"key":"Slimebound:SlimyTonguePotion"},{"floor":39.0,"key":"Slimebound:SlimyTonguePotion"},{"floor":42.0,"key":"LiquidMemories"},{"floor":44.0,"key":"Swift Potion"},{"floor":49,"key":"Block Potion"},{"floor":52,"key":"Regen Potion"}],"is_trial":false,"path_per_floor":["R","E","R","E","?","R","T","E","R","E","?","?","$","$","M","B",null,"R","?","R","T","E","?","T","M","R","E","M","?","$","M","M","B",null,"R","M","?","E","M","E","T","E","R","E","M","?","?","?","M","B",null,"E","$","R","B",null],"character_chosen":"SLIMEBOUND","items_purchased":["Slimebound:AggressiveSlimeRelic","DollysMirror","Block Potion","Lantern","Lee\u0027s Waffle","Slimebound:Overexert","Slimebound:OneTwoCombo+1"],"campfire_rested":2,"item_purchase_floors":[13,30,30,30,53,53,53],"current_hp_per_floor":[54,25,43,35,40,40,40,10,29,14,14,14,24,37,40,31,57,57,57,57,57,47,47,47,47,57,31,25,25,37,36,40,28,63,63,75,75,74,75,73,73,75,75,73,75,75,75,75,75,71,74,41,82,82,82],"gold":19,"neow_bonus":"ONE_RARE_RELIC","is_daily":false,"chose_seed":false,"campfire_upgraded":7,"win_rate":0.0,"timestamp":1607857590,"path_taken":["R","E","R","E","?","R","T","E","R","E","?","?","?","$","M","BOSS","R","?","R","?","E","?","T","M","R","E","M","?","$","M","M","BOSS","R","M","?","E","?","E","T","E","R","E","M","?","?","?","M","BOSS","E","$","R","BOSS"],"items_purchased_type":["Relic","Relic","Potion","Relic","Relic","Card","Card"],"build_version":"2020-11-30","purchased_purges":2,"victory":true,"max_hp_per_floor":[60,60,60,60,65,65,65,65,65,65,65,65,65,65,65,65,65,65,65,65,65,65,65,65,65,75,75,75,75,75,75,75,75,75,75,75,75,75,75,75,75,75,75,75,75,75,75,75,75,75,75,75,82,82,82],"card_choices":[{"not_picked":["Slimebound:GrowthPunch","Slimebound:SplitBruiser"],"picked":"Slimebound:SplitMire","floor":2.0},{"not_picked":["Slimebound:Grow","Slimebound:SamplingLick"],"picked":"Slimebound:LevelUp","floor":4.0},{"not_picked":["Slimebound:ViciousTackle","Slimebound:SplitAcid+1"],"picked":"Slimebound:SplitLeeching+1","floor":8.0},{"not_picked":["Slimebound:Gluttony","Slimebound:PressTheAttack"],"picked":"Slimebound:HauntingLick+1","floor":10.0},{"not_picked":["Slimebound:ItLooksTasty","Slimebound:FormOfPuddle+1"],"picked":"Slimebound:Schlurp+1","floor":13.0},{"not_picked":["Slimebound:LeadByExample","Slimebound:LeechEnergy"],"picked":"Slimebound:Prepare+1","floor":14.0},{"not_picked":["Slimebound:BestDefense","Slimebound:ProtectTheBoss"],"picked":"Slimebound:RainOfGoop+1","floor":15.0},{"not_picked":["Slimebound:DuplicatedForm","Slimebound:MassRepurpose+1"],"picked":"Slimebound:Darklings+1","floor":16.0},{"not_picked":["Slimebound:Schlurp+1","Slimebound:FirmFortitude"],"picked":"Slimebound:SamplingLick+1","floor":22.0},{"not_picked":["Slimebound:ComboTackle+1","Slimebound:GrowthPunch"],"picked":"Slimebound:GoopSpray+1","floor":25.0},{"not_picked":["Slimebound:SlimeBrawl+1","Slimebound:ViciousTackle+1"],"picked":"Slimebound:ProtectTheBoss","floor":27.0},{"not_picked":["Slimebound:LeechEnergy","Slimebound:SamplingLick+1"],"picked":"Slimebound:SplitMire+1","floor":28.0},{"not_picked":["Slimebound:SplitBruiser+1","Slimebound:ForwardTackle"],"picked":"Slimebound:MinionMaster","floor":30.0},{"not_picked":["Slimebound:RollThrough","Slimebound:FinishingTackle","Slimebound:SlimeSpikes+1"],"picked":"SKIP","floor":31.0},{"not_picked":["Slimebound:SlimeBrawl+1","Slimebound:GrowthPunch","Slimebound:LeechingTouch"],"picked":"SKIP","floor":32.0},{"not_picked":["Slimebound:TagTeam","Slimebound:PrepareCrush+1"],"picked":"Slimebound:Teamwork+1","floor":33.0},{"not_picked":["Slimebound:Prepare+1","Slimebound:Grow"],"picked":"Slimebound:SplitLeeching+1","floor":36.0},{"not_picked":["Slimebound:SlimeSpikes+1","Slimebound:GoopTackle+1"],"picked":"Slimebound:OneTwoCombo+1","floor":38.0},{"not_picked":["Slimebound:GoopSpray+1","Slimebound:LeechEnergy+1"],"picked":"Slimebound:PressTheAttack+1","floor":39.0},{"not_picked":["Slimebound:GoopSpray+1","Slimebound:SplitMire+1"],"picked":"Slimebound:SplitAcid+1","floor":40.0},{"not_picked":["Slimebound:ComboTackle+1","Slimebound:ProtectTheBoss+1"],"picked":"Slimebound:MassRepurpose+1","floor":42.0},{"not_picked":["Slimebound:GrowthPunch+1","Slimebound:Dissolve+1"],"picked":"Slimebound:SamplingLick+1","floor":44.0},{"not_picked":["Slimebound:FirmFortitude","Slimebound:SlimeBarrage+1"],"picked":"Slimebound:Nibble+1","floor":45.0},{"not_picked":["Slimebound:Replication+1","Slimebound:FinishingTackle+1"],"picked":"Slimebound:LeadByExample","floor":49},{"not_picked":["Slimebound:RainOfGoop+1","Slimebound:GoopSpray+1"],"picked":"Slimebound:ProtectTheBoss","floor":52}],"player_experience":1672710,"relics_obtained":[{"floor":2.0,"key":"WingedGreaves"},{"floor":4.0,"key":"PreservedInsect"},{"floor":7.0,"key":"Toxic Egg 2"},{"floor":8.0,"key":"Vajra"},{"floor":10.0,"key":"Torii"},{"floor":21.0,"key":"Kunai"},{"floor":22.0,"key":"Nunchaku"},{"floor":27.0,"key":"Potion Belt"},{"floor":34.0,"key":"Bronze Scales"},{"floor":34.0,"key":"Molten Egg 2"},{"floor":34.0,"key":"Bird Faced Urn"},{"floor":38.0,"key":"Whetstone"},{"floor":40.0,"key":"Du-Vu Doll"},{"floor":41.0,"key":"White Beast Statue"},{"floor":42.0,"key":"Gremlin Horn"},{"floor":44.0,"key":"MawBank"},{"floor":46,"key":"The Courier"},{"floor":52,"key":"Frozen Eye"},{"floor":52,"key":"Pocketwatch"}],"event_choices":[{"damage_healed":0.0,"max_hp_gain":5.0,"max_hp_loss":0.0,"gold_gain":0.0,"event_name":"Big Fish","player_choice":"Donut","floor":5.0,"gold_loss":0.0,"damage_taken":0.0},{"cards_removed":["Pain"],"damage_healed":0.0,"max_hp_gain":0.0,"max_hp_loss":0.0,"gold_gain":0.0,"event_name":"The Cleric","player_choice":"Card Removal","floor":12.0,"gold_loss":0.0,"damage_taken":0.0},{"damage_healed":0.0,"max_hp_gain":0.0,"max_hp_loss":0.0,"gold_gain":0.0,"event_name":"Addict","player_choice":"Stole Relic","floor":19.0,"gold_loss":0.0,"damage_taken":0.0,"relics_obtained":["Mummified Hand"],"cards_obtained":["Shame"]},{"damage_healed":0.0,"max_hp_gain":0.0,"max_hp_loss":0.0,"gold_gain":0.0,"event_name":"Ghosts","player_choice":"Ignored","floor":23.0,"gold_loss":0.0,"damage_taken":0.0},{"cards_removed":["Slimebound:HauntingLick"],"damage_healed":0,"gold_gain":0,"player_choice":"Removed Skill","damage_taken":0,"max_hp_gain":0,"max_hp_loss":0,"event_name":"Falling","floor":47,"gold_loss":0},{"damage_healed":0,"gold_gain":0,"cards_transformed":["Slimebound:Strike_Slimebound"],"player_choice":"Transformed","damage_taken":0,"max_hp_gain":0,"max_hp_loss":0,"event_name":"Transmorgrifier","floor":48,"gold_loss":0,"cards_obtained":["Slimebound:GoopTackle"]}],"is_beta":false,"boss_relics":[{"not_picked":["Tiny House","Philosopher\u0027s Stone"],"picked":"Cursed Key"},{"not_picked":["Sozu","Slimebound:TarBlob"],"picked":"Calling Bell"}],"items_purged_floors":[30,53],"is_endless":false,"potions_floor_spawned":[4,8,22,28,32,33,36,39,42,44,45,49,52],"ascension_level":12}}