{"host":"8xp52u5o8fcssvzz","time":1607843221,"event":{"mods":["2.2 Compatiblity","AchievementEnabler","Act Like it!","Aspiration","BaseMod","Better Altar","Better Match","Better Note","Better Sensory Stone","Better Skull","Better Third Choice","BetterRewards","Colored Map","Conspire","Downfall","GifTheSpireLib","Googly Eyes","Halation","Hallownest","Highlight Path","Hubris","Infinite Spire","Jorbs\u0027s Wanderer Trilogy","Lobotomy","LobotomyExtend","Marisa????????","Mimic Mod","Minty Spire (QoL Compilation)","Remilia_Scarlet Moed?????·?????3.3.5","Remilia??????","Replay The Spire","Spicy Shops","StSLib","Stuff the Spire","The Administrix","The Alterego","The Blackbeard","The Bladedancer","The Cursed","The Gatherer","The Necromancer","The Runesmith","The Servant 0.9.4","TheFirefly","TheSwordswoman","Unceasing Turn Reminder","everything is the same but u backflip on backflip"],"gold_per_floor":[114,125,125,201,274,274,274,274,320,320,339,369,369,369,369,371,371],"floor_reached":16,"playtime":571,"items_purged":[],"score":98,"play_id":"6dd6dfde-4571-48e1-aa17-31c69a753282","local_time":"20201212230701","is_ascension_mode":false,"campfire_choices":[{"data":"RemiliaMod:CFHGJ","floor":6,"key":"SMITH"},{"data":"RemiliaMod:CAattack+1","floor":8,"key":"SMITH"},{"data":"RemiliaMod:CNLCSZL","floor":15,"key":"SMITH"}],"circlet_count":0,"master_deck":["RemiliaMod:Scratch","RemiliaMod:Scratch","RemiliaMod:Scratch","RemiliaMod:Scratch","RemiliaMod:Defend","RemiliaMod:Defend","RemiliaMod:Defend","RemiliaMod:Defend","RemiliaMod:CNLCSZL+1","VoidDream","RemiliaMod:CPFWZL","SingingMachine","RemiliaMod:CFHGJ+1","Wellcheers","MHz","expansioncontent:Collect","RemiliaMod:CFPLL","RemiliaMod:CPQHZZ+1"],"relics":["RemiliaMod:RXiangDui","RemiliaMod:RFkXt","RemiliaMod:RWYXT","Juzu Bracelet","CogitoBucket","LetterFromLob","hubris:BottledRain","halation:IllGainedPizza","StuffTheSpire:Mouthbags"],"acts_visited":["Exordium"],"potions_floor_usage":[14,16],"damage_taken":[{"damage":0,"enemies":"Cultist","floor":1,"turns":3},{"damage":0,"enemies":"Jaw Worm","floor":2,"turns":3},{"damage":10,"enemies":"2 Louse","floor":11,"turns":3},{"damage":64,"enemies":"Gremlin Nob","floor":12,"turns":7},{"damage":0,"enemies":"Looter","floor":14,"turns":1},{"damage":25,"enemies":"Slime Boss","floor":16,"turns":4}],"seed_played":"-416898034588378955","potions_obtained":[{"floor":2,"key":"SmokeBomb"},{"floor":5,"key":"champ:CounterPotion"},{"floor":5,"key":"FearPotion"}],"is_trial":false,"path_per_floor":["M","M","?","T","?","R","?","R","T","?","M","E","?","M","R","B"],"character_chosen":"Remilia_Scarlet_Modee","items_purchased":[],"campfire_rested":0,"item_purchase_floors":[],"current_hp_per_floor":[75,75,75,75,75,75,75,75,75,75,66,10,10,12,12,0,0],"gold":371,"neow_bonus":"","is_daily":false,"chose_seed":false,"campfire_upgraded":3,"win_rate":0.0,"timestamp":1607843221,"path_taken":["M","M","?","?","?","R","?","R","T","?","M","E","?","M","R","BOSS"],"items_purchased_type":[],"build_version":"2020-11-30","purchased_purges":0,"victory":false,"max_hp_per_floor":[75,75,75,75,75,75,75,75,75,75,75,75,75,75,75,75,75],"card_choices":[{"not_picked":["Murderer","Bloodbath"],"picked":"VoidDream","floor":1},{"not_picked":["RemiliaMod:CJNSJDF","RemiliaMod:CPJHZZ"],"picked":"RemiliaMod:CPFWZL","floor":1},{"not_picked":["Murderer","ShyLook"],"picked":"SingingMachine","floor":2},{"not_picked":["RemiliaMod:CJNSJDF","RemiliaMod:CFPLL"],"picked":"RemiliaMod:CD6B","floor":2},{"not_picked":["Flash of Steel","expansioncontent:GoopSpray"],"picked":"expansioncontent:Collect","floor":3},{"not_picked":["RemiliaMod:CFPMJ","RemiliaMod:CJDB"],"picked":"RemiliaMod:CFHGJ","floor":5},{"not_picked":["PunishingBird","QueenBee"],"picked":"Wellcheers","floor":11},{"not_picked":["RemiliaMod:CFPMJ","RemiliaMod:CD6B"],"picked":"RemiliaMod:CMPA","floor":11},{"not_picked":["Scorched","CrumblingArmor"],"picked":"MHz","floor":12},{"not_picked":["RemiliaMod:CPJHZZ","RemiliaMod:CJDB"],"picked":"RemiliaMod:CFPLL","floor":12}],"player_experience":417431,"relics_obtained":[{"floor":1,"key":"LetterFromLob"},{"floor":4,"key":"hubris:BottledRain"},{"floor":5,"key":"halation:IllGainedPizza"},{"floor":12,"key":"StuffTheSpire:Mouthbags"}],"event_choices":[{"damage_healed":0,"gold_gain":1,"player_choice":"1","damage_taken":0,"max_hp_gain":0,"max_hp_loss":0,"event_name":"betterStone:BetterStone","floor":3,"gold_loss":0},{"cards_removed":["RemiliaMod:CD6B"],"damage_healed":5,"gold_gain":0,"player_choice":"Offered Common","damage_taken":0,"max_hp_gain":0,"max_hp_loss":0,"event_name":"Bonfire Elementals","floor":10,"gold_loss":0},{"cards_removed":["RemiliaMod:CD6B"],"damage_healed":5,"gold_gain":0,"player_choice":"Offered Special","damage_taken":0,"max_hp_gain":0,"max_hp_loss":0,"event_name":"Bonfire Elementals","floor":10,"gold_loss":0}],"is_beta":false,"boss_relics":[],"items_purged_floors":[],"is_endless":false,"potions_floor_spawned":[2,11,12],"killed_by":"Slime Boss","ascension_level":0}}