{"host":"lcykgsx7o3zd90ud","time":1607835137,"event":{"mods":["Act Like it!","BaseMod","BetterRewards","CapriCore","Custom Start","KomeijiMod","Lobotomy","LobotomyExtend","Minty Spire (QoL Compilation)","MostiFishMod","Relic Stats","Remove Card Discount Mod","Replay The Spire","RumiaBox-露米娅的神秘盒子","Ryuuou龙王","Shop Mod","Spicy Shops","StSLib","The Animator","The Immortal","Yuyuko","noobMod","vexMod","篝火指南"],"gold_per_floor":[117,-1183,-1167,-1149,-1135,-1101,-1101,-1067,-1067,-1056,-1056,13,38,54,54,156,156,170,184,13,27,27,58,72,107,183,211,211,231,245,0,0,104,104,117,117,132,147,147,147,160,90,116,133,148,175,175,175,205,73,73,73],"floor_reached":53,"playtime":5859,"items_purged":["Pain","Doubt","Clumsy","Defend_Komeiji","Strike_Komeiji","SomewhereSpear","Defend_Komeiji","Defend_Komeiji","Defend_Komeiji","Dash_Komeiji","Lantern","Strike_Komeiji","ReplayTheSpireMod:Private Reserves+1","Strike_Komeiji","Strike_Komeiji","Machine Learning","MostiFishMod:UniGreen"],"score":1362,"play_id":"62082ded-7123-40e5-9f1a-4ff21091716d","local_time":"20201213125217","is_ascension_mode":true,"campfire_choices":[{"data":"Discovery","floor":7,"key":"SMITH"},{"floor":11,"key":"REST"},{"floor":15,"key":"REST"},{"floor":32,"key":"RECALL"},{"data":"HeartBreak_Remiria","floor":40,"key":"SMITH"}],"circlet_count":0,"master_deck":["YuumeiNoKurin","SeekerDolls","Discovery+1","Shrug It Off","ShyakuBuku","LunaDial","RedtheNightlessCastle+1","NarrowSpark+1","NingyouOkisou+1","NingyouSP+1","Prepared+1","FateCollect","HeartBreak_Remiria+1","NarrowSpark","HeartBreak_Remiria+1","Backflip+1"],"relics":["KomeijisEye","SpellCardsRule","DaveBox","ice","Question Card","PrismaticShard","SynthV:MejaisSoulstealer","DianDianMeat","Dream Catcher","PreservedInsect","GodSword6","ImportantClient","Replay:Ancient Bell","Pet Ghost","GodSword4","BionicSphere","MerchantsRug","JyouHari","SynthV:C4","Unceasing Top","Bottled Flame","ReplayFunnel","NlothsMask","SpellExtend","SynthV","BirthdayGift-Icosahedron","Bird Faced Urn","DollysMirror"],"acts_visited":["Exordium","TheCity","TheBeyond"],"potions_floor_usage":[12,12,14,29,45,45,49],"damage_taken":[{"damage":0,"enemies":"2 Louse","floor":1,"turns":5},{"damage":0,"enemies":"Cultist","floor":3,"turns":5},{"damage":0,"enemies":"Small Slimes","floor":4,"turns":3},{"damage":0,"enemies":"Red Slaver","floor":5,"turns":2},{"damage":0,"enemies":"3 Sentries","floor":6,"turns":2},{"damage":0,"enemies":"Gremlin Nob","floor":8,"turns":4},{"damage":0,"enemies":"3 Louse","floor":10,"turns":1},{"damage":3,"enemies":"Exordium Thugs","floor":12,"turns":4},{"damage":0,"enemies":"3 Sentries","floor":13,"turns":3},{"damage":0,"enemies":"Lots of Slimes","floor":14,"turns":2},{"damage":0,"enemies":"Slime Boss","floor":16,"turns":8},{"damage":5,"enemies":"Shell Parasite","floor":18,"turns":4},{"damage":3,"enemies":"Spheric Guardian","floor":19,"turns":3},{"damage":0,"enemies":"Cultist and Chosen","floor":21,"turns":4},{"damage":6,"enemies":"Cultist and Chosen","floor":22,"turns":11},{"damage":0,"enemies":"Slavers","floor":23,"turns":4},{"damage":0,"enemies":"Snake Plant","floor":24,"turns":2},{"damage":0,"enemies":"Replay:Snechameleon","floor":25,"turns":3},{"damage":0,"enemies":"Book of Stabbing","floor":27,"turns":4},{"damage":0,"enemies":"Snecko","floor":29,"turns":1},{"damage":0,"enemies":"Centurion and Healer","floor":30,"turns":2},{"damage":0,"enemies":"Automaton","floor":33,"turns":4},{"damage":0,"enemies":"3 Shapes","floor":35,"turns":1},{"damage":0,"enemies":"3 Darklings","floor":37,"turns":2},{"damage":0,"enemies":"Jaw Worm Horde","floor":38,"turns":2},{"damage":0,"enemies":"4 Shapes","floor":41,"turns":3},{"damage":0,"enemies":"Sphere and 2 Shapes","floor":44,"turns":1},{"damage":0,"enemies":"Transient","floor":45,"turns":2},{"damage":0,"enemies":"Giant Head","floor":46,"turns":2},{"damage":0,"enemies":"R_Hoarder","floor":49,"turns":2},{"damage":0,"enemies":"Awakened One","floor":52,"turns":3}],"seed_played":"-258101893660628574","potions_obtained":[{"floor":3,"key":"DistilledChaos"},{"floor":5,"key":"PowerPotion"},{"floor":8,"key":"Explosive Potion"},{"floor":13,"key":"Fire Potion"},{"floor":16,"key":"PowerPotion"},{"floor":19,"key":"EssenceOfSteel"},{"floor":44,"key":"Strength Potion"},{"floor":45,"key":"EntropicBrew"}],"is_trial":false,"path_per_floor":["M","?","M","M","M","E","R","E","T","M","R","M","E","M","R","B",null,"M","M","$","M","?","E","M","E","T","E","?","M","M","$","R","B",null,"M","?","M","M","?","R","M","$","T","M","M","E","PTL","PTL","E","$","R","B",null],"character_chosen":"KomeijiSatori","items_purchased":["MerchantsRug","NarrowSpark","NingyouOkisou+1","SpellExtend","SynthV","NarrowSpark","DollysMirror"],"campfire_rested":2,"item_purchase_floors":[20,20,20,31,31,42,50],"current_hp_per_floor":[50,50,50,50,50,50,50,50,50,50,51,50,54,54,56,60,78,81,87,108,120,122,135,135,149,149,149,149,149,164,164,164,180,207,208,208,209,210,210,210,211,228,228,229,248,249,249,249,250,269,304,305],"gold":73,"neow_bonus":"ONE_RANDOM_RARE_CARD","is_daily":false,"chose_seed":false,"campfire_upgraded":2,"win_rate":0.0,"timestamp":1607835137,"path_taken":["M","?","M","M","M","E","R","E","T","M","R","M","E","M","R","BOSS","M","M","$","M","?","E","M","E","T","E","?","?","?","$","R","BOSS","M","?","?","M","?","R","M","?","T","M","M","E","PTL","PTL","E","$","R","BOSS"],"items_purchased_type":["Relic","Card","Card","Relic","Relic","Card","Relic"],"build_version":"2020-11-30","purchased_purges":17,"victory":true,"max_hp_per_floor":[50,50,50,50,50,50,50,50,50,50,51,53,56,56,56,60,78,86,95,116,128,131,149,149,166,166,172,172,172,188,188,188,207,207,213,213,215,217,217,217,226,243,243,245,264,264,264,264,265,284,304,305],"relic_stats":{"Dream Catcher":3,"counters":[31,98],"Bird Faced Urn":[0],"PreservedInsect":349,"Question Card":36,"obtain_stats":[{"JyouHari":22,"ReplayFunnel":27,"DaveBox":0,"SynthV":31,"ice":0,"BirthdayGift-Icosahedron":34,"PrismaticShard":1,"Pet Ghost":17,"SynthV:C4":23,"Dream Catcher":8,"KomeijisEye":0,"DollysMirror":50,"ImportantClient":16,"MusicBox":0,"DianDianMeat":6,"MerchantsRug":20,"SynthV:MejaisSoulstealer":2,"PreservedInsect":9,"Replay:Ancient Bell":17,"Question Card":1,"Bottled Flame":26,"SpellExtend":31,"BionicSphere":17,"Bird Faced Urn":49,"GodSword6":13,"GodSword4":17,"SpellCardsRule":0,"Unceasing Top":25,"NlothsMask":28},{"JyouHari":15,"ReplayFunnel":19,"DaveBox":0,"SynthV":21,"ice":0,"BirthdayGift-Icosahedron":22,"PrismaticShard":1,"Pet Ghost":11,"SynthV:C4":16,"Dream Catcher":6,"KomeijisEye":0,"DollysMirror":30,"ImportantClient":11,"MusicBox":0,"DianDianMeat":5,"MerchantsRug":13,"SynthV:MejaisSoulstealer":1,"PreservedInsect":6,"Replay:Ancient Bell":11,"Question Card":1,"Bottled Flame":18,"SpellExtend":21,"BionicSphere":11,"Bird Faced Urn":30,"GodSword6":9,"GodSword4":11,"SpellCardsRule":0,"Unceasing Top":18,"NlothsMask":19},{"JyouHari":61,"ReplayFunnel":74,"DaveBox":0,"SynthV":77,"ice":0,"BirthdayGift-Icosahedron":81,"PrismaticShard":5,"Pet Ghost":39,"SynthV:C4":65,"Dream Catcher":21,"KomeijisEye":0,"DollysMirror":96,"ImportantClient":39,"MusicBox":0,"DianDianMeat":17,"MerchantsRug":46,"SynthV:MejaisSoulstealer":5,"PreservedInsect":21,"Replay:Ancient Bell":39,"Question Card":5,"Bottled Flame":70,"SpellExtend":77,"BionicSphere":39,"Bird Faced Urn":96,"GodSword6":29,"GodSword4":39,"SpellCardsRule":0,"Unceasing Top":70,"NlothsMask":74}],"Unceasing Top":[3]},"card_choices":[{"not_picked":["VampireKiss","KouPou+1"],"picked":"SeekerDolls","floor":1},{"not_picked":["Slice","Defy Death","EmptyFist"],"picked":"Lantern","floor":3},{"not_picked":["animator:TukaLunaMarceau","animator:Millim","MakuraSeki"],"picked":"Discovery","floor":4},{"not_picked":["Panic Button","Dark Wind","Blizzard","NingyouChiyari+1"],"picked":"SKIP","floor":5},{"not_picked":["animator:Lancer","MokouMod:Rekindle","MokouMod:Fireball","Clash"],"picked":"SKIP","floor":6},{"not_picked":["animator:Vesta","VampireClaw","animator:Geryuganshoop","animator:Kuroyukihime"],"picked":"SKIP","floor":8},{"not_picked":["Become Phantom","Unreal","Open The Fan","Clash"],"picked":"SKIP","floor":10},{"not_picked":["Replay:ManipulateFuture","ThePrice","animator:HiiragiShinya"],"picked":"Shrug It Off","floor":11},{"not_picked":["Coolheaded","EmptyFist","Replay:Undeath\u0027s Touch"],"picked":"ShyakuBuku","floor":12},{"not_picked":["MokouMod:CrimsonFlare","CherryBlossom","Self Repair"],"picked":"SomewhereSpear","floor":13},{"not_picked":["MokouMod:Rekindle","Armaments","FollowUp","Cold Snap"],"picked":"SKIP","floor":14},{"not_picked":["animator:HarukoHaruhara","Remain Here","The Inky Sakura"],"picked":"LunaDial","floor":16},{"not_picked":["Lonely","Replay:Hysterical Blindness","Looming Evil"],"picked":"Pain","floor":17},{"not_picked":["animator:Curse_GriefSeed","Delirium","Confused"],"picked":"Clumsy","floor":17},{"not_picked":["Overencumbered","animator:Curse_Dizziness","Voices"],"picked":"Doubt","floor":17},{"not_picked":["animator:Ain","animator:ChlammyZell","animator:Mikaela+1"],"picked":"ReplayTheSpireMod:Private Reserves+1","floor":18},{"not_picked":["Dagger Throw","Replay:BluntJabs","DemonLordCradle+1"],"picked":"RedtheNightlessCastle","floor":19},{"not_picked":["animator:Shuna","MostiFishMod:InvigoratingSolution","Purity"],"picked":"NingyouSP+1","floor":21},{"not_picked":["Steamed Phantom","animator:IrohaTamaki","animator:Rider"],"picked":"MostiFishMod:UniGreen","floor":23},{"not_picked":["animator:Assassin+1","animator:SakuraMatou","Reverse The Screen+1","animator:Hitei"],"picked":"SKIP","floor":24},{"not_picked":["TodaysExpression","Pommel Strike","Agarareta+1"],"picked":"Prepared+1","floor":25},{"not_picked":["All Out Attack","Compile Driver","BodyStrengthen+1","animator:Darkness"],"picked":"SKIP","floor":27},{"not_picked":["animator:FielNirvalen+1","MokouMod:Overheat","animator:Arpeggio+1","NingyouKasou+1"],"picked":"SKIP","floor":29},{"not_picked":["Calculated Gamble","animator:KyokoSakura","animator:Mitsurugi"],"picked":"FateCollect","floor":30},{"not_picked":["Ghost Spot","TerribleSouvenir","Explore Ghostdom"],"picked":"HeartBreak_Remiria","floor":33},{"not_picked":["Underhanded Strike","animator:MumenRider","Vengeance+1","Heel Hook+1"],"picked":"SKIP","floor":35},{"not_picked":["Heaven","Ghostdom Sakura+1","Noise+1","Stack"],"picked":"SKIP","floor":37},{"not_picked":["Nihility+1","Become Phantom+1","CurseofVladTepes","Replay:ManipulateFuture+1"],"picked":"SKIP","floor":38},{"not_picked":["Collect+1","Stifle+1","Evaluate","Warpath"],"picked":"SKIP","floor":41},{"not_picked":["SeekerWire+1","Anger+1","ReplayTheSpireMod:Strike From Hell","animator:Tatsumaki+1"],"picked":"SKIP","floor":44},{"not_picked":["Heatsinks","MokouMod:UncontrollableSolarReaction+1","animator:Assassin+1"],"picked":"Machine Learning","floor":45},{"not_picked":["Draining Mist+1","ThirdEye+1","animator:ElricAlphonse","Twin Strike+1"],"picked":"SKIP","floor":46},{"not_picked":["vexMod:EmailVexCard+1","RikonNoKama+1","animator:SilverFang","animator:ElricEdward"],"picked":"SKIP","floor":49},{"not_picked":["Leap","FlurryOfBlows+1","ServantFlier+1"],"picked":"Backflip+1","floor":51}],"player_experience":14814,"relics_obtained":[{"floor":1,"key":"Question Card"},{"floor":1,"key":"PrismaticShard"},{"floor":6,"key":"DianDianMeat"},{"floor":8,"key":"Dream Catcher"},{"floor":9,"key":"PreservedInsect"},{"floor":13,"key":"GodSword6"},{"floor":16,"key":"ImportantClient"},{"floor":22,"key":"JyouHari"},{"floor":23,"key":"SynthV:C4"},{"floor":25,"key":"Unceasing Top"},{"floor":26,"key":"Bottled Flame"},{"floor":27,"key":"ReplayFunnel"},{"floor":49,"key":"Bird Faced Urn"}],"event_choices":[{"damage_healed":0,"gold_gain":100,"player_choice":"Pray","damage_taken":0,"max_hp_gain":0,"max_hp_loss":0,"event_name":"Golden Shrine","floor":2,"gold_loss":0},{"damage_healed":0,"gold_gain":0,"player_choice":"Trade","damage_taken":0,"relics_obtained":["NlothsMask"],"max_hp_gain":0,"max_hp_loss":0,"event_name":"FaceTrader","floor":28,"gold_loss":0},{"damage_healed":0,"gold_gain":0,"player_choice":"0 cards matched","damage_taken":0,"max_hp_gain":0,"max_hp_loss":0,"event_name":"Match and Keep!","floor":36,"gold_loss":0,"cards_obtained":[]},{"damage_healed":0,"gold_gain":0,"player_choice":"Forge","damage_taken":0,"max_hp_gain":0,"max_hp_loss":0,"event_name":"Accursed Blacksmith","floor":39,"gold_loss":0,"cards_upgraded":["NarrowSpark"]}],"is_beta":false,"boss_relics":[{"not_picked":["OneHitWonderSystem","Busted Crown"],"picked":"Replay:Ancient Bell"},{"not_picked":["War Paint","Potion Belt"],"picked":"Pet Ghost"},{"not_picked":["MagicDraw3","Replay:Bottled Eggs"],"picked":"GodSword4"},{"not_picked":["Replay:Arrowhead","KyoryuNoHagoromo"],"picked":"BionicSphere"},{"not_picked":["Black Star","Sozu"],"picked":"BirthdayGift-Icosahedron"}],"items_purged_floors":[20,20,20,20,20,20,42,42,42,42,42,50,50,50,50,50,50],"is_endless":false,"potions_floor_spawned":[3,5,8,10,13,16,19,22,23,25,29,38,44,45],"ascension_level":1}}