{"host":"8aazbu429xvxw5ti","time":1607864346,"event":{"mods":["2.2 Compatiblity","BaseMod","Colored Map","DeckTracker","Highlight Path","Keyboard Shortcuts","Minty Spire (QoL Compilation)","Permanent Neow","Quick Restart","StSLib","SuperFastMode","everything is the same but u backflip on backflip"],"gold_per_floor":[113,113,113,127,127,162,187,187,234,2,15,28,28,52,52,178,178,191,191,191,2,16,55,55,68,68,93,113,133,148,148,148,277,340,361,382,397,412,428,428,443,443,443,466,481,481,281,300,300,300,300],"floor_reached":50,"playtime":2103,"items_purged":["Strike_G","Defend_G"],"score":799,"play_id":"1a3ecc93-1b76-40d8-9a24-ccd2a5bc5562","local_time":"20201213215906","is_ascension_mode":true,"campfire_choices":[{"data":"Footwork","floor":8.0,"key":"SMITH"},{"data":"Dash","floor":13.0,"key":"SMITH"},{"data":"Neutralize","floor":15.0,"key":"SMITH"},{"data":"Glass Knife","floor":24.0,"key":"SMITH"},{"data":"Phantasmal Killer","floor":32.0,"key":"SMITH"},{"data":"Adrenaline","floor":40.0,"key":"SMITH"},{"data":"Calculated Gamble","floor":42.0,"key":"SMITH"},{"floor":49,"key":"REST"}],"circlet_count":0,"master_deck":["AscendersBane","Strike_G","Strike_G","Defend_G","Defend_G","Defend_G","Defend_G","Survivor+1","Neutralize+1","Backstab","Calculated Gamble+1","Dash","Escape Plan","Footwork+1","Dash+1","Blur","Dagger Spray","Deflect","Slice","Glass Knife+1","CurseOfTheBell","Caltrops+1","Deflect","Slice+1","Slice","Die Die Die","Predator+1","Phantasmal Killer+1","Adrenaline+1","Leg Sweep","Escape Plan","PiercingWail","Parasite","Quick Slash+1","Deflect+1"],"relics":["Ring of the Snake","NeowsBlessing","Golden Idol","Pen Nib","WingedGreaves","Akabeko","Membership Card","Calling Bell","Strawberry","HornCleat","Du-Vu Doll","Bottled Flame","Art of War","Bottled Lightning","CaptainsWheel","Tiny House","Oddly Smooth Stone","Frozen Eye"],"acts_visited":["Exordium","TheCity","TheBeyond"],"potions_floor_usage":[45,50,50,50],"damage_taken":[{"damage":0.0,"enemies":"Small Slimes","floor":1.0,"turns":1.0},{"damage":0.0,"enemies":"Jaw Worm","floor":4.0,"turns":1.0},{"damage":0.0,"enemies":"Lagavulin","floor":6.0,"turns":1.0},{"damage":0.0,"enemies":"Cultist","floor":7.0,"turns":4.0},{"damage":0.0,"enemies":"Blue Slaver","floor":11.0,"turns":1.0},{"damage":0.0,"enemies":"Looter","floor":12.0,"turns":3.0},{"damage":0.0,"enemies":"3 Louse","floor":14.0,"turns":2.0},{"damage":11.0,"enemies":"Slime Boss","floor":16.0,"turns":12.0},{"damage":0.0,"enemies":"Chosen","floor":18.0,"turns":4.0},{"damage":0.0,"enemies":"Spheric Guardian","floor":22.0,"turns":1.0},{"damage":2.0,"enemies":"Book of Stabbing","floor":23.0,"turns":5.0},{"damage":4.0,"enemies":"Snake Plant","floor":25.0,"turns":3.0},{"damage":0.0,"enemies":"Centurion and Healer","floor":27.0,"turns":2.0},{"damage":0.0,"enemies":"Cultist and Chosen","floor":28.0,"turns":3.0},{"damage":0.0,"enemies":"Snake Plant","floor":29.0,"turns":2.0},{"damage":0.0,"enemies":"Snecko","floor":30.0,"turns":3.0},{"damage":54.0,"enemies":"Champ","floor":33.0,"turns":11.0},{"damage":12.0,"enemies":"3 Darklings","floor":35.0,"turns":6.0},{"damage":1.0,"enemies":"Orb Walker","floor":36.0,"turns":4.0},{"damage":0.0,"enemies":"Jaw Worm Horde","floor":37.0,"turns":4.0},{"damage":8.0,"enemies":"Spire Growth","floor":38.0,"turns":4.0},{"damage":5.0,"enemies":"Sphere and 2 Shapes","floor":39.0,"turns":4.0},{"damage":0.0,"enemies":"Jaw Worm Horde","floor":41.0,"turns":3.0},{"damage":14,"enemies":"Maw","floor":44,"turns":9},{"damage":32,"enemies":"Writhing Mass","floor":45,"turns":7},{"damage":4,"enemies":"Sphere and 2 Shapes","floor":48,"turns":4},{"damage":28,"enemies":"Time Eater","floor":50,"turns":5}],"seed_played":"8737024802071349140","potions_obtained":[{"floor":1.0,"key":"PowerPotion"},{"floor":4.0,"key":"Poison Potion"},{"floor":7.0,"key":"EntropicBrew"},{"floor":22.0,"key":"DuplicationPotion"},{"floor":27.0,"key":"Dexterity Potion"},{"floor":29.0,"key":"Fruit Juice"},{"floor":34.0,"key":"CultistPotion"},{"floor":36.0,"key":"Fire Potion"},{"floor":37.0,"key":"Dexterity Potion"},{"floor":39.0,"key":"Regen Potion"},{"floor":45,"key":"Explosive Potion"},{"floor":48,"key":"LiquidBronze"}],"is_trial":false,"path_per_floor":["M","?","?","M","?","E","M","R","T","$","M","M","R","M","R","B",null,"M","?","?","$","M","E","R","M","T","M","M","M","M","?","R","B",null,"M","M","M","M","M","R","M","R","T","M","M","?","$","M","R","B"],"character_chosen":"THE_SILENT","items_purchased":["Membership Card","Dash","Blur","Bottled Flame","Deflect","Oddly Smooth Stone","Frozen Eye"],"campfire_rested":1,"item_purchase_floors":[10,10,10,21,21,47,47],"current_hp_per_floor":[63,46,46,46,28,28,28,28,28,28,28,28,28,28,28,17,64,64,64,64,64,64,62,62,58,58,58,58,63,63,63,63,9,69,57,56,56,48,43,43,43,43,43,29,12,12,12,8,34,6,6],"gold":300,"neow_bonus":"THREE_ENEMY_KILL","is_daily":false,"chose_seed":false,"campfire_upgraded":7,"win_rate":0.0,"timestamp":1607864346,"path_taken":["M","?","?","?","?","E","M","R","T","$","M","M","R","M","R","BOSS","M","?","?","$","M","E","R","M","T","M","?","M","M","?","R","BOSS","M","M","M","M","M","R","M","R","T","M","M","?","$","M","R","BOSS"],"items_purchased_type":["Relic","Card","Card","Relic","Card","Relic","Relic"],"build_version":"2020-11-30","purchased_purges":2,"victory":false,"max_hp_per_floor":[70,70,70,70,70,70,70,70,70,70,70,70,70,70,70,70,77,77,77,77,77,77,77,77,77,77,77,77,82,82,82,82,82,87,87,87,87,87,87,87,87,87,87,87,87,87,87,87,87,87,87],"card_choices":[{"not_picked":["Bane","Deflect"],"picked":"Backstab","floor":1.0},{"not_picked":["Blade Dance","PiercingWail"],"picked":"Dash","floor":4.0},{"not_picked":["Flying Knee","Poisoned Stab"],"picked":"Escape Plan","floor":6.0},{"not_picked":["Bane","Underhanded Strike"],"picked":"Footwork","floor":7.0},{"not_picked":["Riddle With Holes","Poisoned Stab"],"picked":"Dagger Spray","floor":11.0},{"not_picked":["Endless Agony","Doppelganger"],"picked":"Deflect","floor":12.0},{"not_picked":["Deadly Poison","Flechettes"],"picked":"Slice","floor":14.0},{"not_picked":["Doppelganger","Bullet Time"],"picked":"Glass Knife","floor":16.0},{"not_picked":["Underhanded Strike","Quick Slash"],"picked":"Caltrops+1","floor":18.0},{"not_picked":["Finisher","Dodge and Roll+1"],"picked":"Slice+1","floor":22.0},{"not_picked":["Underhanded Strike","Catalyst"],"picked":"Slice","floor":23.0},{"not_picked":["Slice","Caltrops","Bane"],"picked":"SKIP","floor":25.0},{"not_picked":["Bane","Cloak And Dagger"],"picked":"Die Die Die","floor":27.0},{"not_picked":["Deflect","Dagger Spray","Cloak And Dagger"],"picked":"SKIP","floor":28.0},{"not_picked":["Eviscerate","Poisoned Stab+1"],"picked":"Predator+1","floor":29.0},{"not_picked":["Caltrops","Cloak And Dagger"],"picked":"Phantasmal Killer","floor":30.0},{"not_picked":["Tools of the Trade","Envenom"],"picked":"Adrenaline","floor":33.0},{"not_picked":["Dagger Spray","Blade Dance"],"picked":"Leg Sweep","floor":34.0},{"not_picked":["Deadly Poison+1","Distraction","Dagger Spray"],"picked":"SKIP","floor":35.0},{"not_picked":["Slice","Flying Knee","All Out Attack+1"],"picked":"SKIP","floor":36.0},{"not_picked":["Skewer+1","Flying Knee+1"],"picked":"Escape Plan","floor":37.0},{"not_picked":["Dagger Throw","Prepared"],"picked":"PiercingWail","floor":38.0},{"not_picked":["Blade Dance","Poisoned Stab+1","Crippling Poison"],"picked":"SKIP","floor":39.0},{"not_picked":["Phantasmal Killer","Bane+1","Blade Dance+1"],"picked":"SKIP","floor":41.0},{"not_picked":["Cloak And Dagger+1","Dagger Throw+1","Poisoned Stab+1"],"picked":"SKIP","floor":44},{"not_picked":["Flechettes+1","Finisher+1"],"picked":"Quick Slash+1","floor":45},{"not_picked":["Backflip","Masterful Stab"],"picked":"Deflect+1","floor":48}],"player_experience":405603,"relics_obtained":[{"floor":6.0,"key":"WingedGreaves"},{"floor":9.0,"key":"Akabeko"},{"floor":17.0,"key":"Strawberry"},{"floor":17.0,"key":"HornCleat"},{"floor":17.0,"key":"Du-Vu Doll"},{"floor":23.0,"key":"Art of War"},{"floor":26.0,"key":"Bottled Lightning"}],"event_choices":[{"damage_healed":0.0,"max_hp_gain":0.0,"max_hp_loss":0.0,"gold_gain":0.0,"event_name":"Golden Idol","player_choice":"Take Damage","floor":2.0,"gold_loss":0.0,"damage_taken":17.0,"relics_obtained":["Golden Idol"]},{"damage_healed":0.0,"max_hp_gain":0.0,"max_hp_loss":0.0,"gold_gain":0.0,"cards_transformed":["Strike_G"],"event_name":"Transmorgrifier","player_choice":"Transformed","floor":3.0,"gold_loss":0.0,"damage_taken":0.0,"cards_obtained":["Calculated Gamble"]},{"damage_healed":0.0,"max_hp_gain":0.0,"max_hp_loss":0.0,"gold_gain":0.0,"event_name":"Scrap Ooze","player_choice":"Success","floor":5.0,"gold_loss":0.0,"damage_taken":18.0,"relics_obtained":["Pen Nib"]},{"damage_healed":0.0,"max_hp_gain":0.0,"max_hp_loss":0.0,"gold_gain":0.0,"event_name":"Cursed Tome","player_choice":"Ignored","floor":19.0,"gold_loss":0.0,"damage_taken":0.0},{"damage_healed":0.0,"max_hp_gain":0.0,"max_hp_loss":0.0,"gold_gain":0.0,"event_name":"The Woman in Blue","player_choice":"Bought 0 Potions","floor":20.0,"gold_loss":0.0,"damage_taken":0.0},{"damage_healed":0.0,"max_hp_gain":0.0,"max_hp_loss":0.0,"gold_gain":0.0,"event_name":"The Mausoleum","player_choice":"Opened","floor":31.0,"gold_loss":0.0,"damage_taken":0.0,"relics_obtained":["CaptainsWheel"]},{"cards_removed":["Strike_G"],"damage_healed":0,"gold_gain":0,"player_choice":"Removed Attack","damage_taken":0,"max_hp_gain":0,"max_hp_loss":0,"event_name":"Falling","floor":46,"gold_loss":0}],"is_beta":false,"boss_relics":[{"not_picked":["Runic Pyramid","Astrolabe"],"picked":"Calling Bell"},{"not_picked":["Snecko Eye","Runic Dome"],"picked":"Tiny House"}],"items_purged_floors":[21,47],"is_endless":false,"potions_floor_spawned":[1,4,7,22,27,28,29,36,37,39,45,48],"killed_by":"Time Eater","ascension_level":10}}