{"host":"qm4rv4rkpk76sbxu","time":1607879547,"event":{"mods":["BaseMod","Bestiary","Block Reminder","DeckTracker","Filter the Spire","Keyboard Shortcuts","Minty Spire (QoL Compilation)","MonsterHotkey","Potion Indicator Mod","Quick Restart","Random Character Button","Relic Stats","Slay-I","StSLib","ojb\u0027s Better Paths Mod"],"gold_per_floor":[113,127,146,146,146,146,180,258,258,269,281,37,71,90,90,164,164,183,183,197,40,40,72,72,88,135,147,147,147,167,167,167,167,167],"floor_reached":33,"playtime":1539,"items_purged":[],"score":644,"play_id":"645b2e1d-e582-4102-b9d6-e2f22045bcc1","local_time":"20201213181227","is_ascension_mode":true,"campfire_choices":[{"data":"Neutralize","floor":6.0,"key":"SMITH"},{"data":"Cloak And Dagger","floor":15.0,"key":"SMITH"},{"data":"Footwork","floor":24.0,"key":"SMITH"},{"data":"Tools of the Trade","floor":28.0,"key":"SMITH"},{"data":"Terror","floor":32.0,"key":"SMITH"}],"circlet_count":0,"master_deck":["AscendersBane","Strike_G","Strike_G","Strike_G","Defend_G+1","Defend_G","Defend_G","Defend_G","Defend_G","Survivor","Neutralize+1","Blade Dance+1","All Out Attack","Night Terror","Cloak And Dagger+1","Slice","Backstab","Crippling Poison","Blur","Tools of the Trade+1","Footwork+1","Backflip","Well Laid Plans","Acrobatics","Malaise","Terror+1"],"relics":["WristBlade","Pear","Potion Belt","Omamori","MealTicket","SacredBark","ClockworkSouvenir","Bird Faced Urn","Anchor"],"acts_visited":["Exordium","TheCity"],"potions_floor_usage":[],"damage_taken":[{"damage":3.0,"enemies":"2 Louse","floor":1.0,"turns":5.0},{"damage":0.0,"enemies":"Small Slimes","floor":2.0,"turns":4.0},{"damage":2.0,"enemies":"Jaw Worm","floor":3.0,"turns":2.0},{"damage":3.0,"enemies":"3 Sentries","floor":7.0,"turns":6.0},{"damage":2.0,"enemies":"Exordium Thugs","floor":10.0,"turns":3.0},{"damage":0.0,"enemies":"2 Fungi Beasts","floor":11.0,"turns":3.0},{"damage":0.0,"enemies":"Gremlin Nob","floor":13.0,"turns":2.0},{"damage":0.0,"enemies":"3 Louse","floor":14.0,"turns":1.0},{"damage":26.0,"enemies":"Hexaghost","floor":16.0,"turns":10.0},{"damage":9.0,"enemies":"3 Byrds","floor":18.0,"turns":4.0},{"damage":17.0,"enemies":"Spheric Guardian","floor":20.0,"turns":5.0},{"damage":21.0,"enemies":"Book of Stabbing","floor":23.0,"turns":5.0},{"damage":8.0,"enemies":"Snake Plant","floor":25.0,"turns":7.0},{"damage":4.0,"enemies":"Centurion and Healer","floor":27.0,"turns":6.0},{"damage":7.0,"enemies":"3 Cultists","floor":30.0,"turns":6.0},{"damage":31.0,"enemies":"Slavers","floor":31.0,"turns":5.0},{"damage":10,"enemies":"Automaton","floor":33,"turns":2}],"seed_played":"-5662461519506381754","potions_obtained":[{"floor":2.0,"key":"Swift Potion"},{"floor":3.0,"key":"EssenceOfSteel"},{"floor":10.0,"key":"Fire Potion"},{"floor":14.0,"key":"DistilledChaos"},{"floor":16.0,"key":"EssenceOfSteel"},{"floor":18.0,"key":"Poison Potion"},{"floor":20.0,"key":"SmokeBomb"},{"floor":25.0,"key":"SmokeBomb"},{"floor":27.0,"key":"GhostInAJar"}],"is_trial":false,"path_per_floor":["M","M","M","?","?","R","E","?","T","M","M","$","E","M","R","B",null,"M","?","M","$","?","E","R","M","T","M","R","?","M","E","R","B"],"character_chosen":"THE_SILENT","items_purchased":["Backstab","Omamori","ClockworkSouvenir"],"campfire_rested":0,"item_purchase_floors":[12,12,21],"current_hp_per_floor":[56,56,54,54,34,34,41,41,41,39,39,39,39,39,39,13,60,51,51,34,49,49,28,28,26,26,28,28,28,27,2,2,0,0],"gold":167,"neow_bonus":"BOSS_RELIC","is_daily":false,"chose_seed":false,"campfire_upgraded":5,"win_rate":0.0,"timestamp":1607879547,"path_taken":["M","M","M","?","?","R","E","?","T","?","M","?","E","M","R","BOSS","M","?","M","$","?","E","R","M","T","?","R","?","?","E","R","BOSS"],"items_purchased_type":["Card","Relic","Relic"],"build_version":"2020-11-30","purchased_purges":0,"victory":false,"max_hp_per_floor":[66,66,66,66,66,66,76,76,76,76,76,76,76,76,76,76,76,76,76,76,76,76,76,76,76,76,76,76,76,76,76,76,76,76],"relic_stats":{"counters":[17,76],"Bird Faced Urn":[28],"MealTicket":15,"obtain_stats":[{"Potion Belt":9,"Anchor":26,"Pear":7,"WristBlade":0,"SacredBark":17,"Bird Faced Urn":23,"MealTicket":13,"Omamori":12,"Ring of the Snake":0,"ClockworkSouvenir":21},{"Potion Belt":4,"Anchor":13,"Pear":4,"WristBlade":0,"SacredBark":9,"Bird Faced Urn":12,"MealTicket":7,"Omamori":6,"Ring of the Snake":0,"ClockworkSouvenir":11},{"Potion Belt":17,"Anchor":57,"Pear":17,"WristBlade":0,"SacredBark":36,"Bird Faced Urn":50,"MealTicket":25,"Omamori":23,"Ring of the Snake":0,"ClockworkSouvenir":45}]},"card_choices":[{"not_picked":["Outmaneuver","Caltrops"],"picked":"Blade Dance","floor":1.0},{"not_picked":["Deflect","Unload"],"picked":"All Out Attack","floor":2.0},{"not_picked":["Predator","Deadly Poison","Dagger Throw"],"picked":"SKIP","floor":3.0},{"not_picked":["Backflip","Burst"],"picked":"Cloak And Dagger","floor":7.0},{"not_picked":["PiercingWail","Choke","Riddle With Holes"],"picked":"SKIP","floor":10.0},{"not_picked":["Deflect","Finisher"],"picked":"Slice","floor":11.0},{"not_picked":["Slice","Prepared"],"picked":"Crippling Poison","floor":13.0},{"not_picked":["Quick Slash","Slice"],"picked":"Blur","floor":14.0},{"not_picked":["Glass Knife","Burst"],"picked":"Tools of the Trade","floor":16.0},{"not_picked":["Outmaneuver","Poisoned Stab"],"picked":"Footwork","floor":18.0},{"not_picked":["Flying Knee","Choke+1"],"picked":"Well Laid Plans","floor":20.0},{"not_picked":["Masterful Stab","Outmaneuver"],"picked":"Acrobatics","floor":23.0},{"not_picked":["Infinite Blades","Poisoned Stab","Caltrops"],"picked":"SKIP","floor":25.0},{"not_picked":["Concentrate","Prepared"],"picked":"Malaise","floor":27.0},{"not_picked":["Bouncing Flask","Outmaneuver"],"picked":"Terror","floor":30.0}],"player_experience":1034256,"relics_obtained":[{"floor":7.0,"key":"Pear"},{"floor":9.0,"key":"Potion Belt"},{"floor":13.0,"key":"MealTicket"},{"floor":23.0,"key":"Bird Faced Urn"},{"floor":26.0,"key":"Anchor"}],"event_choices":[{"damage_healed":0.0,"max_hp_gain":0.0,"max_hp_loss":0.0,"gold_gain":0.0,"cards_transformed":["Strike_G"],"event_name":"Living Wall","player_choice":"Change","floor":4.0,"gold_loss":0.0,"damage_taken":0.0,"cards_obtained":["Night Terror"]},{"damage_healed":0.0,"max_hp_gain":0.0,"max_hp_loss":0.0,"gold_gain":0.0,"event_name":"Shining Light","player_choice":"Entered Light","floor":5.0,"gold_loss":0.0,"damage_taken":20.0,"cards_upgraded":["Defend_G","Blade Dance"]},{"damage_healed":0.0,"max_hp_gain":0.0,"max_hp_loss":0.0,"gold_gain":78.0,"event_name":"Golden Wing","player_choice":"Gained Gold","floor":8.0,"gold_loss":0.0,"damage_taken":0.0},{"damage_healed":0.0,"max_hp_gain":0.0,"max_hp_loss":0.0,"gold_gain":0.0,"event_name":"The Library","player_choice":"Read","floor":19.0,"gold_loss":0.0,"damage_taken":0.0,"cards_obtained":["Backflip"]},{"damage_healed":0.0,"max_hp_gain":0.0,"max_hp_loss":0.0,"gold_gain":0.0,"event_name":"N\u0027loth","player_choice":"Ignored","floor":22.0,"gold_loss":0.0,"damage_taken":0.0},{"cards_removed":["Strike_G"],"damage_healed":0.0,"max_hp_gain":0.0,"max_hp_loss":0.0,"gold_gain":0.0,"event_name":"Purifier","player_choice":"Purged","floor":29.0,"gold_loss":0.0,"damage_taken":0.0}],"is_beta":false,"boss_relics":[{"not_picked":["Ectoplasm","Pandora\u0027s Box"],"picked":"SacredBark"}],"items_purged_floors":[],"is_endless":false,"potions_floor_spawned":[2,3,10,14,16,18,20,25,27],"killed_by":"Automaton","ascension_level":20}}