{"host":"63rwe7p34ct1i0qu","time":1607881761,"event":{"mods":["BaseMod","DeckTracker","Minty Spire (QoL Compilation)","Permanent Neow","Quick Restart","StSLib"],"gold_per_floor":[16,16,16,28,28,55,55,66,66,66,85,102,29,45,45,145,145,161,161,161,161],"floor_reached":20,"playtime":722,"items_purged":[],"score":235,"play_id":"c6a6e301-ce5c-4ff3-963d-8edfc7ee3649","local_time":"20201214024921","is_ascension_mode":true,"campfire_choices":[{"floor":10,"key":"REST"},{"data":"Reprogram","floor":15,"key":"SMITH"}],"circlet_count":0,"master_deck":["Strike_B","Defend_B","Defend_B","Defend_B","Defend_B","Zap+1","Dualcast","Echo Form","Sunder","Skim+1","Hologram","Streamline","Reprogram","Reprogram+1","Chill","Seek","Recycle","Undo","All For One"],"relics":["FrozenCore","Kunai","Blood Vial"],"acts_visited":["Exordium","TheCity"],"potions_floor_usage":[14,16,16,20],"damage_taken":[{"damage":6,"enemies":"Small Slimes","floor":1,"turns":3},{"damage":5,"enemies":"2 Louse","floor":4,"turns":3},{"damage":10,"enemies":"Lagavulin","floor":6,"turns":5},{"damage":5,"enemies":"Jaw Worm","floor":8,"turns":4},{"damage":3,"enemies":"Looter","floor":11,"turns":2},{"damage":0,"enemies":"3 Louse","floor":12,"turns":2},{"damage":2,"enemies":"Exordium Wildlife","floor":14,"turns":4},{"damage":19,"enemies":"Hexaghost","floor":16,"turns":11},{"damage":18,"enemies":"Spheric Guardian","floor":18,"turns":11},{"damage":51,"enemies":"3 Byrds","floor":20,"turns":4}],"seed_played":"1598504824087943548","potions_obtained":[{"floor":1,"key":"SkillPotion"},{"floor":6,"key":"Block Potion"},{"floor":12,"key":"DistilledChaos"},{"floor":14,"key":"EssenceOfDarkness"}],"is_trial":false,"path_per_floor":["M","?","$","M","?","E","?","M","T","R","M","M","$","M","R","B",null,"M","?","M"],"character_chosen":"DEFECT","items_purchased":["Reprogram"],"campfire_rested":1,"item_purchase_floors":[13],"current_hp_per_floor":[62,62,62,57,57,47,32,27,27,49,48,50,50,50,50,33,65,49,49,0,0],"gold":161,"neow_bonus":"THREE_RARE_CARDS","is_daily":false,"chose_seed":false,"campfire_upgraded":1,"win_rate":0.0,"timestamp":1607881761,"path_taken":["M","?","$","M","?","E","?","M","T","R","M","M","$","M","R","BOSS","M","?","M"],"items_purchased_type":["Card"],"build_version":"2020-11-30","purchased_purges":0,"victory":false,"max_hp_per_floor":[75,75,75,75,75,75,75,75,75,75,75,75,75,75,75,75,75,75,75,75,75],"card_choices":[{"not_picked":["Machine Learning","Hyperbeam"],"picked":"Echo Form","floor":0},{"not_picked":["Aggregate","Coolheaded"],"picked":"Sunder","floor":1},{"not_picked":["Sweeping Beam","Static Discharge"],"picked":"Hologram","floor":4},{"not_picked":["Auto Shields","Conserve Battery","Force Field"],"picked":"SKIP","floor":6},{"not_picked":["Stack","Aggregate"],"picked":"Streamline","floor":8},{"not_picked":["Cold Snap","Coolheaded"],"picked":"Reprogram","floor":11},{"not_picked":["Leap","FTL","Fission"],"picked":"SKIP","floor":12},{"not_picked":["Beam Cell","Streamline"],"picked":"Chill","floor":14},{"not_picked":["Buffer","Echo Form"],"picked":"Seek","floor":16},{"not_picked":["Sweeping Beam","Rip and Tear"],"picked":"Recycle","floor":18}],"player_experience":751502,"relics_obtained":[{"floor":6,"key":"Kunai"},{"floor":9,"key":"Blood Vial"}],"event_choices":[{"damage_healed":0,"gold_gain":0,"cards_transformed":["Strike_B"],"player_choice":"Change","damage_taken":0,"max_hp_gain":0,"max_hp_loss":0,"event_name":"Living Wall","floor":2,"gold_loss":0,"cards_obtained":["Skim"]},{"damage_healed":0,"gold_gain":0,"player_choice":"Ignored","damage_taken":0,"max_hp_gain":0,"max_hp_loss":0,"event_name":"Liars Game","floor":5,"gold_loss":0},{"damage_healed":0,"gold_gain":0,"player_choice":"Entered Light","damage_taken":15,"max_hp_gain":0,"max_hp_loss":0,"event_name":"Shining Light","floor":7,"gold_loss":0,"cards_upgraded":["Zap","Skim"]},{"damage_healed":0,"gold_gain":0,"cards_transformed":["Strike_B","Strike_B"],"player_choice":"Became Test Subject","damage_taken":0,"max_hp_gain":0,"max_hp_loss":0,"event_name":"Drug Dealer","floor":19,"gold_loss":0,"cards_obtained":["Undo","All For One"]}],"is_beta":false,"boss_relics":[{"not_picked":["Velvet Choker","Philosopher\u0027s Stone"],"picked":"FrozenCore"}],"items_purged_floors":[],"is_endless":false,"potions_floor_spawned":[1,6,12,14],"killed_by":"3 Byrds","ascension_level":7}}