{"host":"f5n4tidiz2n5sooh","time":1607859918,"event":{"mods":["BaseMod","Colored Map","Minty Spire (QoL Compilation)","Relic Stats","StSLib"],"gold_per_floor":[109,120,135,135,135,135,60,60,60,80,0,0,29,29,29,29,29],"floor_reached":16,"playtime":471,"items_purged":["Strike_R"],"score":196,"play_id":"e1175fac-17a5-4f87-ae4e-ec8716e70a67","local_time":"20201213054518","is_ascension_mode":true,"campfire_choices":[{"data":"Bash","floor":6,"key":"SMITH"},{"floor":8,"key":"REST"},{"data":"1","floor":15,"key":"LIFT"}],"circlet_count":0,"master_deck":["AscendersBane","Strike_R","Strike_R","Defend_R","Defend_R","Defend_R","Bash+1","Flame Barrier+1","Metallicize+1","Power Through+1","Pummel","Sword Boomerang","Headbutt","Whirlwind+1"],"relics":["Astrolabe","Letter Opener","Girya","Lantern","Golden Idol"],"acts_visited":["Exordium"],"potions_floor_usage":[13],"damage_taken":[{"damage":0,"enemies":"2 Louse","floor":1,"turns":3},{"damage":3,"enemies":"Jaw Worm","floor":2,"turns":4},{"damage":2,"enemies":"Small Slimes","floor":3,"turns":3},{"damage":0,"enemies":"3 Louse","floor":10,"turns":5},{"damage":24,"enemies":"Gremlin Nob","floor":13,"turns":4},{"damage":26,"enemies":"Slime Boss","floor":16,"turns":3}],"seed_played":"8595666145578466548","potions_obtained":[{"floor":1,"key":"SteroidPotion"}],"is_trial":false,"path_per_floor":["M","M","M","?","?","R","$","R","T","M","$","?","E","?","R","B"],"character_chosen":"IRONCLAD","items_purchased":["Whirlwind"],"campfire_rested":1,"item_purchase_floors":[11],"current_hp_per_floor":[68,65,63,18,18,18,18,40,40,40,40,40,16,16,16,0,0],"gold":29,"neow_bonus":"BOSS_RELIC","is_daily":false,"chose_seed":false,"campfire_upgraded":1,"win_rate":0.0,"timestamp":1607859918,"path_taken":["M","M","M","?","?","R","$","R","T","M","$","?","E","?","R","BOSS"],"items_purchased_type":["Card"],"build_version":"2020-11-30","purchased_purges":1,"victory":false,"max_hp_per_floor":[75,75,75,75,75,75,75,75,75,75,75,75,75,68,68,68,68],"relic_stats":{"counters":[6,22],"Golden Idol":0,"Astrolabe":["Flame Barrier","Metallicize","Power Through"],"Letter Opener":[0],"obtain_stats":[{"Girya":9,"Lantern":13,"Golden Idol":14,"Astrolabe":0,"Letter Opener":4,"Burning Blood":0},{"Girya":3,"Lantern":5,"Golden Idol":5,"Astrolabe":0,"Letter Opener":3,"Burning Blood":0},{"Girya":10,"Lantern":19,"Golden Idol":19,"Astrolabe":0,"Letter Opener":10,"Burning Blood":0}]},"card_choices":[{"not_picked":["Armaments","Perfected Strike"],"picked":"Pummel","floor":1},{"not_picked":["Dark Embrace","Armaments"],"picked":"Sword Boomerang","floor":2},{"not_picked":["Pummel","Heavy Blade"],"picked":"Headbutt","floor":3},{"not_picked":["Sever Soul","Body Slam","Dual Wield"],"picked":"SKIP","floor":10},{"not_picked":["Wild Strike","Flex","Intimidate"],"picked":"SKIP","floor":13}],"player_experience":1876563,"relics_obtained":[{"floor":9,"key":"Girya"},{"floor":13,"key":"Lantern"}],"event_choices":[{"damage_healed":0,"gold_gain":0,"player_choice":"Success","damage_taken":45,"relics_obtained":["Letter Opener"],"max_hp_gain":0,"max_hp_loss":0,"event_name":"Scrap Ooze","floor":4,"gold_loss":0},{"damage_healed":0,"gold_gain":0,"player_choice":"Ignored","damage_taken":0,"max_hp_gain":0,"max_hp_loss":0,"event_name":"Liars Game","floor":5,"gold_loss":0},{"damage_healed":0,"gold_gain":0,"player_choice":"Grow","damage_taken":0,"max_hp_gain":0,"max_hp_loss":0,"event_name":"Living Wall","floor":12,"gold_loss":0,"cards_upgraded":["Whirlwind"]},{"damage_healed":0,"gold_gain":0,"player_choice":"Lose Max HP","damage_taken":0,"relics_obtained":["Golden Idol"],"max_hp_gain":0,"max_hp_loss":7,"event_name":"Golden Idol","floor":14,"gold_loss":0}],"is_beta":false,"boss_relics":[],"items_purged_floors":[7],"is_endless":false,"potions_floor_spawned":[1],"killed_by":"Slime Boss","ascension_level":20}}