{"host":"xpedwhml4to70g3q","time":1607855728,"event":{"mods":["Act Like it!","BaseMod","Curses Come First","Hallownest","Minty Spire (QoL Compilation)","Spicy Shops","StSLib","The Administrix","The Bug Knight","The Servant 0.9.4"],"gold_per_floor":[110,125,16,16,16,120,120,140,140,140],"floor_reached":9,"playtime":432,"items_purged":[],"score":101,"play_id":"8b4ccfd2-3248-4eb5-af76-ea9e0a8da6d3","local_time":"20201213183528","is_ascension_mode":false,"campfire_choices":[],"circlet_count":0,"master_deck":["HollowMod:NailStrikeStart","HollowMod:NailStrikeStart","HollowMod:NailStrikeStart","HollowMod:NailStrikeStart","HollowMod:QuickDashStart","HollowMod:QuickDashStart","HollowMod:QuickDashStart","HollowMod:QuickDashStart","HollowMod:FocusHealStart","HollowMod:PogoStrike","Forethought","HollowMod:NewJinnsSoul+1","HollowMod:DescendingDark+1","HollowMod:NewGlowingWomb+1","HollowMod:DungDefenderAura"],"relics":["HollowMod:VesselMask","NeowsBlessing","Bird Faced Urn","Pear","Astrolabe"],"acts_visited":["Exordium","Hallownest:Greenpath"],"potions_floor_usage":[],"damage_taken":[{"damage":0,"enemies":"2_ Uuma","floor":1,"turns":1},{"damage":0,"enemies":"Hallownest:monsterHuskWarrior","floor":2,"turns":1},{"damage":4,"enemies":"Hallownest:BossHornet","floor":6,"turns":1},{"damage":38,"enemies":"Hallownest:Flukemon_and_Top","floor":8,"turns":9},{"damage":59,"enemies":"Hallownest:3_Youths","floor":9,"turns":4}],"seed_played":"4425250419161240518","potions_obtained":[{"floor":2,"key":"Strength Potion"}],"is_trial":false,"path_per_floor":["M","M","$","?","?","B",null,"M","M"],"character_chosen":"THE_BUGKNIGHT","items_purchased":["Forethought"],"campfire_rested":0,"item_purchase_floors":[3],"current_hp_per_floor":[75,75,75,45,45,41,85,53,0,0],"gold":140,"neow_bonus":"THREE_ENEMY_KILL","is_daily":false,"chose_seed":false,"campfire_upgraded":0,"win_rate":0.0,"timestamp":1607855728,"path_taken":["M","M","$","?","?","BOSS","M","M"],"items_purchased_type":["Card"],"build_version":"2020-11-30","purchased_purges":0,"victory":false,"max_hp_per_floor":[75,75,75,85,85,85,85,85,85,85],"card_choices":[{"not_picked":["HollowMod:DescendingDark","HollowMod:MawleksShell"],"picked":"HollowMod:HowlingWraiths","floor":1},{"not_picked":["HollowMod:TaintedHusks","HollowMod:SharpenedShadows"],"picked":"HollowMod:GoodIntentions","floor":2},{"not_picked":["HollowMod:MidwifesHunger","HollowMod:SoulMaster"],"picked":"HollowMod:NewInfectedGuardian","floor":6},{"not_picked":["HollowMod:VengefulSpirit","HollowMod:ShadowDash"],"picked":"HollowMod:DungDefenderAura","floor":8}],"player_experience":95631,"relics_obtained":[],"event_choices":[],"is_beta":false,"boss_relics":[{"not_picked":["SlaversCollar","Empty Cage"],"picked":"Astrolabe"}],"items_purged_floors":[],"is_endless":false,"potions_floor_spawned":[2],"killed_by":"Hallownest:3_Youths","ascension_level":0}}