{"host":"fbqvzfq8f1yzoo4u","time":1607844951,"event":{"mods":["BaseMod","Minty Spire (QoL Compilation)","Replay The Spire","StSLib"],"gold_per_floor":[109,129,129,129,204,204,259,259,259,309,309,309,340,360,392,47,47,120,120,132,145,160,85,85,112,112,144,144,174,174,174,174,174,174,187,187,264,264,276,288,288,315,21,21,21,21,102,132,142,53,82,27,27,27,27],"floor_reached":56,"playtime":4344,"items_purged":["Regret"],"score":2055,"play_id":"7e4a180b-6e08-47bf-bfca-cdede3bde314","local_time":"20201213153551","is_ascension_mode":true,"campfire_choices":[{"floor":6.0,"key":"REST"},{"data":"Zap","floor":8.0,"key":"SMITH"},{"floor":17.0,"key":"REST"},{"floor":26.0,"key":"REST"},{"floor":30.0,"key":"DIG"},{"floor":33.0,"key":"DIG"},{"floor":36.0,"key":"REST"},{"floor":44.0,"key":"DIG"},{"floor":46.0,"key":"REST"},{"floor":53,"key":"DIG"}],"circlet_count":0,"master_deck":["AscendersBane","Strike_B","Defend_B","Defend_B","Defend_B","Defend_B","Zap+1","Dualcast","Compile Driver","Recycle+1","Buffer","BasicCrystalCard","Streamline","Defragment","Coolheaded","Multi-Cast","Go for the Eyes","Cold Snap","Coolheaded+1","Coolheaded","Stack","Reinforced Body+1","Redo","Stack","Turbo","Electrodynamics","ReplayTheSpireMod:Calculation Training","Scrape+1","Steam+1","Madness","Madness","Skim+1","Rainbow","Glacier","Compile Driver+1"],"relics":["FrozenCore","NeowsBlessing","StoneCalendar","Regal Pillow","Ornamental Fan","Iron Hammer","Shovel","Pantograph","ReplayTheSpireMod:CursedCoin","Honey Jar","Peace Pipe","Kunai","Molten Egg 2","Emotion Chip","Geode","Replay:Mystery Machine","Bronze Scales","Runic Capacitor","MealTicket","Replay:Bottled Flurry","Incense Burner","Strawberry","Letter Opener"],"acts_visited":["Exordium","TheCity","TheBeyond"],"potions_floor_usage":[48,48,51,54,55,55],"damage_taken":[{"damage":0.0,"enemies":"2 Louse","floor":1.0,"turns":1.0},{"damage":0.0,"enemies":"Small Slimes","floor":2.0,"turns":1.0},{"damage":0.0,"enemies":"Lagavulin","floor":13.0,"turns":2.0},{"damage":0.0,"enemies":"Cultist","floor":14.0,"turns":4.0},{"damage":28.0,"enemies":"3 Sentries","floor":15.0,"turns":7.0},{"damage":17.0,"enemies":"The Guardian","floor":18.0,"turns":9.0},{"damage":7.0,"enemies":"Shell Parasite","floor":20.0,"turns":3.0},{"damage":0.0,"enemies":"Spheric Guardian","floor":21.0,"turns":5.0},{"damage":17.0,"enemies":"Chosen and Byrds","floor":22.0,"turns":7.0},{"damage":9.0,"enemies":"Replay:Snechameleon","floor":25.0,"turns":6.0},{"damage":6.0,"enemies":"Gremlin Leader","floor":27.0,"turns":8.0},{"damage":0.0,"enemies":"Book of Stabbing","floor":29.0,"turns":7.0},{"damage":23.0,"enemies":"Centurion and Healer","floor":35.0,"turns":5.0},{"damage":39.0,"enemies":"Pondfish","floor":37.0,"turns":18.0},{"damage":11.0,"enemies":"Orb Walker","floor":39.0,"turns":4.0},{"damage":10.0,"enemies":"3 Darklings","floor":40.0,"turns":4.0},{"damage":31,"enemies":"Reptomancer","floor":48,"turns":8},{"damage":0,"enemies":"Spire Growth","floor":49,"turns":7},{"damage":0,"enemies":"Giant Head","floor":51,"turns":9},{"damage":5,"enemies":"Replay:Hell Engine","floor":54,"turns":16},{"damage":28,"enemies":"Awakened One","floor":55,"turns":16}],"seed_played":"-6408538812089244266","potions_obtained":[{"floor":14.0,"key":"SkillPotion"},{"floor":15.0,"key":"Adrenaline Potion"},{"floor":18.0,"key":"Dexterity Potion"},{"floor":22.0,"key":"Swift Potion"},{"floor":25.0,"key":"Dexterity Potion"},{"floor":27.0,"key":"Toxic Potion"},{"floor":29.0,"key":"Elixir"},{"floor":39.0,"key":"Languid Potion"},{"floor":48,"key":"FocusPotion"},{"floor":49,"key":"Strength Potion"}],"is_trial":false,"path_per_floor":["M","M","?","?","?","R","T","R","T","?","PTL","PTL","E","M","E","$","R","B",null,"M","M","M","?","?","E","R","E","T","E","R","PTL","PTL","R","?","M","R","B",null,"M","M","?","T","$","R","?","R","T","E","M","$","E","$","R","B","B",null],"character_chosen":"DEFECT","items_purchased":["Pantograph","Defragment","ReplayTheSpireMod:CursedCoin","Coolheaded","Runic Capacitor","DuplicationPotion","Steam+1","Glacier","SkillPotion"],"campfire_rested":5,"item_purchase_floors":[16,16,16,16,43,43,43,50,52],"current_hp_per_floor":[64,64,64,53,42,63,63,63,63,56,56,56,56,56,28,28,64,54,67,60,60,43,43,43,34,70,64,64,64,64,64,64,64,64,41,71,32,61,50,40,40,40,40,40,27,63,63,32,32,47,54,69,69,73,50],"gold":27,"neow_bonus":"THREE_ENEMY_KILL","is_daily":false,"chose_seed":false,"campfire_upgraded":1,"win_rate":0.0,"timestamp":1607844951,"path_taken":["M","M","?","?","?","R","?","R","T","?","PTL","PTL","E","?","E","$","R","BOSS","M","M","M","?","?","E","R","E","T","E","R","PTL","PTL","R","?","M","R","BOSS","M","M","?","?","$","R","?","R","T","E","M","$","E","?","R","BOSS","BOSS"],"items_purchased_type":["Relic","Card","Relic","Card","Relic","Potion","Card","Card","Potion"],"build_version":"2020-11-30","purchased_purges":1,"victory":true,"max_hp_per_floor":[71,71,71,71,71,71,71,71,71,71,71,71,71,71,71,71,71,71,71,71,71,71,71,71,71,71,71,71,71,71,71,71,71,71,71,71,71,71,71,71,71,71,71,71,71,71,71,71,71,71,78,78,78,78,78],"card_choices":[{"not_picked":["Rebound","Steam Power"],"picked":"Compile Driver","floor":1.0},{"not_picked":["Chaos","Beam Cell"],"picked":"Recycle","floor":2.0},{"not_picked":["Barrage","Chill"],"picked":"Buffer","floor":13.0},{"not_picked":["ReplayGash","Steam"],"picked":"BasicCrystalCard","floor":14.0},{"not_picked":["Biased Cognition","Barrage"],"picked":"Streamline","floor":15.0},{"not_picked":["Machine Learning","Hyperbeam"],"picked":"Multi-Cast","floor":18.0},{"not_picked":["Gash","Steam Power","Static Discharge"],"picked":"Go for the Eyes","floor":20.0},{"not_picked":["Barrage","Static Discharge","Lockon+1"],"picked":"Cold Snap","floor":21.0},{"not_picked":["Static Discharge","Ball Lightning+1","Compile Driver+1"],"picked":"Coolheaded+1","floor":22.0},{"not_picked":["Lockon+1","Beam Cell","Cold Snap"],"picked":"Coolheaded","floor":25.0},{"not_picked":["Panic Button","Coolheaded","BasicCrystalCard"],"picked":"Stack","floor":27.0},{"not_picked":["Compile Driver+1","White Noise","Panic Button"],"picked":"Reinforced Body+1","floor":29.0},{"not_picked":["Redo","Cold Snap+1","ReplayRNGCard"],"picked":"Turbo","floor":35.0},{"not_picked":["Rainbow","Buffer","Creative AI"],"picked":"Electrodynamics","floor":37.0},{"not_picked":["Barrage+1","Rebound+1","Beam Cell+1"],"picked":"ReplayTheSpireMod:Calculation Training","floor":39.0},{"not_picked":["Auto Shields","Conserve Battery","Panic Button"],"picked":"Scrape+1","floor":40.0},{"not_picked":["Rebound+1","Streamline+1","Barrage+1"],"picked":"Skim+1","floor":48},{"not_picked":["Turbo","Steam","Barrage+1"],"picked":"Rainbow","floor":49},{"not_picked":["Hologram","Skim+1","Melter+1"],"picked":"Compile Driver+1","floor":51}],"player_experience":575775,"relics_obtained":[{"floor":7.0,"key":"Regal Pillow"},{"floor":9.0,"key":"Ornamental Fan"},{"floor":13.0,"key":"Iron Hammer"},{"floor":15.0,"key":"Shovel"},{"floor":25.0,"key":"Peace Pipe"},{"floor":27.0,"key":"Kunai"},{"floor":28.0,"key":"Molten Egg 2"},{"floor":29.0,"key":"Emotion Chip"},{"floor":30.0,"key":"Geode"},{"floor":33.0,"key":"Replay:Mystery Machine"},{"floor":42.0,"key":"Bronze Scales"},{"floor":44.0,"key":"MealTicket"},{"floor":47.0,"key":"Replay:Bottled Flurry"},{"floor":48,"key":"Incense Burner"},{"floor":51,"key":"Strawberry"},{"floor":53,"key":"Letter Opener"}],"event_choices":[{"damage_healed":0.0,"max_hp_gain":0.0,"max_hp_loss":0.0,"gold_gain":0.0,"event_name":"Living Wall","player_choice":"Grow","floor":3.0,"gold_loss":0.0,"damage_taken":0.0,"cards_upgraded":["Recycle"]},{"damage_healed":0.0,"max_hp_gain":0.0,"max_hp_loss":0.0,"gold_gain":0.0,"event_name":"Scrap Ooze","player_choice":"Success","floor":4.0,"gold_loss":0.0,"damage_taken":11.0,"relics_obtained":["StoneCalendar"]},{"damage_healed":0.0,"max_hp_gain":0.0,"max_hp_loss":0.0,"gold_gain":75.0,"event_name":"World of Goop","player_choice":"Gather Gold","floor":5.0,"gold_loss":0.0,"damage_taken":11.0},{"damage_healed":0.0,"max_hp_gain":0.0,"max_hp_loss":0.0,"gold_gain":50.0,"event_name":"FaceTrader","player_choice":"Touch","floor":10.0,"gold_loss":0.0,"damage_taken":7.0},{"cards_removed":["Strike_B"],"damage_healed":0.0,"max_hp_gain":0.0,"max_hp_loss":0.0,"gold_gain":0.0,"event_name":"Beggar","player_choice":"Gave Gold","floor":23.0,"gold_loss":75.0,"damage_taken":0.0},{"damage_healed":0.0,"max_hp_gain":0.0,"max_hp_loss":0.0,"gold_gain":0.0,"event_name":"Ghosts","player_choice":"Ignored","floor":24.0,"gold_loss":0.0,"damage_taken":0.0},{"damage_healed":0.0,"max_hp_gain":0.0,"max_hp_loss":0.0,"gold_gain":0.0,"cards_transformed":["Strike_B","Strike_B"],"event_name":"Drug Dealer","player_choice":"Became Test Subject","floor":34.0,"gold_loss":0.0,"damage_taken":0.0,"cards_obtained":["Redo","Stack"]},{"damage_healed":0.0,"max_hp_gain":0.0,"max_hp_loss":0.0,"gold_gain":0.0,"event_name":"Tomb of Lord Red Mask","player_choice":"Ignored","floor":41.0,"gold_loss":0.0,"damage_taken":0.0},{"damage_healed":0.0,"max_hp_gain":0.0,"max_hp_loss":0.0,"gold_gain":0.0,"event_name":"Winding Halls","player_choice":"Embrace Madness","floor":45.0,"gold_loss":0.0,"damage_taken":13.0,"cards_obtained":["Madness","Madness"]}],"is_beta":false,"boss_relics":[{"not_picked":["Sozu","Empty Cage"],"picked":"Honey Jar"},{"not_picked":["Velvet Choker","Tiny House"],"picked":"FrozenCore"}],"items_purged_floors":[16],"is_endless":false,"potions_floor_spawned":[14,15,18,22,25,27,29,39,48,49],"ascension_level":20}}