{"host":"dl5mjdlimopbuch5","time":1607900270,"event":{"mods":["AchievementEnabler","BaseMod","Colored Powertips","Googly Eyes","Minty Spire (QoL Compilation)","Quick Restart"],"gold_per_floor":[111,111,111,122,122,152,164,202,202,212,212,212,241,95,95,209,218,230,329,21,30,30,30,46,60,60,60,73,73,92,92,92,197,197,216,228,246,260,260,260,272,272,298,313,326,339,368,278,278,278],"floor_reached":51,"playtime":1377,"items_purged":[],"score":809,"play_id":"1766cd29-baf6-40ea-9e1e-6261b6eee1ae","local_time":"20201213225750","is_ascension_mode":true,"campfire_choices":[{"data":"Whirlwind","floor":12.0,"key":"SMITH"},{"floor":15.0,"key":"REST"},{"data":"Demon Form","floor":23.0,"key":"SMITH"},{"floor":32.0,"key":"REST"},{"floor":40,"key":"REST"},{"floor":49,"key":"REST"}],"circlet_count":0,"master_deck":["Strike_R","Strike_R","Strike_R+1","Strike_R","Strike_R","Defend_R","Defend_R","Defend_R","Defend_R","Bash","Heavy Blade+1","Whirlwind+1","Seeing Red+1","Spot Weakness+1","Shrug It Off+1","Demon Form+1","CurseOfTheBell","Apotheosis+1","Seeing Red+1","Offering+1","Parasite"],"relics":["Burning Blood","NeowsBlessing","Meat on the Bone","Toxic Egg 2","WarpedTongs","Red Skull","CeramicFish","Question Card","Lantern","Calling Bell","Anchor","Ornamental Fan","Pocketwatch","Lee\u0027s Waffle","Girya","MutagenicStrength","HornCleat","Fusion Hammer","MealTicket"],"acts_visited":["Exordium","TheCity","TheBeyond"],"potions_floor_usage":[33,50,50,50],"damage_taken":[{"damage":0.0,"enemies":"Small Slimes","floor":1.0,"turns":1.0},{"damage":0.0,"enemies":"Jaw Worm","floor":4.0,"turns":1.0},{"damage":0.0,"enemies":"Lagavulin","floor":6.0,"turns":1.0},{"damage":15.0,"enemies":"Cultist","floor":7.0,"turns":4.0},{"damage":37.0,"enemies":"Gremlin Nob","floor":8.0,"turns":4.0},{"damage":12.0,"enemies":"Looter","floor":10.0,"turns":3.0},{"damage":19.0,"enemies":"Exordium Thugs","floor":13.0,"turns":3.0},{"damage":38.0,"enemies":"The Guardian","floor":16.0,"turns":8.0},{"damage":8.0,"enemies":"Chosen","floor":18.0,"turns":4.0},{"damage":5.0,"enemies":"3 Byrds","floor":24.0,"turns":3.0},{"damage":19.0,"enemies":"Shelled Parasite and Fungi","floor":25.0,"turns":4.0},{"damage":14.0,"enemies":"Snake Plant","floor":28.0,"turns":2.0},{"damage":40.0,"enemies":"Cultist and Chosen","floor":30.0,"turns":6.0},{"damage":19,"enemies":"Automaton","floor":33,"turns":6},{"damage":6,"enemies":"3 Darklings","floor":35,"turns":2},{"damage":13,"enemies":"3 Shapes","floor":36,"turns":3},{"damage":13,"enemies":"3 Darklings","floor":37,"turns":4},{"damage":40,"enemies":"Maw","floor":38,"turns":6},{"damage":21,"enemies":"Jaw Worm Horde","floor":41,"turns":3},{"damage":20,"enemies":"Spire Growth","floor":44,"turns":3},{"damage":31,"enemies":"4 Shapes","floor":45,"turns":1},{"damage":32,"enemies":"3 Darklings","floor":46,"turns":6},{"damage":16,"enemies":"Writhing Mass","floor":47,"turns":5},{"damage":54,"enemies":"Donu and Deca","floor":50,"turns":7}],"seed_played":"-2734347667395463894","potions_obtained":[{"floor":6.0,"key":"Ancient Potion"},{"floor":7.0,"key":"SkillPotion"},{"floor":10.0,"key":"Energy Potion"},{"floor":28.0,"key":"EssenceOfSteel"},{"floor":35,"key":"EssenceOfSteel"},{"floor":47,"key":"SteroidPotion"}],"is_trial":false,"path_per_floor":["M","?","T","M","?","E","M","E","T","M","?","R","M","$","R","B",null,"M","?","$","?","?","R","M","M","T","?","M","?","M","T","R","B",null,"M","M","M","M","?","R","M","?","T","M","M","M","M","?","R","B",null],"character_chosen":"IRONCLAD","items_purchased":["Lantern","Lee\u0027s Waffle","Apotheosis+1"],"campfire_rested":4,"item_purchase_floors":[14,20,20],"current_hp_per_floor":[80,80,80,80,80,80,71,52,52,58,58,58,57,57,80,48,80,78,78,87,87,87,87,87,74,74,74,66,66,44,44,70,57,87,87,80,73,51,51,77,62,62,62,60,47,33,35,35,61,25],"gold":278,"neow_bonus":"THREE_ENEMY_KILL","is_daily":false,"chose_seed":false,"campfire_upgraded":2,"win_rate":0.0,"timestamp":1607900270,"path_taken":["M","?","?","M","?","E","M","E","T","?","?","R","M","?","R","BOSS","M","?","$","?","?","R","M","M","T","?","M","?","?","?","R","BOSS","M","M","?","M","?","R","M","?","T","M","M","M","?","?","R","BOSS"],"items_purchased_type":["Relic","Relic","Card"],"build_version":"2020-11-30","purchased_purges":0,"victory":true,"max_hp_per_floor":[80,80,80,80,80,80,80,80,80,80,80,80,80,80,80,80,80,80,80,87,87,87,87,87,87,87,87,87,87,87,87,87,87,87,87,87,87,87,87,87,87,87,87,87,87,87,87,87,87,87],"card_choices":[{"not_picked":["Armaments","Wild Strike"],"picked":"Heavy Blade","floor":1.0},{"not_picked":["Evolve","Anger"],"picked":"Whirlwind","floor":4.0},{"not_picked":["Burning Pact+1","Warcry+1"],"picked":"Seeing Red+1","floor":6.0},{"not_picked":["Twin Strike","Havoc+1","Headbutt"],"picked":"SKIP","floor":7.0},{"not_picked":["Cleave","Flame Barrier+1"],"picked":"Spot Weakness+1","floor":8.0},{"not_picked":["Headbutt","Armaments+1","Reckless Charge","Disarm+1"],"picked":"SKIP","floor":10.0},{"not_picked":["Headbutt","Rage+1","Cleave"],"picked":"Shrug It Off+1","floor":13.0},{"not_picked":["Fiend Fire","Exhume+1","Barricade"],"picked":"Demon Form","floor":16.0},{"not_picked":["Carnage","Havoc+1","Headbutt","Sword Boomerang+1"],"picked":"SKIP","floor":18.0},{"not_picked":["Reckless Charge+1","Rage+1","Warcry+1","Shrug It Off+1"],"picked":"SKIP","floor":24.0},{"not_picked":["Havoc+1","Flex+1","Reckless Charge+1","Thunderclap"],"picked":"SKIP","floor":25.0},{"not_picked":["Body Slam+1","Clash","Disarm+1","Carnage"],"picked":"SKIP","floor":28.0},{"not_picked":["Cleave","Perfected Strike","Twin Strike","Disarm+1"],"picked":"SKIP","floor":30.0},{"not_picked":["Feed","Corruption","Reaper"],"picked":"Offering+1","floor":33},{"not_picked":["Warcry+1","Shrug It Off+1","Bloodletting+1","Twin Strike"],"picked":"SKIP","floor":35},{"not_picked":["Fiend Fire","Dropkick","Body Slam","Thunderclap+1"],"picked":"SKIP","floor":36},{"not_picked":["Sword Boomerang+1","Second Wind+1","Dual Wield+1","Uppercut"],"picked":"SKIP","floor":37},{"not_picked":["Iron Wave","Body Slam","Disarm+1","Sword Boomerang+1"],"picked":"SKIP","floor":38},{"not_picked":["Pummel","Cleave+1","Body Slam+1","Headbutt+1"],"picked":"SKIP","floor":41},{"not_picked":["Juggernaut","Body Slam+1","Dual Wield+1","Heavy Blade+1"],"picked":"SKIP","floor":44},{"not_picked":["Thunderclap","Twin Strike+1","Iron Wave+1","Cleave"],"picked":"SKIP","floor":45},{"not_picked":["Flame Barrier+1","Shrug It Off+1","Pommel Strike","Sever Soul+1"],"picked":"SKIP","floor":46},{"not_picked":["Clothesline+1","Reaper","Wild Strike","Disarm+1"],"picked":"SKIP","floor":47}],"player_experience":216968,"relics_obtained":[{"floor":3.0,"key":"Toxic Egg 2"},{"floor":6.0,"key":"Red Skull"},{"floor":8.0,"key":"CeramicFish"},{"floor":9.0,"key":"Question Card"},{"floor":17.0,"key":"Anchor"},{"floor":17.0,"key":"Ornamental Fan"},{"floor":17.0,"key":"Pocketwatch"},{"floor":26.0,"key":"Girya"},{"floor":31.0,"key":"HornCleat"},{"floor":43,"key":"MealTicket"}],"event_choices":[{"damage_healed":0.0,"max_hp_gain":0.0,"max_hp_loss":0.0,"gold_gain":0.0,"event_name":"Big Fish","player_choice":"Box","floor":2.0,"gold_loss":0.0,"damage_taken":0.0,"relics_obtained":["Meat on the Bone"],"cards_obtained":["Regret"]},{"damage_healed":0.0,"max_hp_gain":0.0,"max_hp_loss":0.0,"gold_gain":0.0,"event_name":"Accursed Blacksmith","player_choice":"Rummage","floor":5.0,"gold_loss":0.0,"damage_taken":0.0,"relics_obtained":["WarpedTongs"],"cards_obtained":["Pain"]},{"damage_healed":0.0,"max_hp_gain":0.0,"max_hp_loss":0.0,"gold_gain":0.0,"event_name":"Upgrade Shrine","player_choice":"Upgraded","floor":11.0,"gold_loss":0.0,"damage_taken":0.0,"cards_upgraded":["Heavy Blade"]},{"damage_healed":0.0,"max_hp_gain":0.0,"max_hp_loss":0.0,"gold_gain":99.0,"event_name":"Nest","player_choice":"Stole From Cult","floor":19.0,"gold_loss":0.0,"damage_taken":0.0},{"damage_healed":0.0,"max_hp_gain":0.0,"max_hp_loss":0.0,"gold_gain":0.0,"event_name":"The Library","player_choice":"Read","floor":21.0,"gold_loss":0.0,"damage_taken":0.0,"cards_obtained":["Seeing Red"]},{"damage_healed":0.0,"max_hp_gain":0.0,"max_hp_loss":0.0,"gold_gain":0.0,"event_name":"Vampires","player_choice":"Ignored","floor":22.0,"gold_loss":0.0,"damage_taken":0.0},{"damage_healed":0.0,"max_hp_gain":0.0,"max_hp_loss":0.0,"gold_gain":0.0,"event_name":"Drug Dealer","player_choice":"Inject Mutagens","floor":27.0,"gold_loss":0.0,"damage_taken":0.0,"relics_obtained":["MutagenicStrength"]},{"cards_removed":["Regret"],"damage_healed":0.0,"max_hp_gain":0.0,"max_hp_loss":0.0,"gold_gain":0.0,"event_name":"Purifier","player_choice":"Purged","floor":29.0,"gold_loss":0.0,"damage_taken":0.0},{"damage_healed":0,"gold_gain":0,"player_choice":"Ignored","damage_taken":0,"max_hp_gain":0,"max_hp_loss":0,"event_name":"Tomb of Lord Red Mask","floor":39,"gold_loss":0},{"damage_healed":0,"gold_gain":0,"player_choice":"Memory 1","damage_taken":0,"max_hp_gain":0,"max_hp_loss":0,"event_name":"SensoryStone","floor":42,"gold_loss":0},{"cards_removed":["Pain"],"damage_healed":0,"gold_gain":0,"player_choice":"Upgrade and Remove","damage_taken":0,"max_hp_gain":0,"max_hp_loss":0,"event_name":"Designer","floor":48,"gold_loss":90,"cards_upgraded":["Strike_R"]}],"is_beta":false,"boss_relics":[{"not_picked":["Philosopher\u0027s Stone","Runic Dome"],"picked":"Calling Bell"},{"not_picked":["Runic Cube","Astrolabe"],"picked":"Fusion Hammer"}],"items_purged_floors":[],"is_endless":false,"potions_floor_spawned":[6,7,10,28,35,47],"ascension_level":3}}