{"host":"p7j7o00jacnw7qzt","time":1607879391,"event":{"mods":["BaseMod","Colored Map","Colored Powertips","DeckTracker","Highlight Path","Minty Spire (QoL Compilation)","Relic Stats"],"gold_per_floor":[113,113,113,188,206,206,226,239,265,285,38,38,61,79,79,173,173,187,187,212,212,237,237,251,265,288,312,312,127,127,142,142,142,142],"floor_reached":33,"playtime":2260,"items_purged":["Strike_R","Strike_R"],"score":536,"play_id":"cdfdbb53-c86a-4200-a6d2-fa4ba17a10f2","local_time":"20201213120951","is_ascension_mode":true,"campfire_choices":[{"floor":6.0,"key":"REST"},{"data":"Armaments","floor":12.0,"key":"SMITH"},{"data":"Burning Pact","floor":15.0,"key":"SMITH"},{"data":"Dark Embrace","floor":23.0,"key":"SMITH"},{"data":"Shockwave","floor":32,"key":"SMITH"}],"circlet_count":0,"master_deck":["AscendersBane","Strike_R","Strike_R","Strike_R","Defend_R","Defend_R","Defend_R","Defend_R","Bash","Shrug It Off","Sentinel","Dark Embrace+1","Burning Pact+1","Battle Trance","Shockwave+1","Warcry","Armaments+1","Second Wind","Feed","Bloodletting","Shrug It Off","Ghostly","Ghostly","Ghostly","Shrug It Off","Sentinel","Havoc","Decay","Berserk"],"relics":["Burning Blood","Dead Branch","Golden Idol","Orrery","Runic Dome","CultistMask","Nunchaku"],"acts_visited":["Exordium","TheCity"],"potions_floor_usage":[28,33],"damage_taken":[{"damage":11.0,"enemies":"Jaw Worm","floor":1.0,"turns":7.0},{"damage":10.0,"enemies":"Small Slimes","floor":5.0,"turns":3.0},{"damage":2.0,"enemies":"2 Louse","floor":7.0,"turns":3.0},{"damage":3.0,"enemies":"Blue Slaver","floor":8.0,"turns":8.0},{"damage":7.0,"enemies":"2 Fungi Beasts","floor":10.0,"turns":7.0},{"damage":10.0,"enemies":"Red Slaver","floor":13.0,"turns":6.0},{"damage":0.0,"enemies":"Large Slime","floor":14.0,"turns":4.0},{"damage":64.0,"enemies":"Hexaghost","floor":16.0,"turns":10.0},{"damage":16.0,"enemies":"Shell Parasite","floor":18.0,"turns":4.0},{"damage":9.0,"enemies":"Chosen","floor":20.0,"turns":3.0},{"damage":13.0,"enemies":"3 Cultists","floor":22.0,"turns":7.0},{"damage":10.0,"enemies":"Snake Plant","floor":24.0,"turns":5.0},{"damage":6.0,"enemies":"Centurion and Healer","floor":25.0,"turns":7.0},{"damage":3.0,"enemies":"Snecko","floor":27.0,"turns":3.0},{"damage":7,"enemies":"Colosseum Slavers","floor":28,"turns":2},{"damage":4,"enemies":"Cultist and Chosen","floor":31,"turns":4},{"damage":65,"enemies":"Automaton","floor":33,"turns":6}],"seed_played":"8001247447731843395","potions_obtained":[{"floor":5.0,"key":"FairyPotion"},{"floor":13.0,"key":"Weak Potion"},{"floor":14.0,"key":"Swift Potion"},{"floor":16.0,"key":"Explosive Potion"},{"floor":22.0,"key":"Strength Potion"},{"floor":24.0,"key":"FearPotion"},{"floor":25.0,"key":"ElixirPotion"}],"is_trial":false,"path_per_floor":["M","?","?","?","M","R","M","M","T","M","$","R","M","M","R","B",null,"M","?","M","?","M","R","M","M","T","M","?","$","?","M","R","B"],"character_chosen":"IRONCLAD","items_purchased":["Orrery","PowerPotion","Havoc"],"campfire_rested":1,"item_purchase_floors":[11,29,29],"current_hp_per_floor":[63,40,40,29,25,45,49,52,52,51,51,51,47,53,53,19,56,50,50,47,36,32,32,32,36,36,42,41,41,41,43,43,0,0],"gold":142,"neow_bonus":"ONE_RARE_RELIC","is_daily":false,"chose_seed":false,"campfire_upgraded":4,"win_rate":0.0,"timestamp":1607879391,"path_taken":["M","?","?","?","M","R","M","M","T","M","$","R","?","M","R","BOSS","M","?","?","?","M","R","M","M","T","M","?","$","?","M","R","BOSS"],"items_purchased_type":["Relic","Potion","Card"],"build_version":"2020-11-30","purchased_purges":2,"victory":false,"max_hp_per_floor":[68,68,68,68,68,68,68,68,68,68,68,68,68,68,68,68,68,72,72,72,36,39,39,43,47,47,50,50,50,50,50,50,50,50],"relic_stats":{"Nunchaku":[4],"counters":[17,89],"Golden Idol":70,"Dead Branch":[209],"obtain_stats":[{"Runic Dome":17,"Nunchaku":26,"Golden Idol":2,"Dead Branch":0,"Orrery":11,"CultistMask":19,"Burning Blood":0},{"Runic Dome":8,"Nunchaku":13,"Golden Idol":1,"Dead Branch":0,"Orrery":5,"CultistMask":9,"Burning Blood":0},{"Runic Dome":48,"Nunchaku":74,"Golden Idol":7,"Dead Branch":0,"Orrery":28,"CultistMask":52,"Burning Blood":0}],"Burning Blood":96},"card_choices":[{"not_picked":["Iron Wave","Clash","Metallicize"],"picked":"SKIP","floor":1.0},{"not_picked":["Body Slam","Twin Strike"],"picked":"Shrug It Off","floor":5.0},{"not_picked":["Heavy Blade","Clothesline"],"picked":"Sentinel","floor":7.0},{"not_picked":["Reckless Charge","Flex"],"picked":"Dark Embrace","floor":8.0},{"not_picked":["Armaments","Flame Barrier"],"picked":"Burning Pact","floor":10.0},{"not_picked":["Clash","Perfected Strike"],"picked":"Battle Trance","floor":11.0},{"not_picked":["Combust","Seeing Red"],"picked":"Shockwave","floor":11.0},{"not_picked":["Metallicize","Juggernaut"],"picked":"Warcry","floor":11.0},{"not_picked":["Power Through","Clothesline"],"picked":"Armaments","floor":11.0},{"not_picked":["Perfected Strike","Twin Strike"],"picked":"Second Wind","floor":13.0},{"not_picked":["Thunderclap","Uppercut","Perfected Strike"],"picked":"SKIP","floor":14.0},{"not_picked":["Demon Form","Bludgeon"],"picked":"Feed","floor":16.0},{"not_picked":["Sword Boomerang","Rage"],"picked":"Bloodletting","floor":18.0},{"not_picked":["Sword Boomerang+1","Flame Barrier"],"picked":"Shrug It Off","floor":20.0},{"not_picked":["Sword Boomerang","Anger","Carnage+1"],"picked":"SKIP","floor":22.0},{"not_picked":["Inflame","Clothesline"],"picked":"Shrug It Off","floor":24.0},{"not_picked":["Searing Blow","Cleave"],"picked":"Sentinel","floor":25.0},{"not_picked":["Headbutt+1","Flex","Reckless Charge"],"picked":"SKIP","floor":27.0},{"not_picked":["Pommel Strike","Infernal Blade+1"],"picked":"Berserk","floor":31}],"player_experience":829561,"relics_obtained":[{"floor":26.0,"key":"Nunchaku"}],"event_choices":[{"damage_healed":0.0,"max_hp_gain":0.0,"max_hp_loss":0.0,"gold_gain":0.0,"event_name":"Golden Idol","player_choice":"Take Damage","floor":2.0,"gold_loss":0.0,"damage_taken":23.0,"relics_obtained":["Golden Idol"]},{"damage_healed":0.0,"max_hp_gain":0.0,"max_hp_loss":0.0,"gold_gain":0.0,"event_name":"Liars Game","player_choice":"Ignored","floor":3.0,"gold_loss":0.0,"damage_taken":0.0},{"damage_healed":0.0,"max_hp_gain":0.0,"max_hp_loss":0.0,"gold_gain":75.0,"event_name":"World of Goop","player_choice":"Gather Gold","floor":4.0,"gold_loss":0.0,"damage_taken":11.0},{"damage_healed":0.0,"max_hp_gain":0.0,"max_hp_loss":0.0,"gold_gain":0.0,"event_name":"FaceTrader","player_choice":"Trade","floor":19.0,"gold_loss":0.0,"damage_taken":0.0,"relics_obtained":["CultistMask"]},{"damage_healed":0.0,"max_hp_gain":0.0,"max_hp_loss":36.0,"gold_gain":0.0,"event_name":"Ghosts","player_choice":"Became a Ghost","floor":21.0,"gold_loss":0.0,"damage_taken":0.0,"cards_obtained":["Ghostly","Ghostly","Ghostly"]},{"damage_healed":0,"gold_gain":0,"player_choice":"Fight","damage_taken":0,"max_hp_gain":0,"max_hp_loss":0,"event_name":"Colosseum","floor":28,"gold_loss":0},{"damage_healed":0,"gold_gain":0,"player_choice":"Fled From Nobs","damage_taken":0,"max_hp_gain":0,"max_hp_loss":0,"event_name":"Colosseum","floor":28,"gold_loss":0},{"damage_healed":0,"gold_gain":0,"player_choice":"Cursed","damage_taken":0,"max_hp_gain":0,"max_hp_loss":0,"event_name":"Wheel of Change","floor":30,"gold_loss":0,"cards_obtained":["Decay"]}],"is_beta":false,"boss_relics":[{"not_picked":["Coffee Dripper","Mark of Pain"],"picked":"Runic Dome"}],"items_purged_floors":[11,29],"is_endless":false,"potions_floor_spawned":[5,13,14,16,22,24,25,28],"killed_by":"Automaton","ascension_level":20}}